7050 4600
5326 246 5818 559 G.C.H.F.P.
2112 282 3662 583 HATAGHT Owiaaai
538 381 724 520 G.C.P.
3247 541 3436 721 xx
2331 526 3163 784 Monsieur :
1913 946 4235 1141 einactigen Plaudereien aus Ihrem Buch: EINE FRAGE AN DAS
2634 1117 3716 1253 WeIHNACHTS—AUSVER etc.AUF "
3812 1081 4352 1250 - - "EPISODE
1916 1150 2430 1289 SCHICKSAL
1931 1283 4220 1421 DAS ABSCHIEDSSOUPER AM HOCHZEITSMORGEN ", und
1919 1424 4187 1547 glaube, dass es leicht gelingen könnte, durch Hinzufügung
1925 1565 4154 1703 einzelner Sätze, besonders in das erste und letzte Stück
1937 1733 4328 1847 dieser Marie einen inneren Halt und volle Abründung zu geben.
2334 1847 4169 1994 A ist mit Begeisterung bereit, den ANATOL bei
1910 1913 2175 2010 MITTER
2334 1967 2625 2061 cʼest lʼhonneur de ses
1925 2031 4328 2211 seinem, den ganzen Monat April umfassenden Gastspiel zur Dar¬
1925 2148 4334 2316 stellung zu bringen, und ich bitte freundlichst um Nachricht,
1925 2328 3647 2478 wie Sie sich zu dieser Idee stellen würden.
3454 2439 4208 2586 Mit besten Grüssen
3562 2592 4136 2730 Ihr ergebener
3073 2799 4455 3049 N.o.C.Bermanthal
