6216 4600
2391 282 3956 499 LESSING-THEATER.
517 436 784 592 G.C.F.P.
2616 502 3749 679 DIRECTOR: DR. Oscar BlUMENTHAL.
3019 709 3355 868 „S„
2839 913 4593 1126 Berlin, N.W. (40), den 14. NOVEMBER 1896
2640 1703 3448 1886 Werther Herr Doctor!
2160 1811 4572 2040 Während meiner Anwesenheit in Wien habe ich leider keine Ge-
2175 1988 4449 2178 legenheit gefunden, Sie zu sehen und möchte Ihnen deshalb
2175 2130 4563 2373 auf diesem Wege eine Idee unterbreiten, die ich zunächst mit
2172 2325 4593 2463 Friedrich Mitterwurzer besprochen habe, und zwar mit begeist-
2205 2469 4608 2616 erter Zustimmung von seiner Seite. Da bei dem Einlaster-Cyclus
2199 2628 4455 2830 MORITURI "Dass PÜblikum sich geneigt gefunden hat, eine
2190 2784 4608 2935 Reihe von einactigen dramatischen Genrebildern für ein Ganzes
2193 2914 4467 3091 zu nehmen, wenn sie auch nur durch einen losen Faden mit
2187 3067 4443 3208 einander verknüpft sind, so ist mir der Gedanke gekommen,
3451 3214 4611 3373 " in ähnlicher Weise für das
2187 3250 3463 3415 ob nicht Ihr prächtiger " ANATOL
3454 3322 3623 3424 du feuilleur de ses
2199 3394 4500 3535 Theater erobert werden könnte. Ich denke mir unter dem Ge¬
2193 3523 4539 3689 sammt-Titel " ANATOL", fünf Capitel aus einem Liebesleben
2187 3653 4461 3827 von ARTHUR SCHNITZLER, eine Zusammenfassung etwa der fünf
5509 640 5677 781 .3.
5491 769 5683 943 G.C.F.P.
5476 2589 5704 2730 sse 'S
4941 2703 5362 2860 21. rxjusja
5479 2697 5710 2860 838.9
5482 2842 5743 2986 S.H.F.
5037 2935 5755 3142 et eiua soe'ee
5001 3067 5737 3256 T S20:2
