5991 4647
2311 346 3615 613 SESSING-THEATER.
2408 531 3468 717 DIRECTOR: DR. Oscar BlUMENTHAL:
4665 506 5109 729 1 „ „ 1 „
707 553 883 666 1.°
2729 654 3040 839 xx
3012 843 4181 990 BERLin N.W. (40), den 12. Mai 1897.
2993 959 4081 1110 z. Zeit : LAUTEN bei ISCHL.
2436 1386 3197 1556 ehr geehrter Herr!
1899 1506 4282 1716 Es würde mir eine grosse Freude machen, wenn Sie mir für die
1902 1685 4348 1883 nächste Spielzeit des " LESSING-THEATERS " —die letzte unter
1889 1823 4392 2034 meiner Direction — ein neues Bühnenwerk aus Ihrer Feder anver¬
1908 1915 4442 2175 trauen würden. Ich gestatte mir, Sie darauf aufmerksam zu machen
1921 2109 4338 2320 dass gerade in der nächsten Saison sich der schauspielerische
1902 2213 4426 2440 Besitzstand des " LESSING-THEATERS" durch eine Anzahl von sehr
1927 2396 4282 2606 vielverheissenden Neu-Engagements beträchtlich vermehrt hat.
1933 2578 4313 2748 Es worden in den Verband des " LESSING-THEATERS " vom ersten
1930 2726 4389 2877 September ab neu eintreten; ADOLF KLEIN vom Königlichen Schau¬
5275 2738 5514 2889 Sse's
1940 2820 4464 3034 spielhaus; VILLY RO:LAND, ALFRED HALM undHERRMANN VALLENTIN van
4760 2729 5171 2987 Ilmoit
5294 2855 5527 3015 638.9
2015 2977 4332 3153 Theater des Westens " ;PAULA CARISEN vom “Neuen Theater“;
5266 2961 5546 3131 V. A.
4816 3084 5564 3292 (V.O.I.V.H.J.T.I
1940 3137 4452 3317 META JLLING vom " Deutschen Theater " in München; MATHIEU PTEIL
4813 3229 5527 3383 L'ŒltLjT S20:2
1952 3298 4304 3483 vom " Irving Place-Theatre " in New-York; ALBERT ULLRICH vom
1981 3446 4442 3637 "Hoftheater " in Meiningen. LOUISE DUMONT wird nach einem neuen
1968 3565 4486 3769 Uebereinkommen schon von Mitte October ab dem " LESSING--THEATER"
1977 3716 4263 3961 zur Verfügung stehen, und JENchen GROSS schon in der ersten
