6330 4600
513 319 814 492 G.C.F.P.
1615 322 1831 492 1.
2550 333 3934 538 LESSING-THEATE'R.
3070 549 3396 637 DIRECTOR:
2865 567 3612 729 DR. Oscar BlUMENTHAL.
3116 694 3361 839 Aufgenommen sekä Oulunen.
3315 811 4859 1062 Berlin N. W. den 15. Dezember 1831
3396 963 3952 1115 Friedrich-Carl-Ufer.
2769 1243 3803 1526 Sehr geehrter Herr!
2213 1696 4883 1919 Ihr Schauspiel „Das Märchen“ habe ich mit allem
2107 1849 4752 2061 Interesse gelesen und bin auch bereit, es in der
2107 1958 4926 2157 nächsten Saison mit Herrn Emanuel Reicher in
2125 2118 4972 2330 der schwierigen und leider auch recht unerfreulichen
2160 2227 4975 2472 Rolle des Fedor Denner zur Darstellung zu bringen.
2171 2373 4894 2610 Sehr wünschte ich aber, daß Sie die Zwischenzeit be¬
2142 2532 4944 2723 nutzten, um das Stück noch recht liebevoll auszubau-
2153 2631 4901 2808 en und es von einer Ueberfracht von reflexionen
2142 2776 4944 3010 und Nebenscenen zu befreien, um dafür die Haupt¬
2153 2957 4954 3138 momente desto wirksamer und plastischer hervortreten
2142 3038 4805 3269 zu lassen. Nicht überall ist es Ihnen gelungen, aus
2146 3177 4919 3368 der didaktischen Betrachtung heraus Ihren Stoff in Leben
2125 3308 4901 3555 und Anschauung undzusetzen. Besonders im zweiten
2118 3467 4894 3672 Akte macht sich die Mattheit des dramatischen Puls¬
2125 3623 4908 3825 schlages geltend obwohl gerade hier in der Begegnung
2132 3711 4919 3934 zwischen Fedor und Friedrich Witte Gelegenheit ge¬
2153 3856 4929 4033 nug geboten ist, den Stoff zu einer großen drama¬
2150 3998 3945 4221 tischen Erregung emporzuführen.
5602 1087 5832 1232 82039
5606 2486 5857 2624 sse's
5184 2532 5482 2759 P8
5606 2596 5850 2776 M.S.8
5620 2737 5875 2911 xx
5142 2829 5886 3021 ,V.,, -J.V.J..soe.'8P
4975 2968 5574 3184 ou russeptjat
5627 2992 5857 3180 220:2
