3880 3608
530 921 816 1029 d. nebnd-meld
325 1020 917 1100 hann xxx aus xxx
355 1080 1073 1155 ihm xxx gttuslxev nenntl do
328 1133 635 1213 "ssz" me doit
1098 1132 1220 1190 gne d
447 1172 786 1242 "elbönck" als
1077 1178 1345 1238 ab. oder f
1580 1174 1689 1235 estig
1059 1222 1359 1290 Lehtgömagne
449 1220 722 1282 V.A.M. M. D.
1080 1268 1380 1325 G.C.F.H. Nr. N.P.
294 1250 807 1345 Ikow elz als xxx
495 1316 1384 1373 nabrew miez mebeldoged namok mef
484 1355 1256 1435 ffel xxx andl xxx xxx
862 1399 1023 1479 G.H.F.F:H.H:F:
523 1763 662 1827 G.H.
466 1807 718 1873 G.C.H.P.
553 1852 777 1914 nay ea8s
316 1946 426 1997 - Ze
277 1974 612 2052 Pieterleiten
298 2033 557 2098 G.A.S.F. N.
364 2074 589 2146 ne mai¬
355 2121 647 2189 ¬sd se jai
766 2118 1137 2187 tors ou de mai-
303 2175 1224 2235 am nz negasiletaina xxxnäwegxxx
357 2214 1233 2270 Innngbastb reb reduregeg meiofra
353 2258 1169 2336 res, maslussi rolkeriä alv-s-alv
381 2306 1320 2370 nenoleig hab xxx nexxnumbsten ohne
1469 2345 1614 2407 sion dans
378 2350 1410 2407 se, sie ihre frowen elb noifxxsliak Tor-
378 2386 1697 2446 ebo rham mehrfift taws do, mein noch mit xxxmmxxx
330 2439 1676 2501 erxxx mich nedtxxx mussa saasKöb mi regine-
348 2487 1694 2544 einem ca. xxxlewre xxxewion xxx mehe as stifos -
348 2528 1703 2597 als, xxxasstov einbmätsrevath zul. Ilsntheve der
465 2570 1611 2654 konsammen neniem darub maahemen xxx
530 2627 1614 2694 meaas! meintelretiaw (mannlich fredroll.
929 2671 1605 2760 .z.A.m.l. bresabra fanohls
977 2749 1192 2849 ...
2811 780 2907 866 -6-
3551 809 3643 898 18
3010 869 3498 967 Luzern, 25.8.1924.
2253 956 3636 1039 Lieber Doctor Auernheimer - hoffentlich trifft Sie
2260 1018 3608 1100 dieser Gruss, auch ohne nähere Adresse. Ich war in
2254 1068 3558 1133 Celerina und will nun, nach ein paar verregneten
2254 1110 3567 1185 Luzerner Tagen an einen ital. See. Ich hoffe, Sie
2253 1158 3633 1229 haben einen guten Sommer hinter sich,-oder stehen
2249 1203 3551 1279 noch mitten darin. Alles herzliche, auch an Frau
2249 1243 3466 1362 Irene. Freundschaftlichst wie immer Ihr A.S.
3523 1407 3606 1506 19
2998 1419 3427 1518 Wien,2.11.1924
2237 1479 3602 1595 Lieber und verehrter Freund, nun ist Ihr geist-und
2246 1559 3540 1630 anmutreiches Versstück bei mir eingelangt,- und
2244 1609 3668 1685 schon der erste Blick, die Lectüre der ersten Blätter
2246 1646 3553 1719 lässt die Erinnerung an den schönen Eindruck der
2238 1692 3583 1776 Lectüre aus dem Manuscript in reiner und lebendi-
2240 1740 3500 1807 ger Weise wieder erstehen. Lassen Sie mich die
2237 1784 3604 1857 schmeichelhafte Widmung, mehr noch als sie ein Zei-
2240 1827 3579 1898 chen Ihrer Schätzung bedeutet, als einen neuen Be-
2228 1880 3606 1962 weis Ihrer Sympathie empfangen - die meinem Herzen
2233 1912 3528 1999 wohlthut und die Sie mir bewahren mögen, wie ich
2228 1956 3546 2054 Die bitte, lieber Doctor Raoul Auernheimer meiner
2230 2001 3526 2100 freundschaftlichen Verehrung jederzeit gewiss zu
2228 2061 3296 2139 sein. Mit den wärmsten Grüssen Ihr A.S.
3549 2192 3634 2263 20
2946 2231 3642 2338 Constantinopel, 23.4.1925
2210 2301 2897 2396 Herzliche Grüsse Ihr A.S.
2966 2499 3402 2600 Wien, 31.7.1925.
2198 2570 3505 2680 Lieber Herr Doctor, haben Sie mich wenigstens im
2201 2634 3588 2730 Traum ein schönes Stück dichten lassen(oder ist xxx
2201 2691 3556 2785 Ihnen das auch nicht im Traum eingefallen?) Dafür
