3880 3608
381 924 1737 998 lischen Absichten zu sein scheint. Dies vor allem
387 987 1614 1044 wollte ich aussprechen; auf geringere Einwände
385 1031 1621 1088 gehe ich umso weniger ein, als sie mir ja oft
387 1083 1721 1140 genüg selbst begründet erscheinen, über einen ganz
387 1122 1698 1185 offenbaren Irrtum aber (der ganz ausserhalb des
376 1168 1721 1226 ästhetischen Gebiets liegt) kann ich nicht gleich-
381 1211 1755 1281 gültig hinwegsehen, -die Bemerkung nämlich, dass ich
381 1259 1694 1318 das Bestehen einer höheren unsinnlichen Welt als
372 1295 1674 1366 Denker wenigstens verneine (und erst in meinem
385 1347 1715 1402 jüngsten Buch zum ersten Male die Möglichkeit ei-
376 1384 1763 1455 nes übersinzlichen Zusammenhanges zu bejahen schei-
374 1430 1751 1519 ne). Ein Blick in meine Gesamtproduktion,vor allem
378 1477 1714 1550 aber in meine vor kurzem erschienenen Aphorismen,
372 1528 1685 1582 besonders in den, wenn ich ihn so nennen darf,re-
372 1571 1715 1642 ligiös-philosophischen Teil, müsste nicht nur Sie,
376 1616 1635 1678 lieber Herr Doktor, sondern alle diejenigen, die
369 1658 1706 1744 mir,wie xxxxxxxx es in Ihrem Feuilleton heisst,
134 1676 326 1774 jenen
376 1710 1676 1772 diesen Vorwurf machen, unwiderleglich überzeugen,
372 1751 1751 1824 dass ich nur das läppische und unlautere Geschwätz
365 1801 1701 1869 über das Unfassbare, Unendliche, Ueber- oder Ausser-
367 1838 1676 1902 sinnliche ablehne, keineswegs/so töricht bin oder
150 1844 285 1940 Kats
372 1886 1803 1961 jemals war das Bestehen einer solchen übersinnlichen
367 1927 1765 1997 Welt und ihr Eineinspielen, Hineinragen.Hineindrohen
365 1977 1706 2045 in unsere menschliche Existenz zu leugnen. Frei-
362 2013 1733 2089 lich, mit den Flüchtlingen des Gedankens, den Mysti-
363 2057 1594 2138 kern und Oktultisten,von den Spiritisten gar
362 2114 1649 2177 nicht zu reden, will ich nichts zu tun haben und
360 2154 1731 2228 bleibe,der Grenzen allen metaphysischen Erkennens
358 2198 1619 2264 wohl bewusst, auch weiterhin in den Reichen der
356 2239 1731 2319 Realität und des relativ Erforschbaren redlich be-
354 2298 1676 2348 muht, dies mir, gemessen an der Kürze unseres Er-
360 2341 1783 2414 dendas eins xxxx und der Unzulänglichkeit unserer
358 2380 1698 2481 Sinne, auch schon unendlich und geheimnisvoll ge-
376 2422 805 2512 nug erscheinen.
627 2515 1758 2579 Dies wenige nur wollte ich für heute aus-
346 2563 1696 2638 sprechen und damit einer ganz kleinen Verstimmung
347 2606 1685 2681 aufrichtigen und vielleicht sogar übertrie-
351 2650 1698 2731 benen Ausdruck verleihen, womitsie auch schon
349 2708 1685 2773 aus der Welt geschafft ist. Ich habe Ihnen, lieber
346 2736 1735 2841 Doktor Auer nheimer, so viel tief eindringendes Ver-
2198 711 2446 857 Avent
3301 762 3438 853 Bl.2
2325 848 3603 924 ständnis, ja sogar gelegentliche Ueberschätzung
2332 898 3737 965 zu danken, dass ich auch in Ihrer Schuld bleibe, / noch
2325 949 3488 1012 wenn Sie einmal, - wie es möglicherweise dem
2328 992 3541 1054 bekanntlich immer empfindlichen Autor dünken
2323 1031 3641 1094 mochte - einem seiner Werke mit geringerer Herz-
2321 1087 3641 1176 lichkeit und innerer Bereitschaft entgegenkamen,
2321 1136 3345 1220 als er es eben von Ihnen gewohnt war.
2506 1183 3632 1284 Und somit einen freundschaftlichen Hände-
2323 1238 3074 1343 druck und schönen Gruss von
2503 1336 2677 1418 Ihrem
2296 2178 3083 2273 Herrn Dr. Raoul Auernheimer,
2303 2244 2467 2317 Wien.
