3880 3608
266 981 1714 1088 begmal eik. Jehneilov "ellevonmusff" aufe neue doch das
334 1074 1718 1129 Lnow. namcoa i rov.nem esb) onifmam di eik medleid
437 1107 572 1170 G.H.F.P.
724 1113 1714 1165 als meh uns, xxxam meineeldes negew
293 1167 1677 1222 donk.das sind dol? xxx mönnstine (ebrsseb wens
282 1196 1564 1261 rebaik eniam ow. (Iafodeasgrætsk) eesieresch mab,
308 1254 1698 1313 hann noch meiniger seretigw;bata retträ rende ihm
282 1282 1722 1347 endolizten ihnen daselb eid theierte dohltzelich. xxx
312 1343 1709 1427 egns esserük stesäm enten altam Mowdo.M.S. di sarr
1120 1388 1698 1466 .2.A zal.meden meder
372 1900 678 1982 was all as
390 1967 882 2032 würde erstattet.
1128 1969 1692 2038 nur me fasd ni eik rii-
357 2025 1698 2080 -terl meinen xxxal xxxöed eid ihm ein mexneb¬
327 2064 1703 2119 eheblenbaad enle him ere mxxeä.nen jellemed aleige
332 2114 1696 2158 nenet sie selb, der Tabanbw og,mettsteeg genommen
332 2157 1700 2214 eilofrediew“ xxx thoim melerÖ negamt meh xxxleige
385 2205 1698 2266 Ialv-amie bau -jeigse mielzeu est/am thegnedsch
345 2236 1709 2300 nennb rasim aanirded meb do - ener dassass sehr Jächel
401 2288 1700 2359 nennweg noch fiexsoiltund eregnirag aswie esie
485 2331 1674 2391 sieiv xxx nedxxxeberW aexxblsd xxx - Sebröw
377 2368 1694 2446 .d.A menedegte xxx meinl nov saaI¬
2781 791 2887 866 -8-
3578 825 3700 923 24
2966 864 3403 962 Wien, 15.2.1927.
2259 970 3589 1031 Lieber und verehrter Herr Doktor, vielen Dank für
2268 1016 3605 1074 die freundlichen Worte anlässlich der Diogramme.
2262 1055 3719 1122 Was Ihre Einwendungenanbelangt, so darf ich vielleicht
2268 1109 3726 1161 darauf hinweisen, dass Sie die Erwiderung darauf schon
2259 1154 3737 1213 in dem kleinen Büchlein selbst finden können. Nurgends
2264 1198 3717 1259 wird das Vorhandensein einer positiven Kritik geleug-
2259 1250 3665 1293 net. Der Kritiker als Repräsentant einer bestimmten
2268 1285 3715 1345 Geistesverfassung existiert meiner Ansicht gar nicht.
2259 1332 3672 1384 Es wird Berufskritiker geben, die der Geistesverfas-
2268 1376 3552 1436 sung Philosoph, manche, die der Geistesverfassung
2264 1412 3741 1482 Dichter, viele,die den Literaten oder den Journalisten,
2268 1471 3719 1516 andere, die vielleicht sogar dem Typus Tückehold zuzu-
2259 1516 3689 1584 zählen sind. Ich sage ferner, dass zuweilen kritische
2262 1557 3630 1609 Begabung im Verein mit kritizistischer Charakter-
2264 1610 3605 1670 veranlagung vorkommt, dass eine solche Anlage ohne
2259 1648 3715 1709 spezifisch kritische Begabung, und dass es auch kriti-
2259 1703 3687 1757 sche Begabung ohne eigentlich spezifisch kritizisti-
2259 1742 3600 1798 sche Charakteranlage gibt. Es heisst weiter: "Der
2255 1783 3620 1833 Seelenzustand des Kritizismus wird sich unter den
2262 1828 3659 1891 Repräsentanten der negativen Typen besonders häufig
2253 1872 3656 1939 beobachten lassen" etc. etc. "Politiker, Journalisten,
2262 1921 3579 1975 Literaten sind vor allem zu diesem Seelenzustand
2259 1963 3654 2021 des Kritizismus disponiert. Dass kritische Begabung
2255 2004 3659 2080 ausschliesslich bei den Typen des negativen Gebiets
2259 2054 3579 2106 vorkommt, habe ich niemals behauptet. Was nun den
2255 2095 3550 2158 Feuilletonisten anbelangt, so fasse ich ihn auch
2253 2140 3650 2214 nichtals einen Urtypus weder der positiven,noch der
2253 2188 3630 2236 negativen Seite auf. Ich spreche nur von einer be-
2262 2227 3682 2290 sonders starken Affinität des Seelenzustandes Feuil-
2253 2279 3630 2331 letonismus zur Geistesverfassung Journalismus. Und
2264 2326 3633 2379 zum Schluss sage ich: "Es gibt Feuilletonisten von
2259 2366 3656 2426 Beruf, es gibt auch Feuilletonisten von Begabung, die
2253 2413 3682 2470 ihrem Seelenzustande nach, manchmak zu ihrem Schaden,
2253 2459 3709 2521 keineswegs Feuilletonisten sind. Wenn Sie also sagen,
2255 2506 3639 2561 dass nicht alles, was im Feuilleton erscheint, darum
2249 2543 3728 2630 auch schon Feuilletonismus ist, so ersehen Sie ohnewei-
2255 2597 3581 2645 ters aus dem vorher zitierten Satz, dass ich ganz
2253 2636 3598 2699 Ihrer Ansicht bin.- Wir sprechen hoffentlich bald
2253 2666 3743 2755 ausführlicher über all dies und anderes. Herzlichst grüs-
2248 2729 2619 2812 send Ihr A.S.
