3880 3594
2712 780 2795 880 -1-
2886 890 3351 982 Wien 20.12.1912.
2151 959 3541 1054 Herzlichen Dank, lieber Freund, für die Uebersendung
2153 1031 3674 1118 Ihrer neuen Hovelle; ich habe sie mit innigem Vergnügen
2157 1082 3477 1148 gelesen - hier ist ein Humor, der so im Wesen der
2155 1126 3472 1188 Dinge afhmet, dass er sichs erlauben darf, einfach
2151 1162 3507 1254 nach dem Gesetz der Entwicklung, am Ende Tragik zu
2149 1213 3445 1282 werden. (Was der Witz nie kann, der sich nur ins
2151 1250 3502 1326 groteske zu steigern vermag.- ) Womit ich übrigens
2151 1299 3496 1371 diese Fragen nicht endgiltig entschieden zu haben
2148 1335 3251 1434 hoffe. Viele Grüsse von uns zu Ihnen Ihr
3124 1401 3249 1469 A.S.
2865 1536 3302 1664 Wien, 25.5.1913.
2136 1621 3507 1719 Lieber Herr Doctor,es wird mir ein besonderes Ver-
2142 1709 3487 1772 gnügen sein, Sie am Mittwoch um 6 bei mir zu sehn.
2138 1749 3534 1804 Was Ihre Bedenken gegen den Schluss der Hovelle an-
2136 1787 3479 1855 belangt, so werden Sie mich leider anfangs geneigt
2136 1838 3557 1906 finden sie zu theilen,- hoffentlich stimmen Sie sich
2131 1891 3558 1983 und mich im Laufe des Gesprächs um. Herzliche Grüsse
2129 1927 2682 2004 von Haus zu Haus. Ihr
3081 1962 3196 2064 A.S.
2844 2132 3286 2248 Wien, 29.6.1913.
2114 2217 3451 2336 Herzlichen Dank für das liebe Buch und die guten
2117 2295 3415 2361 Worte, die Sie für mich hineingeschrieben haben.
2106 2327 3526 2435 Mit den allerbesten Sommerwünschen von Haus zu Haus
2680 2385 2920 2469 Ihr A.S.
2731 2455 2863 2555 ====
