3880 3608
3587 738 3708 832 26
2776 796 2892 888 9-9-
2934 941 3299 1031 Wien, 17.5.28
2286 1042 3739 1102 Lieber verehrter Herr Doctor - dass mich irgend etwas
2292 1076 3675 1147 in Ihrem Feuilleton "verletzt" hätte - davon kann
2283 1140 3692 1194 keine Rede sein — ich hatte nicht den entferntesten
2290 1176 3663 1237 Anlass dazu, - und sprach auch nur von einer klei-
2281 1215 3695 1282 nen Verstimmung über jene Bemerkung, die mir eben ein
2283 1264 3659 1328 Misverständnis schien. Ihnen dies nicht zu verheh-
2286 1310 3636 1376 len schien mir bei der Beziehung zwischen uns, bei
2283 1364 3592 1420 meiner freundschaftlichen Gesinnung für Sie und
2286 1405 3589 1456 bei der Ueberzeugung von der Ihren für mich, bei
2286 1425 3674 1501 meinem Bedürfnis gegenseitiger völliger Aufrichtig-
2292 1492 3639 1548 keit in dem so seltenen Fall eines menschlich und
2283 1528 3641 1597 künstlerisch reinen Verhältnisses wie es zwischen
2292 1584 3587 1651 uns besteht, selbstverständliche Forderung. Ganz
2286 1604 3661 1686 ohne Verschiedenheit der Ansichten kann es (glück-
2283 1668 3663 1733 licherweise) nicht abgehen - völlig ist Einer über
2295 1722 3594 1780 den Andern seelisch nie informiert, und es kommt
2290 1771 3612 1820 wenig darauf an, einander zu überzeugen - sondern
2283 1811 3556 1870 nur darauf, dass jede Discussion in einer durch
2286 1843 3710 1919 kein Wölkchen der Rückhältigkeit getrübten Atmosphä-
2292 1908 3695 1959 re stattfinde. Ich verlange so wenig von Ihnen, dass
2283 1953 3692 2028 Sie irgendwas "zurücknehmen", wie Sie es von mir er-
2286 1997 3632 2053 warten - wir bleiben die Alten, jeder wie er ist,-
2286 2035 3643 2100 und in gegenseitiger echter und herzlicher Zunei-
2283 2084 3592 2138 gung wie ichs von Ihnen weiss,und ihnen von mir
2292 2122 3598 2216 gern bei dieser Gelegenheit wieder einmal versi-
2290 2170 2952 2248 chere. Ihr getreuer A.S.
2755 2250 2936 2317 - :
