3880 3594
718 1009 851 1088 G.H.F.P.
481 1007 628 1080 P.F.S.
259 1082 1457 1167 rück enodosiehnen amts nedem til xxxz eins
623 1137 1600 1200 xxx schreiben.
300 1158 632 1224 mislo hiefnsz
279 1189 1611 1248 am.nodegeglim enten ein me [xxx] medan bann
288 1224 1630 1306 -re lnow rhes and as meb ai. [I]inde reamu tak reid
290 1273 1624 1360 ende, agsbald nov liog med niw geliebte mede. The¬
1319 1314 1624 1396 G.T.H.A.D.S.
801 1477 897 1571 G.C.F.P.
601 1573 950 1665 meb xxx, rofxo
239 1588 368 1670 mais
1262 1623 1621 1694 das das. Jahre
592 1628 1156 1729 abends zu erkennen.
246 1654 386 1724 G.H.F.P.
1259 1670 1630 1746 .2.A.erstl xxx
514 1806 735 1896 äber.d.
1365 1867 1643 1962 reh radam
1011 1896 1121 1966 sta.
331 1898 481 1984 Ldow
1389 1940 1646 2005 ms, maaalw
948 1951 1317 2021 xxx* maiw xxx.
333 1970 533 2034 Monsieur
775 1992 1645 2062 mach miese ein, mensch liehhegele
312 2010 627 2078 .Hedleffed
757 2032 1648 2100 xxx ente döllten! xxx - giørz xxx
294 2062 575 2120 amas jegen
682 2078 1654 2150 daneionerl anemel. xxxe.ra tioin
252 2109 577 2177 Gemäissären maa-
1442 2126 1648 2185 abreibe
274 2139 1332 2211 Tessens aus redwelfe, vor den sel meh me
276 2172 1613 2262 menkse da Tiw neften blad) - edem Dmuntag geb[n]
323 2212 1654 2297 neumabred erb zahl negitov xxx eiw innowen mexxsiff
294 2264 1654 2350 b zu Inhabenonik dræ romie ni essme - (stribenen
257 2306 1663 2394 naw bau, dann mit ertagte xxxam xxx doenl dolm das
307 2358 1646 2437 gale reden riw st.Kof!nds sespost fredzok nire
237 2392 1648 2495 dans frlwees, mödse mies - fahrmeg seaamk ni heilxxn
347 2444 1654 2517 ein rüh tuein asw - Exoeterev mensamros noch bem
232 2493 1657 2582 redi man indim nofimellod nim nebiew eid mmsb; tilig
244 2547 1661 2633 ich denn mehrere iiw niebros, malzal gew memsamte mehr
243 2582 1668 2674 reselb sich geb nedommen, faasq nennt ae nnew. redstltmer
288 2642 1676 2731 zu mein mu - neusiaspe mesniemog dieugies menschos
489 2697 1634 2793 digen und dass anegfunden sew. niebstwegen
2721 781 2811 849 -3-
2109 889 3545 987 Wie lang bleiben Sie noch hier? Meine Damen, Olga und
2111 976 3517 1036 Lili, reisen wahrscheinlich am 26., ich mit Heini et-
2111 1020 3464 1080 liche Tage (nach Schulschluss) später. Herzlichst
2111 1058 3135 1126 mit Grüssen von Haus zu Haus Ihr A.S.
2866 1216 3409 1316 Altaussee, 2.8.1916
2082 1306 3556 1389 Lieber Herr Doctor, also morgen Donnerstag (bei gutem
2111 1374 3539 1435 Wettem) circa 1/8 geh ich mit Heini nach Ischl. Rück-
2109 1430 3517 1487 fahrt entweder Nachmittag oder wahrscheinlicher mit
2109 1476 3563 1525 dem letzten Zug um 9. Haben Sie Lust mitzumarschiren,
2119 1521 3550 1564 es würde mich sehr freuen. Rendezvous in diesem Fall
2109 1555 3565 1617 um 18 vor oder in der Conditorei Fischer - wir warten
2102 1597 3510 1667 gegenseitig bis 8 aufeinander.- Herzlichst Ihr A.S.
3445 1740 3526 1817 10
2898 1747 3330 1858 Wien, 24.6.1919.
2106 1860 3510 1931 Lieber Herr Doctor, ich sende Ihnen heute 1814 sowie
2109 1924 3508 1977 Croquignole von Ch.L.Philipps;- die andern sind of-
2102 1944 3556 2032 fenbar verliehen - und ich weiss leider nicht an wen!
2102 2005 2828 2080 Herzliche Grüsse. Ihr A.S.
2881 2154 3284 2258 Wien, 4.1.1920.
2106 2244 3559 2330 Lieber und verehrter Herr Doctor, das zweite Exemplar
2115 2326 3508 2383 eben hatte ichs zurücksenden wollen als Ihre Karte
2102 2367 3475 2418 kam) bleibt nach Wunsch aufbewahrt. Oder sagen Sie
2106 2416 3515 2477 mir, wohin ich es schicken soll? Macht mir gar keine
2097 2459 3537 2519 Mühe!- Jedenfalls will ich Ihnen bei dieser Gelegen-
2102 2516 3556 2571 heit nicht verschweigen, mit welchem aufrichtigen Ver-
2102 2560 3515 2626 gnügen ich Ihre gar nicht altgewordenen Feuilletons
2106 2613 3539 2685 (lassen wir das Wort nur ruhig wieder als Ehrentitel
2102 2674 3524 2732 gelten) wieder lese! Alles gute und schöne zum neuen
2098 2721 3228 2826 Jahr von Haus zu Haus. Herzlichst Ihr A.S.
