3880 3594
336 881 1628 985 Es ist sehr fein, wie sie die Arie vom „Weg
354 973 1654 1092 ins Freie“, die Heinrich ermann im 6. Kapi-
329 1045 1656 1177 tel mit etwas bewegter Stimme singt, als die
331 1148 1708 1274 Melodie von Annas und Georgs Schicksal empfin-
322 1245 1697 1361 den lassen - aber es klingt Ihnen von irgend-
208 1285 291 1399 No
324 1342 1616 1449 woher ein Kontrapunkt mit, der nicht in der
333 1429 1588 1545 Tiefe meines Werkes tönt. Und wie Sie hier
336 1517 1645 1640 vielleicht zu sehr ins Weite und Allgemeine
324 1612 1694 1716 wiesen, so haben sie sich dort,wo sie auf jene
336 1708 1621 1815 „andere Hälfte der Wiener Gesellschaft“ zu
336 1789 1593 1898 sprechen kamen, zu sehr beschränkt. Hat Sie
324 1897 1711 1992 Elschen wirklich so sehr gefesselt, dass Ihnen
324 1983 1645 2074 die in diesem Zusammenhang vielleicht wieh-
331 2067 1675 2167 tigere Figur des Heinrich permann (auch des
324 2155 1557 2263 Leo Golowsky) im Schatten eines freilich
324 2249 1605 2347 noch immer rühmlichen Hintergrundes ver-
328 2330 1631 2438 schwand? Oder (was mir das Plausiblere ist)
328 2431 1645 2530 durfte der Kritiker der Neuen Freien Presse
324 2509 1616 2621 nur von fern andeuten, wo Raoul Auernheimer
569 2566 785 2628 R.F.K.R.
319 2588 1709 2693 manches starke und klare Wort gefunden hätte?
316 2679 1607 2793 Das, was ich hierna iniedergeschrieben habe,
2185 841 2888 971 Auernheimer 6.6.1908.
2185 962 3514 1059 kommt kaum in Betracht gegenüber dem warmen
2185 1049 3428 1146 Ton von Sympathie und Verstehen, auf den
2185 1144 3580 1231 Ihr Feuilleton im Ganzen gestimmt ist, aber un-
2185 1231 3514 1318 aufrichtig wäre es mir erschienen, hätte ich
2179 1293 3551 1437 Ihnen meine kleinen Bedenken verschwiegen, ehe
2183 1418 3561 1536 ich Ihnen in der wohltuenden Empfindung einem
2178 1503 3551 1597 Freund gegenüberzustehen, noch von ganzem Her¬
2179 1592 2795 1685 zen die Hand drücke.
2805 1647 2921 1812 Ihr
