3880 3594
364 909 1467 1014 nemel xxx habein aber xxx nadteid xxx
173 986 1423 1080 te xxxleh wie bei..das xxxs xxx neder
213 1026 1250 1137 tehblistel.reisge (aasinosindes dass
556 1078 1230 1166 S.A.Thl amsß us xxx nov
432 1256 678 1357 P.S.A. 988
316 1346 419 1427 S:O:S:
154 1344 259 1429 G.H.F.P.
689 1390 790 1458 G.H.F.P.
156 1408 476 1476 . xxx. Isoa.
894 1430 1015 1491 G.C.F.P.
312 1451 463 1511 G.H.F.P.
189 1458 270 1508 G.F.P.
856 1478 975 1546 de V. A.
723 1484 823 1544 ste
165 1500 465 1559 nerisarsma
903 1515 1245 1585 déveil ries d
151 1541 545 1607 I is überallen sehr
134 1583 498 1656 heftsw riw -
889 1618 1003 1686 G.H.F.P.
189 1640 318 1719 .2.4
402 1787 705 1882 erel.d.ps.
398 1893 705 1957 181 e.w.ed zu
362 1939 795 1996 ia xxxre xxx -
303 1979 799 2075 am dabei xxx abtei auf
419 2165 834 2299 Osef.f.d.neiw
250 2253 1576 2367 Gmexä etiewa asb.votood tral befiderer bzus jedem
211 2319 1610 2422 ajunk endl aus mellow mebmeakobuus adoi eiter mede!
233 2367 1612 2453 ein magss rebO. Jndeweelxxs dennW dass fdield (max
209 2420 1603 2501 enten isg xxx udosM?llos mexoidos se det minder. xxx
193 2457 1620 2552 zugeiet weselb ied mendl und ilw ailsinebet -!
182 2510 1627 2615 reV meghtnehme medolew ihm, maglswdesnev, das ich thes
184 2556 1614 2674 amotelltsek gehebkowegtis tächstag aag endl noi neubng
259 2617 1627 2723 titnendä als Gebäiw gingen uns frok aab und meassi)
217 2666 1609 2769 neben aus möchte dann eine seite desei reheiwünstler
507 2723 1643 2841 8.8 xxx tassilszeh. aush es smah nov xxxs.
2571 793 2666 863 -4-
3386 782 3483 876 12
2855 858 3291 962 Wien, 11.9.1920.
2126 936 3434 1047 Lieber Herr Doctor,-nach Hamburg hatt ich Ihnen
2134 1032 3426 1082 nichts weiter zu vermelden - kann ich in Berlin
2163 1058 3502 1133 etwas für Sie thun? Ich will morgen für 8-10 Tage
2126 1116 3485 1173 hin (Hotel Esplande.) Auf Wiedersehen nach meiner
2132 1153 3454 1221 Rückkehr. Gratulire zum Erfolg des guten Königs.
2141 1206 2674 1269 Herzlichst Ihr A.S.
2139 1247 3406 1333 Was soll ich mit der 3000 Kronen Marke thun?"
2831 1397 3384 1493 Nürnberg, 15.5.1922.
2126 1476 3421 1572 Herzlichste Grüsse, auch an die verehrte Gattin.
2134 1568 3485 1625 Ihr schöner Artikel in der N.Fr.Pr. hat mich heut
2134 1610 3441 1671 morgen hier - wo ich mich in angenehmer Geburts-
2134 1660 3559 1711 tagseinsamkeit auf der Rückreise ein wenig verweile,
2139 1699 3535 1761 aufs liebenswürdigste empfangen. Auf baldiges gutes
2156 1741 3504 1822 Wiedersehen. Ihr Ihnen freundschaftlich ergebener
3270 1783 3392 1860 A.S.
3463 1919 3568 2014 14
2966 1950 3370 2035 7.9.1922.
2134 2013 3606 2119 Letzte und schönste Station in Holland, Osterbeck. Fah-
2136 2103 3535 2158 re über Berlin und München heim. Hoffe gegen 20. in
2130 2139 3553 2204 Wien zu sein und Sie bald wiederzusehen. Herzlichste
2134 2194 3063 2257 Grüsse auch an Frau Irene. Ihr A.S.
2134 2218 3595 2310 Herzliche Grüsse und ich hoffe auch auf baldiges Wie-
2130 2284 2802 2358 dessehen. Bertha Brevee.
