3880 3594
1561 172 1726 316 G.C.F.P.
2014 432 2309 523 1.
2026 793 2639 917 Aucintème
2650 804 3339 924 Hinterbrüh 1, 6. 6. 1908.
2214 938 2875 1017 Lieber Dr. Auernheimer.
2334 1009 3471 1115 Ihr schönes Feuilleton hat mir grosse
2210 1082 3559 1196 Freude bereitet.Es hat mich eigentümlich be-
2219 1184 3486 1281 rührt das Lebensjahr des jungen Wergentin,
3219 1257 3578 1321 revenu une même mai-
2979 1266 3106 1321 G.C.H.
2210 1295 3606 1387 aus dem ich einen Roman gemacht habe, kunstvoll
2214 1365 3587 1465 in eine skizze gedrängt kritisch betrachtet -
2219 1488 3566 1550 und doch gewissermassen neu geformt, ja sogar
2210 1566 3516 1639 menschlich neu gesehen, vor mir abrollen zu
2210 1646 3521 1726 lassen. Neu gesehen, sage ich, denn in einem
2210 1740 3606 1813 Punkte besonders scheinen Sie mir meine eigene
2214 1811 3577 1913 Idee in einer Richtung hin zu verfolgen, nach
2217 1891 3495 2004 der meine Blicke sich nicht gewandt haben.
2214 1978 3575 2099 Dass sich Künstlertum und bürgerliches Glück
2224 2071 3601 2189 (Das was wir beide unter diesen beiden Dingen
2217 2165 3606 2268 verstehen) nicht vereinigen lassen,mag in dem
2219 2255 3608 2368 Falle zutreffen, den ich darzustellen versucht
2210 2347 3603 2453 habe - und in vielen anderen; als allgemeiner
2219 2427 3589 2542 Satz hat er wohl keine seltung (gibt es über-
2219 2528 3613 2632 haupt allgemeine Sätze, die meikung Geltung ha-
2226 2611 3478 2776 ben,wenigstens innerhalb des Seelischen?)
2808 2702 3167 2773 bein aaueid
