3880 3608
2706 806 2814 889 -7-
518 928 882 1028 i. 8.ds, messd
2212 940 3672 1008 hab ich eben eine "Traumnovelle" vollendet. Wie lange
2221 1004 3592 1069 bleiben Sie in Martino (das mich, vor 4 Wochen, wohl
269 1004 1653 1095 sie tilint heflümelfon - Remiennisia vorso- redell
2212 1051 3487 1117 wegen schlechten Wetters, und der abscheulichen
291 1073 1642 1159 ni new dol.essentA erndän enno doos, aaszö reselb
2221 1071 3614 1157 neuen Gebäude) enttäuscht hat? Ich fahre am 5. nach
338 1102 1650 1182 setengenev assq nie nosm.nun liiw bau sxxreieß
2215 1146 3650 1211 Bozen, dann Karersee (Karerpasshotel), wo meine Kinder
333 1157 1628 1229 ein, ellen sol.sei.istl mente ne megsf Temresse
2210 1189 3621 1235 mit ihrer Mutter sind; weiteres Programm noch unsi-
269 1191 1655 1280 nenete rebo-Adois xxxnid remmod netog mente nedsd
2212 1231 3641 1295 cher. Hoffentlich erreicht Sie dieser sehr herzliche
342 1253 1651 1331 merk as nova.adclusiend selle.ninst meldim doom
2210 1269 3621 1348 Gruss in S.M. obwohl Sie keine nähere Adresse ange-
433 1291 1630 1399 .d.k. immerf. eiw fürstlichesbauern.enem
2210 1326 2803 1397 geben haben. Ihr A.S.
517 1473 889 1575 Sei.II.S. derW.
2994 1477 3516 1575 Venedig, 18.9.1925.
3568 1515 3654 1580 22
677 1564 938 1637 hat nun,b
356 1564 438 1642 G.C.F.P.
2201 1560 3403 1661 Auch ich sah es wieder! Herzlichst Ihr A.S.
673 1622 1088 1686 sagabe als led No
553 1622 640 1690 G.H.F.P
360 1635 446 1684 G.C.P.
1391 1650 1571 1711 Iah me
349 1659 1131 1733 sich meine-meb xxxoed als.xxx
2692 1695 2846 1753 imme
1286 1695 1657 1761 xxx als saaß
338 1710 1120 1773 reambritt xxx neb xxx
316 1744 1655 1824 abredel und weniger xxx vorkommenxxx aus xxx
3577 1744 3668 1831 23
2983 1744 3456 1850 Wien, 10.10.1926.
398 1795 1653 1862 eib soim ein messzä.medefrie sebelw saiek re¬
287 1835 1655 1904 Ieß mie ein als nach xxx, xxxmbiW eilanlenchendes
2197 1828 3534 1917 Lieber und verehrter Herr Doctor, lassen Sie sich
322 1886 1655 1953 zu meinen meinte sie, seinebst anbetäch werden
2206 1915 3574 1972 für die in bestem Sinn vergnügte Stunde herzlichst
278 1924 1655 2004 nemel meinem eid - negmalgme einismagt rexxl ain
2201 1955 3563 2010 danken die mir die Lectüre Ihres charmanten Lust-
364 1962 1664 2041 not eiw. negom seinawad him sich xxx das Jnndikow
2203 1988 3585 2062 spiels bereitet hat. Wenn Sie mir eine bescheidene
347 2008 1657 2090 riem remhannossa Isosk vorool radeil. altid ei-
2201 2037 3572 2106 Bemerkung gestatten, so wünscht ich, dass die Schan¬
366 2052 1662 2137 us saiweg diesweber xxxmere Vne Heilxxxndosbauer)
2201 2088 3576 2150 spielerin dem jungen Grafen nicht das "weibertolle
589 2097 1664 2199 .d.k.a uhl meaaäme nehammäw met fik.nies
2193 2133 3516 2193 Knabengehirn“ ins Gesicht sagte;- und eine viel-
2192 2175 3574 2252 leicht unbescheidene - ob der Schluss nicht durch
2203 2224 3508 2292 eine etwas geringere Deutlichkeit noch gewinnen
2219 2272 3412 2333 würde? - Auf baldiges Wiedersehen und viele
691 2272 935 2375 Hans dacob
2197 2303 3530 2384 Grüsse von Ihrem freundschaftlich ergebenen A.S.
980 2368 1079 2461 .2.4
680 2554 846 2639 .18.ne
1510 2635 1675 2699 würden.
595 2628 1417 2717 angineu dahin eie meden, sofool xxx
396 2695 1666 2768 Jai rebo meaasl me über Nots aanönes nie musul-
333 2737 1675 2848 wird (freiligste musti mi mein Hoss esb mein I.
