3880 3608
3511 767 3590 841 16
2649 779 2745 854 -5-
3013 895 3600 1007 Baden-Baden, 5.7.1923
2200 978 3579 1096 Lieber Herr Doctor, da ich von hier aus direkt nach
2202 1048 3545 1128 Wien zurückfahre, will ich Ihnen vorläufig nur mit
2202 1094 3572 1176 diesen paar Zeilen sagen,wie sehr ich mich am "Ka-
2193 1144 3447 1199 pital“ ergötzt habe, das übrigens als „Komödie“
2197 1197 3451 1258 seine Verzinsungsmöglichkeiten (in jedem Sinn)
2193 1236 3595 1320 in noch höheren Masse entfalten dürfte als sie wohl
2188 1277 3397 1343 auch schon dem Roman beschieden sein werden.
2195 1322 3570 1396 Herzlichst grüsst Sie und Ihre verehrte Gattin Ihr
2186 1368 3099 1450 freundschaftlichst ergebener A.S.
3001 1521 3447 1644 Wien, 10.12.1923.
2174 1622 3531 1729 Lieber Herr Doctor Auernheimer, beifolgenden Brief
2179 1684 3481 1756 möchte ich an die Staatstheaterkassa senden und
2186 1725 3499 1795 frage an, ob Sie mitunterschreiben wollen. Anlass
2181 1772 3552 1834 zu diesem Briefe bildet,wie Ihnen bekannt, die Dif-
2175 1813 3559 1891 ferenz zwischen den mir von der Kasse verrechneten
2174 1850 3570 1926 Tantiemen und den der Direktion vorgelegten Rappor-
2177 1903 3556 1976 ten. Das darauf bezügliche Blatt lege ich zur Auf-
2172 1944 3600 2026 klärung bei.- Es ist mit grösster Wahrscheinlichkeit
2179 1992 3575 2081 anzunehmen, dass in den Abrechnungen für Ihre Stücke
2177 2037 3517 2126 sich ähnliche Unbegreiflichkeiten finden dürften.
2236 2081 3511 2158 Verpflichtung der Staatstheaterkasse ist es na-
2170 2120 3570 2218 türlich sofort die gewünschten Aufstellungen an uns
2168 2179 3511 2243 zu senden, da den Autoren gegenüber der Standpunkt
2165 2211 3520 2309 jenes Kassabeamten vis-a-vis Direktor Paulsen, der
2167 2270 3492 2332 zwei differierende Abrechnungen für den gleichen
2158 2302 3483 2378 Abend und auf Reklamation die Antwort erhielt, es
2154 2353 3538 2432 kümmere ihn doch nicht, ob zwei Millionen mehr oder
2159 2396 3577 2492 weniger in der Kassa seien, kaum haltbar sein dürfte.
2206 2446 3499 2526 Sollte es sich als notwendig erweisen, so möchte
2154 2485 3529 2577 ich eventuell, Ihr Einverständnis vorausgesetzt, die
2152 2549 3504 2613 Angelegenheit gemeinsam durch meinen Rechtsanwalt
2156 2585 3314 2666 (Dr. Norbert Hoffmann) weiterführen lassen.
2145 2625 2931 2711 Herzlichst grüssend Ihr A.S.
