3880 3594
1534 794 1633 912 P.S.
1354 786 1460 937 H.F.P.
1384 914 1515 998 G.H.F.P.
430 887 714 1024 se même
255 1074 760 1211 nur tade, das drei
3516 725 3621 832 2
1991 731 2604 916 Unemeiner
3124 828 3474 940 18.10.1911.
2439 1028 3046 1138 Lieber Herr Doktor.
2385 1178 3564 1277 Für Ihren lieben und wohltuenden Brief
2085 1260 3488 1369 drücke ich Ihnen herzlich die Hand. Es ist ja
2069 1348 3552 1468 merkwürdig, bei aller Menschenkennerei, die Sie so
2079 1437 3562 1544 freundlich sind mir zuzumuten; die fabelhafte Be-
2079 1546 3600 1633 stimmtheit und die stilistische Fertigkeit,mit der
2073 1628 3531 1740 manche Leute den absoluten Blödsinn in die Welt
2073 1702 3471 1814 hinauszuschicken verstehen,hat etwas geradezu
2071 1795 3541 1898 Suggestives und besonders wenn man Partei in der
2067 1881 3560 2016 Sache ist hat man einige Angst davor empfindlich
2075 1988 3583 2075 oder gar ungerecht zu werden. So beruhigt es mich
2069 2085 3600 2195 sehr mein persönlihhes Gefühl durch Ihre Ueberzeu¬
2067 2165 2852 2260 gung bestätigt zu finden.
2359 2239 3547 2355 Auf sehr baldiges Wiedersehen,nochmals
2064 2317 3568 2488 herzlichen Dank und viele Grüsse von Haus zu Haus
2047 2709 3075 2865 Herrn Dr.Raoul Auernheimer, Wien.
