<?xml version="1.0" encoding="UTF-8" standalone="yes"?>
<PcGts xmlns="http://schema.primaresearch.org/PAGE/gts/pagecontent/2013-07-15" xmlns:xsi="http://www.w3.org/2001/XMLSchema-instance" xsi:schemaLocation="http://schema.primaresearch.org/PAGE/gts/pagecontent/2013-07-15 http://schema.primaresearch.org/PAGE/gts/pagecontent/2013-07-15/pagecontent.xsd">
    <Metadata>
        <Creator>prov=READ-COOP:name=TrHtr:version=2.1.0:model_id=51170:date=14_08_2023_14:32</Creator>
        <Created>2023-05-10T14:09:30.391+02:00</Created>
        <LastChange>2023-08-14T14:32:43.331+02:00</LastChange>
        <TranskribusMetadata docId="1428605" pageId="55417476" pageNr="132" tsid="132808686" status="IN_PROGRESS" userId="64420" imgUrl="https://files.transkribus.eu/Get?id=KARCOBNOVMOHQIXWLJODXQII&amp;fileType=view" xmlUrl="https://files.transkribus.eu/Get?id=RLOINIWNVZGLCHRIMCHDVLYL" imageId="44691580"/>
    </Metadata>
    <Page imageFilename="1428605_0132.jpg" imageWidth="4136" imageHeight="5192">
        <ReadingOrder>
            <OrderedGroup id="ro_1711788553728" caption="Regions reading order">
                <RegionRefIndexed index="0" regionRef="tr_1"/>
                <RegionRefIndexed index="1" regionRef="tr_2"/>
            </OrderedGroup>
        </ReadingOrder>
        <TextRegion id="tr_1" custom="readingOrder {index:0;}">
            <Coords points="674,457 3658,457 3658,1925 674,1925"/>
            <TextLine id="tr_1_tl_1" custom="readingOrder {index:0;}">
                <Coords points="3398,510 3428,510 3439,521 3447,517 3469,528 3481,521 3515,528 3530,513 3575,521 3575,419 3552,419 3537,404 3511,415 3492,396 3469,389 3462,396 3450,393 3439,381 3398,393"/>
                <Baseline points="3419,507 3509,507 3586,507"/>
                <TextEquiv>
                    <Unicode>130</Unicode>
                </TextEquiv>
            </TextLine>
            <TextLine id="tr_1_tl_2" custom="readingOrder {index:1;}">
                <Coords points="706,706 3632,755 3632,615 3145,525 706,578"/>
                <Baseline points="728,704 775,698 865,698 954,698 1044,704 1133,698 1223,698 1312,698 1402,698 1491,698 1581,698 1670,698 1760,698 1850,698 1939,692 2029,698 2118,692 2208,692 2297,692 2387,692 2476,692 2566,692 2655,692 2745,692 2834,686 2924,686 3013,686 3103,686 3192,686 3282,686 3371,686 3461,686 3550,680 3640,674"/>
                <TextEquiv>
                    <Unicode>Süfte der Jugend durch meine Adern kreisen? Bin ich nicht heute</Unicode>
                </TextEquiv>
            </TextLine>
            <TextLine id="tr_1_tl_3" custom="readingOrder {index:2;}">
                <Coords points="695,910 3209,868 3609,948 3654,770 1831,717 695,812"/>
                <Baseline points="716,877 793,877 883,877 972,877 1062,877 1151,877 1241,877 1330,871 1420,871 1509,871 1599,871 1688,871 1778,871 1867,871 1957,871 2046,871 2136,871 2225,871 2315,871 2405,871 2494,865 2584,871 2673,865 2763,865 2852,865 2942,865 3031,865 3121,865 3210,865 3300,865 3389,865 3479,859 3568,859 3658,859"/>
                <TextEquiv>
                    <Unicode>Casanova, wie ich’s damale war?... Und da ich Casanova bin, warum</Unicode>
                </TextEquiv>
            </TextLine>
            <TextLine id="tr_1_tl_4" custom="readingOrder {index:3;}">
                <Coords points="691,1159 1031,1053 3635,1076 3635,910 3439,883 695,989"/>
                <Baseline points="716,1044 805,1050 895,1050 984,1050 1074,1050 1163,1044 1253,1044 1342,1044 1432,1044 1521,1044 1611,1044 1700,1044 1790,1044 1879,1044 1969,1044 2058,1044 2148,1038 2237,1038 2327,1044 2416,1038 2506,1038 2596,1038 2685,1038 2775,1038 2864,1038 2954,1038 3043,1032 3133,1032 3222,1032 3312,1038 3401,1038 3491,1038 3580,1038 3646,1044"/>
                <TextEquiv>
                    <Unicode>sollte an mir das klägliche Gesetz nicht zu schanden werden, dem</Unicode>
                </TextEquiv>
            </TextLine>
            <TextLine id="tr_1_tl_5" custom="readingOrder {index:4;}">
                <Coords points="695,1238 3548,1238 3628,1076 1193,1072 695,1159"/>
                <Baseline points="716,1223 769,1223 859,1223 948,1223 1038,1217 1127,1217 1217,1217 1306,1217 1396,1217 1485,1217 1575,1217 1665,1223 1754,1217 1844,1217 1933,1217 2023,1217 2112,1217 2202,1217 2291,1217 2381,1217 2470,1217 2560,1217 2649,1211 2739,1211 2828,1211 2918,1211 3007,1211 3097,1211 3186,1211 3276,1205 3365,1211 3455,1205 3544,1205 3634,1211"/>
                <TextEquiv>
                    <Unicode>Andere unterworfen sind und das Altern heisst! Und immer kühner</Unicode>
                </TextEquiv>
            </TextLine>
            <TextLine id="tr_1_tl_6" custom="readingOrder {index:5;}">
                <Coords points="702,1408 3213,1431 3518,1404 3518,1299 1748,1238 702,1344"/>
                <Baseline points="722,1390 751,1396 841,1396 930,1396 1020,1396 1110,1396 1199,1396 1289,1396 1378,1396 1468,1396 1557,1396 1647,1390 1736,1390 1826,1390 1915,1390 2005,1390 2094,1390 2184,1390 2273,1390 2363,1390 2452,1384 2542,1384 2631,1384 2721,1384 2810,1384 2900,1384 2989,1378 3079,1378 3168,1378 3258,1378 3347,1378 3437,1378 3526,1378"/>
                <TextEquiv>
                    <Unicode>werdend fragte er sich: Varum schleich ich in einer Maske zu</Unicode>
                </TextEquiv>
            </TextLine>
            <TextLine id="tr_1_tl_7" custom="readingOrder {index:6;}">
                <Coords points="702,1635 3431,1627 3594,1601 3594,1461 702,1480"/>
                <Baseline points="722,1569 740,1569 829,1569 919,1563 1008,1569 1098,1569 1187,1569 1277,1569 1366,1569 1456,1569 1545,1569 1635,1563 1724,1563 1814,1563 1903,1563 1993,1563 2082,1563 2172,1563 2261,1563 2351,1557 2440,1563 2530,1563 2619,1557 2709,1557 2798,1557 2888,1557 2977,1557 3067,1557 3156,1557 3246,1551 3336,1551 3425,1551 3515,1551 3604,1551"/>
                <TextEquiv>
                    <Unicode>Marcolina? Ist Casannova nicht mehr als Lorenzi, auch wenn er um</Unicode>
                </TextEquiv>
            </TextLine>
            <TextLine id="tr_1_tl_8" custom="readingOrder {index:7;}">
                <Coords points="706,1763 3394,1782 3564,1733 3564,1597 706,1635"/>
                <Baseline points="728,1742 799,1742 889,1742 978,1742 1068,1742 1157,1742 1247,1736 1336,1736 1426,1736 1515,1736 1605,1736 1694,1736 1784,1736 1873,1736 1963,1730 2052,1730 2142,1730 2231,1730 2321,1730 2410,1730 2500,1730 2590,1730 2679,1724 2769,1730 2858,1724 2948,1724 3037,1724 3127,1724 3216,1730 3306,1730 3395,1730 3485,1724 3574,1724"/>
                <TextEquiv>
                    <Unicode>dreissig Jahre älter ist? Und wäre sie nicht das Weib xxx</Unicode>
                </TextEquiv>
            </TextLine>
            <TextLine id="tr_1_tl_9" custom="readingOrder {index:8;}">
                <Coords points="649,1876 774,1850 880,1876 985,1846 1038,1872 1148,1838 1178,1865 1291,1831 1423,1842 1427,1752 1227,1752 1159,1801 1083,1778 1038,1801 1004,1767 910,1797 653,1774"/>
                <Baseline points="674,1838 716,1838 805,1844 895,1844 984,1844 1074,1838 1163,1838 1253,1826 1342,1820 1432,1820"/>
                <TextEquiv>
                    <Unicode>dies unbemufliche</Unicode>
                </TextEquiv>
            </TextLine>
            <TextLine id="tr_1_tl_10" custom="readingOrder {index:9;}">
                <Coords points="702,1959 3496,1971 3605,1929 3605,1752 702,1861"/>
                <Baseline points="722,1915 751,1915 841,1915 930,1915 1020,1915 1110,1915 1199,1915 1289,1915 1378,1915 1468,1909 1557,1909 1647,1909 1736,1909 1826,1909 1915,1909 2005,1909 2094,1903 2184,1909 2273,1909 2363,1903 2452,1903 2542,1903 2631,1903 2721,1897 2810,1897 2900,1897 2989,1897 3079,1897 3168,1891 3258,1891 3347,1891 3437,1891 3526,1891 3616,1891"/>
                <TextEquiv>
                    <Unicode>das zu begreifen?... War es nötig eine kleine Schurkerei zu be-</Unicode>
                </TextEquiv>
            </TextLine>
        </TextRegion>
        <TextRegion id="tr_2" custom="readingOrder {index:1;}">
            <Coords points="698,2008 3717,2008 3717,4551 698,4551"/>
            <TextLine id="tr_2_tl_1" custom="readingOrder {index:0;}">
                <Coords points="695,2137 1782,2076 2929,2156 3533,2095 3537,1967 1925,2020 1695,1940 695,2038"/>
                <Baseline points="716,2094 769,2088 859,2082 948,2082 1038,2082 1127,2082 1217,2082 1306,2082 1396,2082 1485,2082 1575,2082 1665,2082 1754,2076 1844,2076 1933,2076 2023,2076 2112,2076 2202,2076 2291,2076 2381,2076 2470,2076 2560,2070 2649,2070 2739,2070 2828,2070 2918,2070 3007,2064 3097,2064 3186,2064 3276,2064 3365,2064 3455,2064 3544,2058"/>
                <TextEquiv>
                    <Unicode>gehen und einen Andern zu einer etwas grösseren zu verleiten?</Unicode>
                </TextEquiv>
            </TextLine>
            <TextLine id="tr_2_tl_2" custom="readingOrder {index:1;}">
                <Coords points="702,2310 3179,2325 3511,2254 3511,2156 702,2178"/>
                <Baseline points="722,2261 740,2261 829,2261 919,2261 1008,2255 1098,2255 1187,2255 1277,2255 1366,2261 1456,2255 1545,2255 1635,2255 1724,2255 1814,2255 1903,2255 1993,2255 2082,2255 2172,2249 2261,2249 2351,2255 2440,2255 2530,2255 2619,2249 2709,2249 2798,2249 2888,2249 2977,2249 3067,2249 3156,2243 3246,2243 3336,2243 3425,2237 3515,2231"/>
                <TextEquiv>
                    <Unicode>Wäre man nicht mit etwas Geduld zum gleichen ziel gekommen?</Unicode>
                </TextEquiv>
            </TextLine>
            <TextLine id="tr_2_tl_3" custom="readingOrder {index:2;}">
                <Coords points="729,2469 2869,2420 3360,2533 3447,2325 732,2359"/>
                <Baseline points="751,2434 763,2434 853,2434 942,2428 1032,2428 1121,2428 1211,2428 1300,2428 1390,2428 1480,2428 1569,2428 1659,2428 1748,2428 1838,2428 1927,2428 2017,2422 2106,2422 2196,2422 2285,2422 2375,2422 2464,2422 2554,2422 2643,2416 2733,2416 2822,2416 2912,2416 3001,2416 3091,2416 3180,2416 3270,2416 3359,2416 3449,2410"/>
                <TextEquiv>
                    <Unicode>Lorenzi ist morgen fort, ich wäre geblieben... Fünf Tage...</Unicode>
                </TextEquiv>
            </TextLine>
            <TextLine id="tr_2_tl_4" custom="readingOrder {index:3;}">
                <Coords points="713,2624 3643,2631 3643,2514 3454,2480 713,2503"/>
                <Baseline points="734,2607 787,2607 877,2607 966,2601 1056,2601 1145,2607 1235,2607 1324,2607 1414,2607 1503,2607 1593,2601 1682,2601 1772,2607 1861,2601 1951,2601 2040,2601 2130,2601 2220,2596 2309,2596 2399,2596 2488,2596 2578,2596 2667,2596 2757,2596 2846,2596 2936,2596 3025,2596 3115,2596 3204,2590 3294,2590 3383,2590 3473,2590 3562,2590 3652,2596"/>
                <TextEquiv>
                    <Unicode>drei - und sie hätte mir gehört - wissend mir geHört.- gr stund</Unicode>
                </TextEquiv>
            </TextLine>
            <TextLine id="tr_2_tl_5" custom="readingOrder {index:4;}">
                <Coords points="695,2805 3564,2850 3564,2680 2865,2635 695,2710"/>
                <Baseline points="716,2786 799,2786 889,2786 978,2781 1068,2786 1157,2786 1247,2786 1336,2786 1426,2786 1515,2781 1605,2781 1694,2781 1784,2786 1873,2781 1963,2781 2052,2781 2142,2781 2231,2775 2321,2775 2410,2775 2500,2775 2590,2775 2679,2775 2769,2775 2858,2775 2948,2775 3037,2769 3127,2769 3216,2769 3306,2769 3395,2769 3485,2769 3574,2769"/>
                <TextEquiv>
                    <Unicode>an die Vand des Hauses gedrückt, neben Marcolinens Fenster, das</Unicode>
                </TextEquiv>
            </TextLine>
            <TextLine id="tr_2_tl_6" custom="readingOrder {index:5;}">
                <Coords points="691,2978 3175,3009 3507,2971 3507,2835 2190,2903 864,2824 691,2918"/>
                <Baseline points="710,2960 740,2960 829,2966 919,2966 1008,2966 1098,2960 1187,2966 1277,2960 1366,2966 1456,2960 1545,2960 1635,2960 1724,2960 1814,2960 1903,2960 1993,2960 2082,2960 2172,2960 2261,2954 2351,2954 2440,2954 2530,2954 2619,2954 2709,2954 2798,2954 2888,2954 2977,2954 3067,2948 3156,2954 3246,2948 3336,2948 3425,2948 3515,2954"/>
                <TextEquiv>
                    <Unicode>noch fest verschlossen war und seine Gedanken flogen weiter.</Unicode>
                </TextEquiv>
            </TextLine>
            <TextLine id="tr_2_tl_7" custom="readingOrder {index:6;}">
                <Coords points="695,3156 3469,3182 3541,3012 695,3077"/>
                <Baseline points="716,3145 775,3145 865,3145 954,3145 1044,3145 1133,3145 1223,3145 1312,3145 1402,3139 1491,3139 1581,3139 1670,3139 1760,3139 1850,3139 1939,3139 2029,3139 2118,3139 2208,3139 2297,3133 2387,3133 2476,3133 2566,3133 2655,3127 2745,3127 2834,3133 2924,3133 3013,3133 3103,3127 3192,3133 3282,3133 3371,3133 3461,3133 3550,3133"/>
                <TextEquiv>
                    <Unicode>Ist es denn zu spät dazuf... Ich könnte wiederkommen,-morgen,</Unicode>
                </TextEquiv>
            </TextLine>
            <TextLine id="tr_2_tl_8" custom="readingOrder {index:7;}">
                <Coords points="744,3330 3318,3367 3703,3314 3703,3190 744,3246"/>
                <Baseline points="763,3306 847,3312 936,3312 1026,3312 1115,3312 1205,3312 1295,3312 1384,3318 1474,3312 1563,3318 1653,3312 1742,3312 1832,3312 1921,3312 2011,3312 2100,3312 2190,3312 2279,3306 2369,3312 2458,3306 2548,3306 2637,3306 2727,3306 2816,3306 2906,3306 2995,3306 3085,3306 3174,3306 3264,3306 3353,3306 3443,3306 3532,3306 3622,3306 3711,3300"/>
                <TextEquiv>
                    <Unicode>übermorgen... und begänne das Werk der Verführung- als ehrlichen</Unicode>
                </TextEquiv>
            </TextLine>
            <TextLine id="tr_2_tl_9" custom="readingOrder {index:8;}">
                <Coords points="702,3530 3390,3571 3518,3556 3518,3364 702,3435"/>
                <Baseline points="722,3491 751,3491 841,3491 930,3491 1020,3491 1110,3491 1199,3491 1289,3497 1378,3491 1468,3491 1557,3491 1647,3491 1736,3491 1826,3491 1915,3491 2005,3491 2094,3485 2184,3485 2273,3485 2363,3485 2452,3485 2542,3485 2631,3485 2721,3479 2810,3479 2900,3485 2989,3485 3079,3485 3168,3485 3258,3485 3347,3485 3437,3479 3526,3485"/>
                <TextEquiv>
                    <Unicode>Mann sozusagen. Die heutige Nacht wäre ein Vorschuss auf die</Unicode>
                </TextEquiv>
            </TextLine>
            <TextLine id="tr_2_tl_10" custom="readingOrder {index:9;}">
                <Coords points="691,3692 3246,3730 3530,3677 3530,3567 2023,3507 691,3586"/>
                <Baseline points="710,3664 763,3664 853,3664 942,3664 1032,3670 1121,3670 1211,3670 1300,3664 1390,3664 1480,3664 1569,3664 1659,3664 1748,3664 1838,3664 1927,3664 2017,3664 2106,3664 2196,3664 2285,3664 2375,3664 2464,3664 2554,3664 2643,3664 2733,3658 2822,3658 2912,3658 3001,3658 3091,3658 3180,3658 3270,3658 3359,3658 3449,3658 3538,3652"/>
                <TextEquiv>
                    <Unicode>künftigen. Ja Marcolina müsste nicht einmal erfahren, dass ih</Unicode>
                </TextEquiv>
            </TextLine>
            <TextLine id="tr_2_tl_11" custom="readingOrder {index:10;}">
                <Coords points="695,3888 3473,3900 3620,3756 2948,3681 698,3749"/>
                <Baseline points="716,3843 757,3849 847,3849 936,3849 1026,3849 1115,3849 1205,3843 1295,3843 1384,3843 1474,3843 1563,3843 1653,3843 1742,3843 1832,3843 1921,3837 2011,3843 2100,3837 2190,3837 2279,3837 2369,3837 2458,3837 2548,3837 2637,3837 2727,3837 2816,3831 2906,3831 2995,3831 3085,3831 3174,3837 3264,3837 3353,3837 3443,3831 3532,3831 3622,3825"/>
                <TextEquiv>
                    <Unicode>ich es gewesen bin, der heute - Oder erst später - viel spätter -</Unicode>
                </TextEquiv>
            </TextLine>
            <TextLine id="tr_2_tl_12" custom="readingOrder {index:11;}">
                <Coords points="1136,4047 3039,4028 3235,4096 3473,4035 3473,3884 1136,3892"/>
                <Baseline points="1157,4016 1241,4016 1330,4016 1420,4016 1509,4016 1599,4016 1688,4016 1778,4016 1867,4010 1957,4010 2046,4010 2136,4010 2225,4010 2315,4010 2405,4010 2494,4010 2584,4010 2673,4010 2763,4010 2852,4010 2942,4010 3031,4010 3121,4004 3210,4010 3300,4010 3389,4004 3479,4004"/>
                <TextEquiv>
                    <Unicode>Das Fenster war noch immer fest geschlossen; auch</Unicode>
                </TextEquiv>
            </TextLine>
            <TextLine id="tr_2_tl_13" custom="readingOrder {index:12;}">
                <Coords points="691,4205 3594,4232 3673,4051 695,4100"/>
                <Baseline points="710,4195 722,4195 811,4195 901,4189 990,4189 1080,4189 1169,4189 1259,4189 1348,4189 1438,4189 1527,4189 1617,4189 1706,4189 1796,4189 1885,4189 1975,4189 2064,4183 2154,4183 2243,4189 2333,4183 2422,4183 2512,4183 2601,4183 2691,4183 2781,4183 2870,4183 2960,4177 3049,4177 3139,4177 3228,4183 3318,4183 3407,4183 3497,4177 3586,4177 3676,4177"/>
                <TextEquiv>
                    <Unicode>dahinter rührte sich nichts. Es fehlten wohl noch ein paar Minu-</Unicode>
                </TextEquiv>
            </TextLine>
            <TextLine id="tr_2_tl_14" custom="readingOrder {index:13;}">
                <Coords points="706,4432 3666,4379 3669,4217 710,4296"/>
                <Baseline points="728,4368 811,4368 901,4368 990,4362 1080,4362 1169,4362 1259,4362 1348,4362 1438,4362 1527,4362 1617,4362 1706,4356 1796,4362 1885,4362 1975,4362 2064,4356 2154,4356 2243,4356 2333,4356 2422,4356 2512,4356 2601,4356 2691,4356 2781,4350 2870,4350 2960,4350 3049,4350 3139,4350 3228,4350 3318,4350 3407,4350 3497,4350 3586,4350 3676,4344"/>
                <TextEquiv>
                    <Unicode>ten auf Mitternacht. Sollte er sich irgendwie bemerkbar machen?</Unicode>
                </TextEquiv>
            </TextLine>
            <TextLine id="tr_2_tl_15" custom="readingOrder {index:14;}">
                <Coords points="676,4632 3711,4572 3711,4405 830,4402 676,4496"/>
                <Baseline points="698,4541 763,4541 853,4541 942,4541 1032,4541 1121,4541 1211,4541 1300,4535 1390,4535 1480,4535 1569,4535 1659,4535 1748,4535 1838,4535 1927,4535 2017,4535 2106,4529 2196,4529 2285,4529 2375,4529 2464,4529 2554,4529 2643,4529 2733,4529 2822,4523 2912,4523 3001,4523 3091,4529 3180,4529 3270,4529 3359,4523 3449,4523 3538,4529 3628,4529 3717,4523"/>
                <TextEquiv>
                    <Unicode>Leise ans Fenster klopfent Da nichts dergleichen ausgemacht war,</Unicode>
                </TextEquiv>
            </TextLine>
        </TextRegion>
    </Page>
</PcGts>
