4120 5208
3444 324 3663 559 152
783 567 3619 767 blassen Jünglingeleib einsamer Morgenwind spielte; und beide,
783 715 3699 935 er selbst und Lorenzi, waren nicht wirklicher als die Senatoren
795 859 3835 1135 in den roten Purpurmänteln, die als Bettler vor ihm auf den Knieen
783 1063 3631 1278 herumgerutscht waren, und nich t weniger wirklich als jener ans
779 1246 3568 1458 Geländer irgend einer Brücke gelehnte Alte, dem er zum Wagen
1954 1414 2637 1562 aus dem Wagen.
795 1410 3631 1654 aus-in der Abenddämmerung ein Almosen zugeworfen hat te. Hätte
795 1590 3695 1810 Casanova nicht mittelst seiner Urteilskraft das Erlebte und Ge-
791 1790 3715 1974 träumte auseinander zu halten vermocht, so hätte er sich einbil-
791 1950 3659 2149 den können, dass er in Marcolinens Armen in einen wirren Traum
795 2125 3751 2401 verfallen war, aus dem er erst beim Anblick des Campanile von Ve-
783 2349 1530 2553 nedig erwachte.
1250 2421 3568 2697 Es war am dritten Morgen seiner Reise, dass er, von
795 2665 3572 2888 Mestre aus, den Glockenturm nach mehr als zwanzig Jahren der
791 2844 3675 3056 Sehnsucht zum ersten Mal wieder erschaute,-ein graues Speinge-
807 2996 3703 3184 bilde, das einsam ragend aus der Dämmerung wie aus weiter Ferne
795 3168 3739 3384 vor ihm auftauchte. Aber er wusste, dass ihn jetzt nur mehr eine
791 3344 3787 3552 Fahrt von zwei Stunden von der geliebten Stadt trennte, in der er
3304 3496 3596 3615 winen
2936 3508 3180 3627 ohne
799 3536 3584 3739 jung gewesen war. Er entlohnte den Kutscher, er musste nicht,
803 3687 3747 3911 ob es der vierte, fünfte oder sechste war, mit dem er seit Mantun
803 3895 3639 4099 abzurechnen hatte, und silte, von einem Jungen gefolgt, der ihm
851 4055 1027 4167 da
827 4047 3671 4307 -VIII Gepäck nachtrug, durch die armseligen Strassen zum Hafen,
795 4239 3747 4434 um das Marktschiff zu erreichen, das heute noch, wie vor fünfund-
787 4379 4003 4658 zwanzig Jahren, um sechs Uhr nach Venedig abging. Es warrahe xxx
