4184 5304
3421 262 3585 540 30
2333 364 2724 591 d'ange?
2133 399 2344 618 ein
2321 485 2501 634 of the
708 544 3589 818 es durchbebte ihn! Bin ich's denn nicht! Was ist denn noch an
689 736 3256 986 mir von dem Casanova, der jung, schön und glücklich war?
1155 908 3644 1135 Er hörte Amal iens Stimme: sie fragte ihn, wie aus der
689 1088 3718 1362 Ferne, obzwar sie neben ihm stand, wie ihm der Spaziergang behagt
693 1237 3722 1503 habe, worauf er sich laut, so dass es alle hören konnten, mit höch-
720 1444 3562 1671 ster Anerkennung über den fruchtbaren wohlgepflegten Besitz
701 1585 3726 1875 aussprach, den er mit Olivo durchwandert. Indess deckte die Magd
724 1792 3632 2082 auf der Viese einen länglichen Tisch, die zwei älteren Töchter
716 1945 3863 2176 Olivos waren ihr dabei behilflich, indem sie aus dem Hause Geschirr,
720 2141 3644 2423 Gläser und was sonst nötig war mit viel Gekicher und Getu her-
728 2313 3679 2567 beischafften. Mählig brach die Dämnerung ein; ein leise kühlen-
736 2477 3695 2704 der Wind strich durch den Garten. Marcolina eilte an den Tisch,
732 2634 3722 2916 um zu vollenden, was die Kinder im Verein mit der Magd begonnen;
744 2841 3773 3041 und zu verbessern, was sie verfehlt hatten. Die Uebrigen ergingen
744 3014 3710 3256 sich zwanglos auf der Wiese und in den Alleen. Die Marohesa er-
748 3154 3659 3413 wies Casanova viele Höflichkeit, auch wünschte sie von ihm die
748 3374 3714 3601 berühmte Geschichte seiner Flucht aus den Bleikammern von Vene-
767 3542 3714 3773 dig zu vernohmen, wenngleich ihr keineswegs unbekannt sei - wie
759 3753 3710 3969 sie mit vieldeutigem Lächeln hinzufügte, dass er weit geführli-
755 3894 3761 4133 chere Abenteuer bestanden habe, die zu erzählen freilich bedenk-
771 4078 3773 4301 licher sein möchte. Casanova erwiderte: wenn er auch mancherlei
771 4254 3832 4528 ernste und heitere Beschwernis mitgemacht - gerade dasjenige Le-
767 4415 3714 4747 ben, dessen Sinn und eigentliches Wesen die Gefahr bedeute, habe
787 4583 3753 4931 er niemals so recht kennen gelernt; denn wenn er auch ein paar
