<?xml version="1.0" encoding="UTF-8" standalone="yes"?>
<PcGts xmlns="http://schema.primaresearch.org/PAGE/gts/pagecontent/2013-07-15" xmlns:xsi="http://www.w3.org/2001/XMLSchema-instance" xsi:schemaLocation="http://schema.primaresearch.org/PAGE/gts/pagecontent/2013-07-15 http://schema.primaresearch.org/PAGE/gts/pagecontent/2013-07-15/pagecontent.xsd">
    <Metadata>
        <Creator>prov=READ-COOP:name=TrHtr:version=2.1.0:model_id=51170:date=14_08_2023_14:32</Creator>
        <Created>2023-05-10T14:09:19.709+02:00</Created>
        <LastChange>2023-08-14T14:32:25.908+02:00</LastChange>
        <TranskribusMetadata docId="1428605" pageId="55417061" pageNr="72" tsid="132808622" status="IN_PROGRESS" userId="64420" imgUrl="https://files.transkribus.eu/Get?id=RPQBMEMYMOHCJZPHBJMIKGNX&amp;fileType=view" xmlUrl="https://files.transkribus.eu/Get?id=EJBHACUUVXQSZRMTERIXEYLI" imageId="44691165"/>
    </Metadata>
    <Page imageFilename="1428605_0072.jpg" imageWidth="4232" imageHeight="5304">
        <ReadingOrder>
            <OrderedGroup id="ro_1711788479213" caption="Regions reading order">
                <RegionRefIndexed index="0" regionRef="tr_3"/>
                <RegionRefIndexed index="1" regionRef="tr_2"/>
                <RegionRefIndexed index="2" regionRef="tr_1"/>
            </OrderedGroup>
        </ReadingOrder>
        <TextRegion id="tr_3" custom="readingOrder {index:0;}">
            <Coords points="2771,290 3607,290 3607,487 2771,487"/>
            <TextLine id="tr_3_tl_1" custom="readingOrder {index:0;}">
                <Coords points="2745,413 2802,420 2859,451 2912,439 2927,424 2946,435 2972,428 2976,235 2957,235 2942,220 2881,223 2870,235 2840,227 2802,257 2749,257"/>
                <Baseline points="2771,346 2807,352 2896,364 2986,340"/>
                <TextEquiv>
                    <Unicode>V. P.</Unicode>
                </TextEquiv>
            </TextLine>
            <TextLine id="tr_3_tl_2" custom="readingOrder {index:1;}">
                <Coords points="3434,545 3461,549 3487,530 3502,545 3540,519 3570,534 3593,530 3605,375 3548,371 3536,360 3529,367 3517,352 3498,352 3491,341 3476,352 3453,345"/>
                <Baseline points="3464,477 3518,471 3607,465"/>
                <TextEquiv>
                    <Unicode>70</Unicode>
                </TextEquiv>
            </TextLine>
        </TextRegion>
        <TextRegion id="tr_2" custom="readingOrder {index:1;}">
            <Coords points="782,595 3816,595 3816,2166 782,2166"/>
            <TextLine id="tr_2_tl_1" custom="readingOrder {index:0;}">
                <Coords points="757,788 3658,708 3767,572 2662,583 2510,496 1348,572 1166,678 765,632"/>
                <Baseline points="782,758 818,758 907,752 997,746 1087,740 1176,740 1266,734 1355,734 1445,734 1535,728 1624,728 1714,722 1803,722 1893,716 1983,716 2072,710 2162,704 2251,704 2341,704 2431,698 2520,692 2610,686 2699,686 2789,680 2878,680 2968,674 3058,668 3147,663 3237,663 3326,657 3416,657 3506,651 3595,651 3685,645 3774,645"/>
                <TextEquiv>
                    <Unicode>steinerne Treppe gelangte er ins Erdgeschoss, und durch das Spei-</Unicode>
                </TextEquiv>
            </TextLine>
            <TextLine id="tr_2_tl_2" custom="readingOrder {index:1;}">
                <Coords points="780,931 3548,875 3646,848 3654,682 784,799"/>
                <Baseline points="800,931 878,925 967,919 1057,919 1146,913 1236,913 1326,913 1415,907 1505,901 1594,895 1684,895 1773,895 1863,889 1953,889 2042,884 2132,878 2221,878 2311,872 2401,872 2490,866 2580,860 2669,860 2759,854 2849,848 2938,842 3028,842 3117,836 3207,830 3297,830 3386,830 3476,824 3565,824 3655,818"/>
                <TextEquiv>
                    <Unicode>sezimmer, wo auf dem Tisch noch die halbgefüllten Gläser stan-</Unicode>
                </TextEquiv>
            </TextLine>
            <TextLine id="tr_2_tl_3" custom="readingOrder {index:2;}">
                <Coords points="776,1121 3582,1049 3771,1022 3779,859 784,973"/>
                <Baseline points="800,1099 824,1099 913,1105 1003,1099 1093,1093 1182,1093 1272,1087 1361,1087 1451,1081 1541,1075 1630,1075 1720,1069 1809,1069 1899,1063 1989,1057 2078,1057 2168,1057 2257,1051 2347,1045 2436,1045 2526,1039 2616,1033 2705,1033 2795,1027 2884,1021 2974,1021 3064,1015 3153,1009 3243,1009 3332,1003 3422,997 3512,997 3601,997 3691,991 3780,991"/>
                <TextEquiv>
                    <Unicode>den, in den Garten. Da auf dem Kies seine Schritte hörbar wurden,</Unicode>
                </TextEquiv>
            </TextLine>
            <TextLine id="tr_2_tl_4" custom="readingOrder {index:3;}">
                <Coords points="780,1295 3271,1249 3676,1208 3684,1041 784,1136"/>
                <Baseline points="800,1278 824,1272 913,1272 1003,1272 1093,1266 1182,1266 1272,1260 1361,1254 1451,1248 1541,1248 1630,1248 1720,1242 1809,1236 1899,1236 1989,1230 2078,1224 2168,1224 2257,1218 2347,1218 2436,1218 2526,1212 2616,1206 2705,1206 2795,1200 2884,1188 2974,1188 3064,1188 3153,1182 3243,1182 3332,1176 3422,1176 3512,1170 3601,1170 3691,1170"/>
                <TextEquiv>
                    <Unicode>trat er gle ich auf die Wiese über, die nun, im Frühdämmerschein,</Unicode>
                </TextEquiv>
            </TextLine>
            <TextLine id="tr_2_tl_5" custom="readingOrder {index:4;}">
                <Coords points="772,1454 3707,1401 3714,1200 780,1295"/>
                <Baseline points="794,1451 854,1451 943,1445 1033,1439 1122,1439 1212,1433 1302,1433 1391,1427 1481,1427 1570,1421 1660,1415 1750,1415 1839,1409 1929,1409 2018,1403 2108,1403 2198,1397 2287,1397 2377,1391 2466,1391 2556,1385 2646,1379 2735,1373 2825,1373 2914,1367 3004,1367 3094,1361 3183,1355 3273,1355 3362,1349 3452,1349 3541,1343 3631,1337 3721,1337"/>
                <TextEquiv>
                    <Unicode>zu unwirklicher weite sich dehnte. Dann schlich er sich in die</Unicode>
                </TextEquiv>
            </TextLine>
            <TextLine id="tr_2_tl_6" custom="readingOrder {index:5;}">
                <Coords points="784,1655 3218,1598 3805,1530 3809,1408 791,1492"/>
                <Baseline points="806,1630 860,1624 949,1618 1039,1618 1128,1612 1218,1606 1308,1606 1397,1600 1487,1600 1576,1594 1666,1594 1756,1588 1845,1582 1935,1582 2024,1582 2114,1576 2204,1570 2293,1570 2383,1570 2472,1564 2562,1558 2652,1552 2741,1547 2831,1547 2920,1541 3010,1535 3099,1535 3189,1529 3279,1523 3368,1523 3458,1523 3547,1517 3637,1517 3727,1511 3816,1511"/>
                <TextEquiv>
                    <Unicode>Allee, nach der Seite hin, wo ihm Marcolinens Fenster in den Blick</Unicode>
                </TextEquiv>
            </TextLine>
            <TextLine id="tr_2_tl_7" custom="readingOrder {index:6;}">
                <Coords points="788,1833 3525,1753 3669,1730 3676,1568 795,1662"/>
                <Baseline points="812,1803 895,1803 985,1797 1075,1797 1164,1791 1254,1785 1343,1785 1433,1779 1523,1779 1612,1773 1702,1773 1791,1768 1881,1762 1971,1762 2060,1756 2150,1756 2239,1750 2329,1750 2419,1744 2508,1744 2598,1738 2687,1738 2777,1732 2867,1726 2956,1720 3046,1714 3135,1714 3225,1714 3315,1708 3404,1702 3494,1702 3583,1696 3673,1690"/>
                <TextEquiv>
                    <Unicode>fallen musste. Es war vergittert,verschlossen,verhängt so wie</Unicode>
                </TextEquiv>
            </TextLine>
            <TextLine id="tr_2_tl_8" custom="readingOrder {index:7;}">
                <Coords points="810,1980 3680,1908 3729,1723 818,1844"/>
                <Baseline points="830,1977 866,1977 955,1971 1045,1965 1134,1965 1224,1965 1314,1959 1403,1959 1493,1953 1582,1953 1672,1947 1762,1941 1851,1941 1941,1941 2030,1935 2120,1929 2210,1929 2299,1929 2389,1923 2478,1923 2568,1917 2657,1911 2747,1905 2837,1899 2926,1893 3016,1893 3105,1893 3195,1887 3285,1887 3374,1881 3464,1881 3553,1875 3643,1869 3733,1869"/>
                <TextEquiv>
                    <Unicode>er es zuletzt gesehen. Kaum fünfzig Schritt vom Hause entfernt</Unicode>
                </TextEquiv>
            </TextLine>
            <TextLine id="tr_2_tl_9" custom="readingOrder {index:8;}">
                <Coords points="822,2188 3665,2109 3673,1901 825,2014"/>
                <Baseline points="842,2156 901,2156 991,2150 1081,2144 1170,2138 1260,2138 1349,2138 1439,2132 1529,2132 1618,2126 1708,2120 1797,2120 1887,2114 1977,2114 2066,2108 2156,2108 2245,2108 2335,2102 2425,2096 2514,2096 2604,2090 2693,2090 2783,2084 2873,2078 2962,2072 3052,2072 3141,2066 3231,2066 3320,2060 3410,2060 3500,2054 3589,2054 3679,2054"/>
                <TextEquiv>
                    <Unicode>setzte sich Casanova auf eine gebeinbank. Jenseits der Garten-</Unicode>
                </TextEquiv>
            </TextLine>
        </TextRegion>
        <TextRegion id="tr_1" custom="readingOrder {index:2;}">
            <Coords points="830,2177 3900,2177 3900,4818 830,4818"/>
            <TextLine id="tr_1_tl_1" custom="readingOrder {index:0;}">
                <Coords points="810,2347 3351,2317 3843,2245 3847,2143 2245,2120 1386,2279 814,2192"/>
                <Baseline points="830,2341 901,2335 991,2329 1081,2329 1170,2323 1260,2323 1349,2317 1439,2311 1529,2311 1618,2311 1708,2305 1797,2305 1887,2305 1977,2299 2066,2293 2156,2287 2245,2281 2335,2281 2425,2281 2514,2275 2604,2275 2693,2275 2783,2269 2873,2263 2962,2257 3052,2251 3141,2251 3231,2245 3320,2245 3410,2239 3500,2239 3589,2233 3679,2227 3768,2227 3858,2233"/>
                <TextEquiv>
                    <Unicode>mauer hörte er einen Wagen vorbeifahren, dann war es wieder still.</Unicode>
                </TextEquiv>
            </TextLine>
            <TextLine id="tr_1_tl_2" custom="readingOrder {index:1;}">
                <Coords points="825,2525 3707,2457 3714,2291 829,2374"/>
                <Baseline points="848,2514 854,2508 943,2508 1033,2502 1122,2502 1212,2496 1302,2496 1391,2490 1481,2484 1570,2484 1660,2478 1750,2478 1839,2472 1929,2472 2018,2466 2108,2460 2198,2460 2287,2460 2377,2454 2466,2448 2556,2448 2646,2442 2735,2442 2825,2436 2914,2431 3004,2431 3094,2425 3183,2425 3273,2425 3362,2419 3452,2413 3541,2413 3631,2413 3721,2407"/>
                <TextEquiv>
                    <Unicode>Aus dem Wiesengrund schwebte ein feiner grauer Dunst; als läge</Unicode>
                </TextEquiv>
            </TextLine>
            <TextLine id="tr_1_tl_3" custom="readingOrder {index:2;}">
                <Coords points="833,2711 3654,2631 3688,2510 3408,2442 837,2552"/>
                <Baseline points="854,2687 919,2687 1009,2681 1099,2681 1188,2675 1278,2675 1367,2669 1457,2669 1547,2663 1636,2663 1726,2657 1815,2657 1905,2652 1994,2646 2084,2646 2174,2640 2263,2640 2353,2634 2442,2634 2532,2628 2622,2628 2711,2622 2801,2616 2890,2616 2980,2610 3070,2610 3159,2604 3249,2598 3338,2598 3428,2592 3518,2592 3607,2586 3697,2586"/>
                <TextEquiv>
                    <Unicode>da ein durchsichtig-trüber Teich mit verschwimmenden Grenzen.</Unicode>
                </TextEquiv>
            </TextLine>
            <TextLine id="tr_1_tl_4" custom="readingOrder {index:3;}">
                <Coords points="825,2870 3665,2813 3714,2635 829,2711"/>
                <Baseline points="848,2867 854,2867 943,2855 1033,2855 1122,2855 1212,2849 1302,2849 1391,2843 1481,2843 1570,2837 1660,2837 1750,2837 1839,2831 1929,2825 2018,2825 2108,2819 2198,2819 2287,2813 2377,2813 2466,2807 2556,2801 2646,2801 2735,2801 2825,2789 2914,2789 3004,2783 3094,2783 3183,2777 3273,2777 3362,2777 3452,2771 3541,2765 3631,2759 3721,2765"/>
                <TextEquiv>
                    <Unicode>Wieder dachte Casanova jener Jugendnacht im Klostergarten von</Unicode>
                </TextEquiv>
            </TextLine>
            <TextLine id="tr_1_tl_5" custom="readingOrder {index:4;}">
                <Coords points="844,3067 3468,3010 3635,2987 3642,2806 1514,2866 1185,2995 848,2896"/>
                <Baseline points="866,3040 955,3040 1045,3034 1134,3034 1224,3028 1314,3022 1403,3022 1493,3016 1582,3016 1672,3016 1762,3010 1851,3004 1941,3004 2030,2998 2120,2998 2210,2992 2299,2992 2389,2986 2478,2980 2568,2980 2657,2974 2747,2974 2837,2968 2926,2962 3016,2962 3105,2962 3195,2956 3285,2950 3374,2956 3464,2944 3553,2944 3643,2944"/>
                <TextEquiv>
                    <Unicode>Murano - oder eines andern Paris - einer andern Nacht -; er</Unicode>
                </TextEquiv>
            </TextLine>
            <TextLine id="tr_1_tl_6" custom="readingOrder {index:5;}">
                <Coords points="841,3241 3752,3173 3794,2957 848,3059"/>
                <Baseline points="860,3213 931,3213 1021,3207 1110,3207 1200,3201 1290,3195 1379,3195 1469,3189 1558,3189 1648,3183 1738,3183 1827,3177 1917,3177 2006,3171 2096,3171 2186,3165 2275,3165 2365,3159 2454,3153 2544,3153 2634,3147 2723,3147 2813,3141 2902,3141 2992,3135 3082,3135 3171,3129 3261,3123 3350,3123 3440,3117 3530,3117 3619,3111 3709,3111 3798,3111"/>
                <TextEquiv>
                    <Unicode>wusste nicht mehr welcher - vielleicht waren es hundert Nächte,</Unicode>
                </TextEquiv>
            </TextLine>
            <TextLine id="tr_1_tl_7" custom="readingOrder {index:6;}">
                <Coords points="844,3392 3438,3362 3805,3302 3809,3139 852,3237"/>
                <Baseline points="866,3386 949,3386 1039,3386 1128,3380 1218,3374 1308,3374 1397,3368 1487,3362 1576,3362 1666,3356 1756,3356 1845,3350 1935,3350 2024,3344 2114,3344 2204,3338 2293,3338 2383,3338 2472,3332 2562,3326 2652,3326 2741,3320 2831,3315 2920,3315 3010,3309 3099,3309 3189,3303 3279,3303 3368,3297 3458,3297 3547,3291 3637,3291 3727,3285 3816,3285"/>
                <TextEquiv>
                    <Unicode>die ihm in der Erinnerung in eine einzige zusammenflossen, sowie</Unicode>
                </TextEquiv>
            </TextLine>
            <TextLine id="tr_1_tl_8" custom="readingOrder {index:7;}">
                <Coords points="863,3593 3703,3502 3711,3351 871,3404"/>
                <Baseline points="884,3565 931,3565 1021,3565 1110,3553 1200,3553 1290,3547 1379,3547 1469,3541 1558,3541 1648,3536 1738,3530 1827,3530 1917,3524 2006,3524 2096,3518 2186,3518 2275,3518 2365,3512 2454,3512 2544,3506 2634,3500 2723,3500 2813,3494 2902,3488 2992,3488 3082,3482 3171,3476 3261,3470 3350,3470 3440,3470 3530,3464 3619,3464 3709,3470"/>
                <TextEquiv>
                    <Unicode>ihm manchmal hundert Frauen, die er geliebt, in der Erinnerung</Unicode>
                </TextEquiv>
            </TextLine>
            <TextLine id="tr_1_tl_9" custom="readingOrder {index:8;}">
                <Coords points="852,3779 3396,3703 3801,3665 3805,3514 859,3597"/>
                <Baseline points="878,3745 943,3739 1033,3733 1122,3733 1212,3727 1302,3721 1391,3721 1481,3715 1570,3715 1660,3715 1750,3709 1839,3703 1929,3703 2018,3697 2108,3697 2198,3691 2287,3685 2377,3685 2466,3679 2556,3673 2646,3673 2735,3673 2825,3667 2914,3661 3004,3661 3094,3655 3183,3649 3273,3649 3362,3649 3452,3643 3541,3637 3631,3637 3721,3631 3810,3637"/>
                <TextEquiv>
                    <Unicode>zu einer einzigen wurden, die als Rätselgestalt durch seine fra-</Unicode>
                </TextEquiv>
            </TextLine>
            <TextLine id="tr_1_tl_10" custom="readingOrder {index:9;}">
                <Coords points="852,3953 3835,3866 3877,3745 3582,3661 859,3775"/>
                <Baseline points="872,3930 925,3930 1015,3918 1105,3912 1194,3906 1284,3906 1373,3900 1463,3900 1552,3894 1642,3888 1732,3888 1821,3882 1911,3876 2000,3876 2090,3876 2180,3870 2269,3864 2359,3864 2448,3858 2538,3858 2628,3852 2717,3846 2807,3846 2896,3840 2986,3840 3076,3834 3165,3834 3255,3828 3344,3828 3434,3828 3524,3822 3613,3816 3703,3810 3792,3810 3882,3810"/>
                <TextEquiv>
                    <Unicode>genden Sinne schwebte. Und war denn nicht am Ende eine Nacht wie</Unicode>
                </TextEquiv>
            </TextLine>
            <TextLine id="tr_1_tl_11" custom="readingOrder {index:10;}">
                <Coords points="867,4131 3544,4040 3673,4013 3680,3820 875,3949"/>
                <Baseline points="889,4097 901,4097 991,4091 1081,4091 1170,4085 1260,4079 1349,4079 1439,4073 1529,4067 1618,4067 1708,4067 1797,4061 1887,4055 1977,4055 2066,4055 2156,4049 2245,4043 2335,4043 2425,4037 2514,4031 2604,4031 2693,4025 2783,4019 2873,4019 2962,4013 3052,4013 3141,4007 3231,4007 3320,4001 3410,4001 3500,3995 3589,3989 3679,3995"/>
                <TextEquiv>
                    <Unicode>die anders? Und eine Frau wie die andere? Besonders, wenn es</Unicode>
                </TextEquiv>
            </TextLine>
            <TextLine id="tr_1_tl_12" custom="readingOrder {index:11;}">
                <Coords points="867,4263 3779,4207 3896,4036 871,4123"/>
                <Baseline points="889,4264 943,4270 1033,4264 1122,4264 1212,4264 1302,4258 1391,4252 1481,4252 1570,4246 1660,4246 1750,4240 1839,4234 1929,4234 2018,4228 2108,4222 2198,4222 2287,4216 2377,4216 2466,4210 2556,4210 2646,4204 2735,4204 2825,4199 2914,4193 3004,4193 3094,4187 3183,4187 3273,4181 3362,4181 3452,4175 3541,4175 3631,4169 3721,4163 3810,4163 3900,4163"/>
                <TextEquiv>
                    <Unicode>vorbei war? Und dieses wort „vorbek' hämmerte in seinen Schläfen</Unicode>
                </TextEquiv>
            </TextLine>
            <TextLine id="tr_1_tl_13" custom="readingOrder {index:12;}">
                <Coords points="1798,4354 1942,4328 1984,4358 2067,4358 2162,4316 2370,4309 2499,4335 2499,4237 2313,4275 2188,4222 2105,4222 2033,4267 1961,4229 1859,4271 1798,4263"/>
                <Baseline points="1821,4330 1881,4324 1971,4324 2060,4318 2150,4318 2239,4318 2329,4312 2419,4312 2508,4318"/>
                <TextEquiv>
                    <Unicode>J'ai es bestimment</Unicode>
                </TextEquiv>
            </TextLine>
            <TextLine id="tr_1_tl_14" custom="readingOrder {index:13;}">
                <Coords points="867,4464 3711,4400 3718,4191 2067,4358 871,4282"/>
                <Baseline points="889,4449 943,4449 1033,4449 1122,4449 1212,4443 1302,4437 1391,4437 1481,4431 1570,4431 1660,4425 1750,4425 1839,4420 1929,4420 2018,4414 2108,4414 2198,4408 2287,4402 2377,4402 2466,4396 2556,4396 2646,4384 2735,4378 2825,4378 2914,4372 3004,4372 3094,4372 3183,4366 3273,4366 3362,4366 3452,4366 3541,4354 3631,4348 3721,4348"/>
                <TextEquiv>
                    <Unicode>weiter, als wohit es von nun ab der Pulsschlag seines</Unicode>
                </TextEquiv>
            </TextLine>
            <TextLine id="tr_1_tl_15" custom="readingOrder {index:14;}">
                <Coords points="871,4661 1780,4657 1954,4608 2094,4642 2158,4627 2166,4441 878,4490"/>
                <Baseline points="895,4629 907,4635 997,4629 1087,4629 1176,4623 1266,4623 1355,4617 1445,4617 1535,4611 1624,4605 1714,4605 1803,4605 1893,4593 1983,4593 2072,4587 2162,4587"/>
                <TextEquiv>
                    <Unicode>Verlorenen Daseins werden.</Unicode>
                </TextEquiv>
            </TextLine>
            <TextLine id="tr_1_tl_16" custom="readingOrder {index:15;}">
                <Coords points="1363,4812 3892,4767 3896,4585 1367,4653"/>
                <Baseline points="1385,4808 1391,4802 1481,4796 1570,4796 1660,4790 1750,4784 1839,4778 1929,4778 2018,4778 2108,4772 2198,4772 2287,4766 2377,4766 2466,4760 2556,4760 2646,4754 2735,4748 2825,4748 2914,4742 3004,4742 3094,4736 3183,4736 3273,4724 3362,4724 3452,4718 3541,4718 3631,4718 3721,4718 3810,4718 3900,4724"/>
                <TextEquiv>
                    <Unicode>Es war ihm, als raschelte irgend etwas hinter ihm läng=</Unicode>
                </TextEquiv>
            </TextLine>
        </TextRegion>
    </Page>
</PcGts>
