4280 5288
2258 442 2555 645 sofort
1072 500 1346 671 G.C.H.F.P
946 542 3993 767 er kaum etwas zu tun, da er sich einen Abschiedsbesuch beim Baron
946 763 3886 1003 Perotti wohl schenken durfte, und ihm eine halbe Stunde vollauf
2971 854 3974 1060 für die Reise eine
1358 915 1632 1011 G.H.F.FF.P
942 950 3871 1201 genügte, um seine gesammten Habseligkeiten in
1876 1075 2094 1190 G.H.F.P.
1640 1075 1812 1182 G.H.F.P.
953 1129 3959 1339 packen. Er dachte der zwei etwas abgetragenen Gewänder, von denen
1072 1270 1255 1392 G.H.F.P.
988 1308 3848 1514 er das schlechtere am Leibe trug, und der vielfach geflickten,
965 1461 3856 1720 einst fein gewesenen Wäsche, die mit ein paar Dosen, einer gol-
976 1640 3959 1911 denen Kette samt Uhr und einer Anzahl von Büchern seinen ganzen
911 1827 3783 2075 Besitz ausmachten;- vergangene Tage fielen ihm ein, da er als
973 1998 3898 2258 vornehmer Mann, mit allem Notwendigen und Ueberflüssigen reich-
965 2178 3806 2353 lich ausgestattet, wohl auch mit einem Diener - der freilich
976 2296 3940 2548 meist ein Gauner war - im prächtigen Reisewagen durch die Lande
988 2532 3955 2700 fuhr;- und ohnmächtiger Zorn trieb ihm die Trünen in die Augen.
976 2685 3936 2891 Ein junges Weib, die Peitsche in der Hand, kutschierte ein Vägel-
988 2910 3886 3062 chen am ihm vorbei, darin zwischen Säcken und allerlei Hausrat
988 3066 3928 3234 schnarchend ihr betrunkener Mann lag. Sie blickte Casanova, wie
3249 3177 3432 3287 G.H.F.P.
2086 3207 2365 3318 G.C.H.F.P.
988 3242 3875 3486 er verzerrten Gesichtes, Unverständliches durch die Zähne mur-
2742 3368 3020 3474 V. P. D.
992 3429 3798 3650 melnd, unter den abgeblühten Kastanienbäumen der Heerstrasse
1995 3558 2269 3673 peut être
988 3593 3909 3852 langbeinig ausschreitend einherkam, zuerst neugierig-spöttisch
999 3779 3898 3997 ins Gesicht; doch da sie ihren Blick zornig blitzend erwidert
1156 3932 1430 4054 berge de
1007 3978 3913 4226 sah, nahmen ihre Augen einen erschrockenen, und endlich, wie sie
999 4085 4069 4409 sich im Weiterfahren nach ihm unwandte, einen wohlgefällig lüster-
1053 4302 1251 4416 mais le
988 4351 3905 4580 nen Ausdruck an. Casanova, der wohl wunste, dass Grimm und Hass
1316 4470 1678 4576 s sein!
999 4535 3936 4767 länger in den Farben der Jugend zu spielen vermögen als Sanft-
