4152 5304
3473 208 3767 363 ,  "   "
733 571 3703 692 zianer Ratsherren die unverzeihlichste dünkte, allmälig in Ver-
3526 669 3711 786 a sob
748 714 3548 888 gessenheit zu geraten und die Geschichte seiner wunderbaren
3503 835 3699 956 G.C.H.F.P.
737 933 3730 1050 Flucht aus den Bleikammern von Venedig, die er unzählige Male an
744 1081 3779 1224 regierenden Höfen, in adeligen Schlössern,an bürgerlichen Tischen
737 1232 3639 1398 und in übelberüchtigten Häusern zum besten gegeben hatte, jede
3510 1368 3820 1485 entendre
748 1398 3616 1602 andere Nachrede, die sich an seinen Namen knüpfte, zuübertönen
2607 1553 2898 1663 Mantun
748 1564 3730 1750 anfing; und eben wieder, in Briefen nach, wo er sich seit
744 1776 3650 2007 zwei Monaten aufhielt, hatten hochmögende Herren dem an innern
744 1920 3669 2093 wie an äussern Glanz langsam verlöschenden Abenteurer Hoffnung
3295 2063 3688 2207 Grunsties
748 2090 3658 2358 gemacht, dass sich sein Schicksal binnen kurzem in der von ihm
3461 2256 3707 2362 de même
982 2275 1258 2411 günst
748 2335 2456 2509 erwänschten (Weise) entscheiden würde.
3397 2411 3718 2539 G.C.H.F.P.
1217 2502 3586 2638 Da seine Geldmittel recht spärlich geworden waren,
744 2713 3726 2827 hatte Casanova beschlossen in dem bescheidenen, aber anständigen
748 2895 3560 2993 Gasthof, den er schon in glücklicheren Jahren einmal bewohnt
3492 2974 3752 3080 alrende
748 3080 3737 3178 hatte, das Eintreffen der Begnadigung abzuwarten, und er vertrieb
3397 3155 3866 3265 sait ringe-
744 3204 3730 3356 sich indes die Zeit - ungeistigerer Zerstreuungen nicht zu ge-
3473 3340 3722 3469 sich
748 3348 3616 3544 denken, auf die gänzlich zu verzichten er nicht imstande war -
2997 3518 3208 3628 de V. A.
756 3484 3779 3718 hauptsächlich mit Abfassung einer Streitschrift gegen den Läste-
744 3715 3741 3900 rer Voltaire, durch deren Veröffentlichung er seine Stellung und
756 3888 3760 4085 sein Ansehen in Venedig gleich nach seiner Wiederkehr bei allen
748 4092 3612 4251 Gutgesinnten in unzerstörberer Weise zu befestigen gedachte.
828 4236 3620 4436 Sines Morgens auf einem Spaziergang ausserhalb der
744 4398 3624 4625 Stadt. während er für einen vernichtenden, gegen den gottlosen
990 4591 1727 4795 G.C.H.F.G.P.K.F:P.
