4152 5240
2385 126 2642 398 : : :
743 643 3756 904 einer übertriebenen Härte in Stimme und Ausdruck, da weder Amalia
731 881 3748 1034 noch Maroolina ein Wort fanden, Olivos Einladung zu unterstützen.
1214 1007 3568 1214 Während sie durch die Kastanienallee dem Tore zu -
754 1183 3672 1401 schritten,richtete Maroolina an Casanova die Frage,ob er heute
743 1397 3557 1597 Nacht seine Arbeit, über der ihn Olivo, wie er gleich erzählt,
3477 1428 3767 1554 habe?
754 1547 3714 1780 noch am hellen Morgen wach gefunden,beträchtlich gefördert hät-
731 1685 3672 1945 Schon dachte Casanova ihr eine zweideutig-boshafte Antwort
747 1891 3683 2098 zu geben, die sie stutzig gemacht hätte, ohne ihn doch selbst zu
773 2041 3729 2286 verraten; aber er zügelte seinen Witz in der Erwägung, dass jede
770 2167 3710 2458 Voreiligkeit von Uebel sein könne, und erwiderte höflich, dass er
758 2412 3576 2630 nur einige Aenderungen angebracht habe, zu denen er die Anre-
762 2577 3641 2776 gung der gestrigen Unterhaltung mit ihr verdanke. Sie stiegen
785 2780 3599 2998 in den unförmlichen, schlechtgepolsterten, aber sonst bequemen
766 2948 3637 3151 Wagen. Casanova sass Maroolina, Olivo seiner Gattin gegenüber;
766 3155 3637 3323 doch das Gefährt war so geräumig, dass es trotz des Hinundher-
766 3308 3702 3477 rüttelnd zu keiner ungewollten Berührung zwischen den Insassen
770 3469 3745 3687 kommen konnte. Casanova bat Amalia ihm ihren Traum zu erzählen.
777 3660 3852 3867 Sie lächelte ihn freundlich, fast gütig an; jede Spur von Gekränkt-
785 3833 3626 4051 heit oder Groll war aus ihren Zügen verschwunden. Dannbegann
1577 3951 1868 4055 Coaure
781 4005 3710 4208 sie: „Ich sah sie in einem herrlichen mit sechs dunklen Pferden
770 4196 3710 4395 bespannten Wagen vor einem hellen Gebäude vorfahren. Vielmehr
785 4365 3568 4572 der Wagen hielt an und ich wusste noch nicht, wer drin wass-
777 4522 3668 4763 da stütgen sie aus, in einem prächtigen weissen goldgestickten
