4232 5304
841 541 3745 818 lief in Zimmer hin und her wie in einem Käfig. Ein ungehouerer
833 750 3688 973 Grimm hatte ihn erfasst,gegen Maroolina, gegen Voltaire,gegeb
852 928 3673 1162 sich selbst, gegen die ganze Welt. Er nahm seine letzte Kraft
852 1132 3805 1352 zusammen, um nicht aufzubrüllen. Endlich warf er sich aufs Bett,
863 1272 3699 1514 ohne sich auszukleiden und lag nun da, die weit offenen Augen
2707 1443 2999 1579 dessin
810 1496 3858 1719 zum Gebälk der Decke gerichtet, inmitten dass er jetzt an einzel-
852 1655 3805 1897 nen Stellen im Schein der Kerzen Spinnengewebe silbrig glänzen
878 1810 3881 2056 sah. Dann, wie es ihm zuweilen nach spielpartien vor dem Einschla-
875 1969 3835 2223 fen begegnete, jagten mit phantastischer Geschwindigkeit Karten-
882 2154 3767 2416 bilder an ihm vorbei, und endlich versank er wirklich in einen
905 2336 3676 2575 traumlosen Schlummer, der aber nur eine kurze Weile dauerte.
878 2537 3665 2749 Nun horchte er auf die geheimnisvolle Stille ringa um sich.
894 2654 3756 2942 Nach Osten und Süden standen die Fenster des Turmsgemachs of-
882 2889 3809 3124 fen, aus Garten und Feld drangen linde süsse Gerüche aller Art,
905 3006 3828 3286 aus der Landschaft unbestimmte Geräusche zu ihm herein, wie die
901 3211 3741 3480 kommende Frühe sie aus der Weite und Nähe zu bringen pflegt.
920 3385 3835 3658 Casanova vermochte nicht länger still zu liegen; ein lebhafter
916 3574 3726 3809 prang nach Veränderung, erfasste ihn und lookte ihn, sich ins
924 3703 3885 3998 Freie zu begeben. Vogelgesang rief ihn von draussen, ein morgen-
928 3907 3828 4169 kühler Wind rührte an seine stirn. Leise öffnete Casanova die
916 4093 3941 4354 Tür, ging vorsichtig über die Treppe hinab, mit seiner oft erprob-
916 4275 3824 4517 ten Geschicklichkeit brachte er es zuwege, dass die Holzstufen
947 4528 3756 4786 unter seinem Schritt nicht im geringsten knarrten; über die
