4152 5256
797 726 3715 924 Nun erblickte ich Sie plötzlich an einem andern Fenster, in ei-
797 875 3805 1074 nem höhern Stockwerk, wo genau dasselbe vor sich ging, dann wieder
804 1059 3726 1261 höher, und wieder, es war, als wüchse das Gebäude ins Unendliche;
819 1231 3794 1448 und von überall grüssten Sie herunter und sprachen mit Menschen,
804 1429 3711 1605 die hinter Ihnen standen, aber doch eigentlich gar nicht da wa-
808 1571 3760 1777 waren. Lorenzi aber lief immer fort auf den Treppen Ihnen nach,
808 1777 3610 1938 ohne Sie einzuholen. Sie hatten nämlich nicht daran gedacht
804 1972 2110 2144 ihm ein Almosen zu geben...
1257 2065 3689 2308 iNun?" fragte Casanova, als Amalia schwieg.- „Es kam
808 2286 3648 2465 wohl noch allerlei, aber ich hab' es vergessen", sagte Amalia.
1635 2409 2241 2525 au overstelle
816 2417 3711 2649 Casanova war enttäuscht; er hätte, wie er es in solchen Fällen,
804 2641 3723 2873 ob es sich nun um Träume handelte oder um wirklichkeiten, immer
804 2828 3704 3038 tat, das Erzählung eine Abrundung, einen Sinn zu geben versucht,
808 2986 3622 3176 und so bemerkte er nun etwas unzufrieden: „Wie der Traum doch
816 3165 3704 3363 alles verkehrt.- Ich - als reicher Mann und Lorenzi als Bettler
808 3348 3689 3565 und alter Mann".- „Mit Lorenzis Reichtum“, sagte Olivo, ist es
2488 3446 2836 3565 clenilist
801 3543 3775 3738 nicht weit her; sein Vater ist zwar wohl begütert, aber er steht
793 3719 3745 3913 mit dem Sohne nicht zum Besten." - und ohne sich mit Fragen wei-
804 3861 3681 4059 ter bemühen zu müssen, erfuhr Casanova, dass man des Leutenants
797 4048 3655 4269 Bekanntschaft erst von wenigen Noshen gemacht, und dann durch
1781 4153 2750 4291 im ereichen bruder
1392 4160 1669 4302 verden
793 4224 3622 4426 den Marchene, der ihn eines Tages einfach in Olivos Haus mit-
793 4411 3726 4598 gebracht habe. Viender junge Offizier mit der Marchesa stünde.
804 4594 3614 4789 das müsse man einem Kenner, wie den Chevalier, nicht erst aus-
