4216 5288
3256 177 3456 460 P.S.P.
3422 399 3577 562 85
690 705 3690 893 ten, um aus Voltaires eigenem Mund zu erfahren, wie er die streit-
709 897 3580 1116 schrift seines gefährlichsten Widersachers, des Chevaliers von
720 1033 3667 1266 Seingalt, aufgenommen Mit". Casanova, die Hand auf der Seitenleh-
709 1217 3708 1432 ne des Wagens, neben Maroolinens Arm, dessen sich bauschende Hülle
720 1421 3659 1613 seine Finger streifte, erwiderte kühl: „Es wird sich weniger da-
720 1560 3505 1783 rum handeln,wie Herr Voltaire, als vielmehr wie die Nachwelt
731 1752 3588 2016 meine Schrift aufnimmt; denn diese erst wird ein Recht darauf
727 1926 3577 2122 haben, die endgiltige Entscheidung zu treffen".- „sie glauben",
731 2080 3750 2318 meinte Marcolina ernsthaft, dass in den Fragen, die hier zur Sprä-
739 2288 3610 2495 che stehen, überhaupt endgiltige Entscheidungen gefällt werden
750 2427 3641 2672 können?"- „Diese Frage wundert mich aus Ihrem Munde, Marcolina,
754 2623 3780 2891 deren philosophische, und wenn das Wort hier angebracht erscheint,
761 2789 3648 3004 religiöse Ansichten mir zwar keineswegs an sich unbestreitbar,
773 2974 3735 3185 aber doch in Ihrer geele.— falls gie eine solche als vorhanden
765 3181 3539 3414 annehmen,vollkommen festgegründet schienen". - Marcolina, der
765 3279 3599 3505 Spitzen in Casanovas Rede nicht achtend, sah ruhig zum Himmel
780 3486 3773 3773 auf, der sich in dunkler Bläue über die Wipfel der Bäume breitete
776 3659 3675 3920 und erwiderte: Manchmal,besonders an Tagen wie heute",- und in
780 3878 3750 4070 diesem Wort klang nur für Casanova, den Vissenden, aus den Tiefen
791 4025 3671 4232 ihres erwachten Frauenherzens eine bebende Andacht mit - ist
784 4187 3603 4492 mir, als wäre all das, was man Philosophie und Religion nennt,
788 4387 3769 4613 nur ein Spiel mit Worten, edler freilich, doch auch sinnloser als
791 4575 3814 4809 alle andern sind. Die Unendlichkeit und die Ewigkeit zu erfassen
