4232 5288
1178 266 1358 397 M. I
867 622 3759 888 und kam endlich zur Besinnung, ja fand sich jetzt erst selber
871 830 3742 1059 wieder, als hätte er sich aus einem geprügelten kund in einen
875 1047 3865 1252 Menschen zurückverwandelt, der die Prügel nicht als körperlichen
883 1190 3951 1407 Schmerz, sondern als tiefe Beschämung weiter zu verspüren verdammt
879 1366 3783 1591 war. Warum, fragte er sich, bin ich nicht zu dem Fenster hin, so
892 1542 3849 1763 lang es noch offen stand? Und über die Brüstung hinein zu ihr?-
875 1734 3804 1971 Hätte sie Widerstand leisten können - dürfen - die Heuchlerin,
892 1943 3714 2127 die Lügnerin, die Dirne? Und er beschimpfte sie immer weiter,
3100 2008 3922 2135 Kriegelobt nie einen
1464 2070 1661 2180 ein
892 2110 3922 2299 als hätte er das Recht dazu, als hättte sie ihn betragen wie einen
1427 2205 2270 2348 medits betrages
892 2290 3836 2483 Geliebten, dem sie uns geleht. Er schwor sich zu sie zur Rede
888 2397 3910 2642 zu stellen von Angesicht zu angesicht, ihr ins Antlitz zu schleu-
904 2609 3808 2830 dern, vor Ilivo,vor Amalia,vor dem Marchese, dem Abbate,vor der
908 2785 3935 2998 Magd und den Knechten, dass sie eine lüsterne kleine Hure war und
904 2949 3930 3178 nichts anderes. Wie zur Uebung, in aller Ausführlichkeit erzählte
916 3162 3902 3337 er sich selber vor, was er eben mitangesehen und machte sich das
916 3337 3783 3542 Vergnügen, allerlei dazu zu erfinden, um sie noch tiefer zu or-
3362 3440 3771 3554 d-p-ne
904 3517 3857 3714 niedrigen; dass sie nackt am Fenster gestanden sei, und sich im
904 3693 3845 3890 Spiel der Morgenwinde von ihren Geliebten in unsüchtiger Weise
2973 3775 3288 3894 Wuth
1235 3820 1624 3922 unniently.
724 3869 3861 4090 nich hatte liebkosen lassen. Nachdem er so seine Not fürs Erste zur
2025 3992 2286 4102 do the
650 4004 3935 4233 Not beschwichtigt hatte, dann er nach, ob mit dem, was er nun wuss-
916 4176 3771 4401 te, nicht doch vielleicht was Besseres anzufangen wäre. Hatte
3141 4348 3337 4434 seling
920 4364 3947 4622 er sie jetzt nicht in seiner Gewalt? Konnte an die Gunst, die sie
1857 4499 2470 4634 genahnt hätte.
789 4560 3845 4785 5  ihm gutwillig nicht gerührte, nicht durch Drohungen von ihr er-
