4200 5288
714 529 3644 752 send.-.Beinahe“, erwiderte Casanova lächelndund erzählte wahr-
717 737 3675 925 heitsgemäse, dass ihn als einem fünfzehnjährigen Knaben der Pa-
740 921 3660 1170 triarch von Venedig die niederen Weihen verliehen, dass er aber
733 1059 3671 1293 schon als Jüngling vorgezogen habe das geistliche Gewand wieder
737 1270 3725 1492 abzulegen. Der Abbate tat eines nahegelegenen prauenklosters
748 1450 3713 1676 Erwähnung, zu dessen Beauch er Casanova dringend rate,falls er
744 1588 3779 1853 es noch nicht kennen sollte. Olivo stimmte lebhaft zu; er rühmte
748 1745 3713 2060 den düstern alten Bau, die annutige Gegend, in der er gelegen
756 1960 3771 2171 war, den abwechslungsreichen Weg dahin. Uebrigens, fuhr der Abbate
756 2175 3756 2425 fort, habe die Aebtissin, Schwester Beraphina,-eine höchst gelehr-
756 2352 3713 2536 te Frau, Herzogin von Geburt - in einem Brief an ihn den Wunsch
760 2486 3687 2701 geäussert, (schriftlich darum, weil in jenem Kloster das Gelübde
675 2666 982 2812 enigen
767 2670 3683 2881 des Schweigens herrsche) Marcolina, von deren Gelehrsamkeit sie
767 2850 3725 3057 erfahren, von Angesicht zu Angasicht kennen zu lernen.-. Ich hof-
752 3000 3790 3268 fe, Marcolina", sagte Lorenzi, und es war das erste Mal, dass er das
771 3211 3813 3441 Wort geradaus an sie richtete, Sie werden sich nicht dazu verfüh-
790 3368 3875 3598 ren lasen, der Herzogin-Aebtiesin in jeder Beziehung nachzueifern.
794 3583 3713 3821 „Warum sollt' ich auch?“ erwiderte Maroolina heiter;,man kann
794 3706 3733 3994 seine Freiheit auch ohne Gelübde bewahren - und besser, denn Ge-
794 3928 1619 4166 lübde ist Zwang“.
1220 4036 3602 4300 Casanova sass neben ihr. Er wagte es nicht einmal
779 4247 3794 4485 leise ihren Fuss zu berühren oder sein Knie an das ihre zu drän-
790 4404 3786 4696 gen: noch ein drittes Mal jenen Ausdrucks des Grauens, des Ekels
794 4604 3702 4884 in ihrem Blick gewahren zu müssen- dass war er gewiss - hätte
