4200 5320
3478 353 3666 533 44
747 541 3647 838 zu Fuss gehen. Du hast wohl nichts dagegen, die kleine Strecke
751 774 3636 1044 allein zu fahren", wandte er sich an die Marchesa, die Casanova
736 954 3711 1172 die ganze Zeit über mit lüstern prüfenden Augen betrachtet hat-
778 1116 3689 1364 te; gab, ohne die Antwort seiner Gattin abzuwarten, dem Kutscher
766 1303 3756 1563 einen Wink, worauf dieser sofort wie toll auf die Pferde einhieb,
766 1439 3681 1694 als käme es ihm aus irgend einem Grund darauf an seine Herrin
763 1649 3629 1878 möglichst so schwind davonzubringen; und gleich war der Wagen
766 1848 2524 2055 hinter einer Staubwolke verschwunden.
2430 1908 3144 2122 in à une gegend
1243 1980 3674 2265 „Man weiss nämlich schon ninge xxx „sagte der Mar-
781 2164 3655 2453 ohese, der noch ein paar Zoll höher als Casanova und von einer
781 2333 3625 2622 unnatürlichen Magerkeit war, dass der Chevalier von Seingalt
796 2543 3696 2802 in unsvrer nicht angekommen und bei seinem Freund Olivo abge-
793 2697 3617 2941 stiegen ist. Es muss ein erhebendes Gefühl sein, einen so be-
796 2937 1980 3163 rühmten Namen zu tragen."
1270 3039 3752 3309 „Sie sind sehr gütig. Herr Marchese“, erwiderte Casano-
819 3215 3737 3467 va,, ich habe allerdings die Hoffnung noch nicht aufgegeben, mir
815 3392 3790 3662 einen solchen Namen zu erwerben, finde mich aber vorläufig davon
808 3602 3798 3858 noch recht weit entfernt.- Eine Arbeit, mit der ich eben beschäf-
823 3764 3689 4027 tigt bin, wird mich meinem ziele hoffentlich etwas näher brin-
808 4008 1086 4230 gen.°
1292 4079 3700 4380 „Wir können den Weg hier abkürzen“, sagte Olivo und
3234 4282 3636 4406 diesem Geld
815 4323 3839 4586 schlug einen Feldweg ein, der gerade auf die Mauer seines Gartens
830 4474 3700 4789 zuführte.- „Arbeit?“ wiederholte der Marchese mitneinem unbe-
