<?xml version="1.0" encoding="UTF-8" standalone="yes"?>
<PcGts xmlns="http://schema.primaresearch.org/PAGE/gts/pagecontent/2013-07-15" xmlns:xsi="http://www.w3.org/2001/XMLSchema-instance" xsi:schemaLocation="http://schema.primaresearch.org/PAGE/gts/pagecontent/2013-07-15 http://schema.primaresearch.org/PAGE/gts/pagecontent/2013-07-15/pagecontent.xsd">
    <Metadata>
        <Creator>prov=READ-COOP:name=TrHtr:version=2.1.0:model_id=51170:date=14_08_2023_14:32</Creator>
        <Created>2023-05-10T14:09:15.437+02:00</Created>
        <LastChange>2023-08-14T14:32:18.463+02:00</LastChange>
        <TranskribusMetadata docId="1428605" pageId="55416877" pageNr="47" tsid="132808597" status="IN_PROGRESS" userId="64420" imgUrl="https://files.transkribus.eu/Get?id=PFITZKADAQIHGNBZNBHIZQVC&amp;fileType=view" xmlUrl="https://files.transkribus.eu/Get?id=FUAPAOEZJVXTGXUUUTIZAVZJ" imageId="44690981"/>
    </Metadata>
    <Page imageFilename="1428605_0047.jpg" imageWidth="4216" imageHeight="5320">
        <ReadingOrder>
            <OrderedGroup id="ro_1711788444871" caption="Regions reading order">
                <RegionRefIndexed index="0" regionRef="tr_1"/>
            </OrderedGroup>
        </ReadingOrder>
        <TextRegion id="tr_1" custom="readingOrder {index:0;}">
            <Coords points="525,541 3773,541 3773,4673 525,4673"/>
            <TextLine id="tr_1_tl_1" custom="readingOrder {index:0;}">
                <Coords points="3405,612 3466,612 3482,624 3502,608 3527,616 3551,600 3575,612 3604,612 3608,434 3575,434 3563,418 3535,418 3523,430 3494,426 3458,442 3438,430 3409,434"/>
                <Baseline points="3427,597 3433,597 3522,591 3612,591"/>
                <TextEquiv>
                    <Unicode>es</Unicode>
                </TextEquiv>
            </TextLine>
            <TextLine id="tr_1_tl_2" custom="readingOrder {index:1;}">
                <Coords points="693,839 2971,713 3336,790 3689,718 3693,620 2793,563 697,681"/>
                <Baseline points="716,794 746,782 835,782 925,776 1015,776 1104,770 1194,770 1283,764 1373,764 1462,758 1552,758 1641,758 1731,752 1821,746 1910,740 2000,740 2089,734 2179,734 2268,728 2358,728 2448,722 2537,716 2627,710 2716,704 2806,704 2895,698 2985,692 3074,692 3164,686 3254,686 3343,680 3433,680 3522,674 3612,674 3701,668"/>
                <TextEquiv>
                    <Unicode>stimmten Ausdruck..Darf man fragen, von welcher Art von Arbeit</Unicode>
                </TextEquiv>
            </TextLine>
            <TextLine id="tr_1_tl_3" custom="readingOrder {index:2;}">
                <Coords points="685,973 2830,989 3547,904 3551,754 693,839"/>
                <Baseline points="710,967 782,961 871,961 961,955 1050,949 1140,949 1229,943 1319,937 1409,937 1498,931 1588,925 1677,925 1767,919 1856,913 1946,913 2036,913 2125,907 2215,907 2304,901 2394,901 2483,895 2573,889 2662,889 2752,877 2842,877 2931,871 3021,871 3110,865 3200,865 3289,865 3379,859 3469,847 3558,853"/>
                <TextEquiv>
                    <Unicode>Sie sprechen, Chevalier?" - „Venn Sie mich danach fragen. Herr</Unicode>
                </TextEquiv>
            </TextLine>
            <TextLine id="tr_1_tl_4" custom="readingOrder {index:3;}">
                <Coords points="713,1196 3506,1115 3636,961 718,1046"/>
                <Baseline points="734,1134 782,1128 871,1128 961,1128 1050,1122 1140,1116 1229,1116 1319,1110 1409,1110 1498,1104 1588,1104 1677,1098 1767,1092 1856,1092 1946,1092 2036,1086 2125,1080 2215,1080 2304,1080 2394,1068 2483,1068 2573,1062 2662,1056 2752,1056 2842,1050 2931,1050 3021,1044 3110,1038 3200,1038 3289,1032 3379,1032 3469,1026 3558,1026 3648,1032"/>
                <TextEquiv>
                    <Unicode>Marchese, so sch ich mich genötigt meinerseits an Sie die Frage</Unicode>
                </TextEquiv>
            </TextLine>
            <TextLine id="tr_1_tl_5" custom="readingOrder {index:4;}">
                <Coords points="705,1342 3555,1277 3693,1216 3701,1066 709,1228"/>
                <Baseline points="728,1307 752,1307 841,1307 931,1301 1021,1301 1110,1295 1200,1295 1289,1289 1379,1283 1468,1283 1558,1277 1647,1271 1737,1271 1827,1271 1916,1265 2006,1259 2095,1259 2185,1253 2274,1247 2364,1241 2454,1241 2543,1235 2633,1229 2722,1229 2812,1224 2901,1224 2991,1218 3080,1218 3170,1212 3260,1206 3349,1200 3439,1194 3528,1194 3618,1188 3707,1170"/>
                <TextEquiv>
                    <Unicode>zu richten, von was für einer Art Ruhm Sie vorhin geredet haben!</Unicode>
                </TextEquiv>
            </TextLine>
            <TextLine id="tr_1_tl_6" custom="readingOrder {index:5;}">
                <Coords points="709,1528 3624,1447 3628,1257 718,1399"/>
                <Baseline points="734,1480 770,1474 859,1474 949,1468 1038,1468 1128,1468 1218,1462 1307,1456 1397,1450 1486,1450 1576,1444 1665,1444 1755,1438 1844,1438 1934,1432 2024,1432 2113,1427 2203,1421 2292,1415 2382,1415 2471,1415 2561,1409 2651,1409 2740,1403 2830,1397 2919,1391 3009,1391 3098,1385 3188,1379 3277,1379 3367,1373 3457,1367 3546,1367 3636,1373"/>
                <TextEquiv>
                    <Unicode>Dabei sah er dem Marchese hochmütig in die stechenden Augen.</Unicode>
                </TextEquiv>
            </TextLine>
            <TextLine id="tr_1_tl_7" custom="readingOrder {index:6;}">
                <Coords points="722,1719 3758,1569 3766,1447 730,1581"/>
                <Baseline points="746,1653 818,1653 907,1653 997,1647 1086,1641 1176,1641 1265,1636 1355,1636 1444,1630 1534,1630 1624,1624 1713,1618 1803,1612 1892,1612 1982,1606 2071,1600 2161,1600 2250,1594 2340,1588 2430,1582 2519,1582 2609,1582 2698,1576 2788,1570 2877,1570 2967,1564 3057,1564 3146,1558 3236,1552 3325,1546 3415,1540 3504,1540 3594,1540 3683,1534 3773,1540"/>
                <TextEquiv>
                    <Unicode>Denn wenn er auch sehr wohl wuste, dass weder sein phantastischer</Unicode>
                </TextEquiv>
            </TextLine>
            <TextLine id="tr_1_tl_8" custom="readingOrder {index:7;}">
                <Coords points="1739,1715 3673,1654 3734,1569 1739,1634"/>
                <Baseline points="1761,1689 1773,1689 1862,1683 1952,1683 2042,1677 2131,1671 2221,1665 2310,1659 2400,1659 2489,1653 2579,1653 2668,1647 2758,1641 2848,1641 2937,1636 3027,1641 3116,1636 3206,1636 3295,1630 3385,1618 3475,1618 3564,1618 3654,1618 3743,1624"/>
                <TextEquiv>
                    <Unicode>Dreibäutje „Widerlyring von Amelots Geschichte“</Unicode>
                </TextEquiv>
            </TextLine>
            <TextLine id="tr_1_tl_9" custom="readingOrder {index:8;}">
                <Coords points="3024,1727 3085,1723 3138,1755 3348,1731 3478,1731 3502,1755 3539,1723 3685,1751 3738,1739 3742,1638 3656,1654 3478,1626 3417,1666 3348,1638 3312,1666 3024,1646"/>
                <Baseline points="3045,1725 3122,1719 3212,1719 3301,1719 3391,1713 3480,1713 3570,1707 3660,1707 3749,1701"/>
                <TextEquiv>
                    <Unicode>in neun Bänden</Unicode>
                </TextEquiv>
            </TextLine>
            <TextLine id="tr_1_tl_10" custom="readingOrder {index:9;}">
                <Coords points="718,1881 880,1921 1439,1816 2063,1889 2331,1767 2980,1767 2984,1678 1427,1747 1139,1662 726,1727"/>
                <Baseline points="740,1827 752,1827 841,1827 931,1827 1021,1821 1110,1821 1200,1809 1289,1809 1379,1797 1468,1797 1558,1797 1647,1791 1737,1791 1827,1785 1916,1785 2006,1779 2095,1779 2185,1773 2274,1761 2364,1755 2454,1749 2543,1743 2633,1737 2722,1743 2812,1737 2901,1737 2991,1737"/>
                <TextEquiv>
                    <Unicode>Roman, Joosameron, noch seine Geschichte Venedig</Unicode>
                </TextEquiv>
            </TextLine>
            <TextLine id="tr_1_tl_11" custom="readingOrder {index:10;}">
                <Coords points="2234,1873 2785,1804 3174,1844 3316,1788 3450,1844 3575,1800 3579,1723 2234,1784"/>
                <Baseline points="2256,1815 2334,1815 2424,1815 2513,1809 2603,1803 2692,1803 2782,1797 2871,1797 2961,1791 3051,1779 3140,1785 3230,1785 3319,1785 3409,1779 3498,1773 3588,1761"/>
                <TextEquiv>
                    <Unicode>der reussionischen Regierung“</Unicode>
                </TextEquiv>
            </TextLine>
            <TextLine id="tr_1_tl_12" custom="readingOrder {index:11;}">
                <Coords points="713,2096 2834,1958 3604,2011 3693,1776 953,1954 722,1885"/>
                <Baseline points="740,2000 746,2000 835,2006 925,2000 1015,2000 1104,1994 1194,1988 1283,1988 1373,1982 1462,1976 1552,1976 1641,1970 1731,1964 1821,1964 1910,1958 2000,1952 2089,1946 2179,1946 2268,1946 2358,1946 2448,1940 2537,1934 2627,1928 2716,1928 2806,1922 2895,1916 2985,1916 3074,1916 3164,1910 3254,1910 3343,1904 3433,1892 3522,1892 3612,1892 3701,1886"/>
                <TextEquiv>
                    <Unicode>ihm schriftstellerischen Ruhm eingebracht hatten, es lag ihm da-</Unicode>
                </TextEquiv>
            </TextLine>
            <TextLine id="tr_1_tl_13" custom="readingOrder {index:12;}">
                <Coords points="940,1946 1403,1926 1496,1901 1553,1921 1597,1913 1601,1853 1544,1865 1500,1828 1463,1849 1427,1816 1366,1861 1228,1849 1196,1877 945,1885"/>
                <Baseline points="961,1934 979,1928 1068,1922 1158,1922 1247,1916 1337,1910 1427,1904 1516,1892 1606,1892"/>
                <TextEquiv>
                    <Unicode>neimensvatter</Unicode>
                </TextEquiv>
            </TextLine>
            <TextLine id="tr_1_tl_14" custom="readingOrder {index:13;}">
                <Coords points="730,2221 3551,2185 3596,1978 734,2108"/>
                <Baseline points="752,2185 823,2185 913,2179 1003,2179 1092,2167 1182,2167 1271,2161 1361,2161 1450,2155 1540,2149 1630,2149 1719,2143 1809,2143 1898,2137 1988,2131 2077,2131 2167,2125 2256,2119 2346,2119 2436,2113 2525,2107 2615,2107 2704,2107 2794,2101 2883,2095 2973,2095 3063,2089 3152,2089 3242,2083 3331,2077 3421,2077 3510,2071 3600,2065"/>
                <TextEquiv>
                    <Unicode>ran, für sich keinen andern als erstrebenswert gelten zu las-</Unicode>
                </TextEquiv>
            </TextLine>
            <TextLine id="tr_1_tl_15" custom="readingOrder {index:14;}">
                <Coords points="750,2408 3531,2347 3624,2169 1176,2217 754,2311"/>
                <Baseline points="776,2358 853,2358 943,2352 1032,2346 1122,2346 1212,2346 1301,2340 1391,2334 1480,2334 1570,2328 1659,2328 1749,2322 1839,2322 1928,2316 2018,2310 2107,2310 2197,2304 2286,2298 2376,2298 2465,2298 2555,2292 2645,2286 2734,2280 2824,2280 2913,2274 3003,2274 3092,2268 3182,2262 3272,2262 3361,2256 3451,2256 3540,2256 3630,2262"/>
                <TextEquiv>
                    <Unicode>sen, und er missverstand absichtlich alle weiteren vorsichtig</Unicode>
                </TextEquiv>
            </TextLine>
            <TextLine id="tr_1_tl_16" custom="readingOrder {index:15;}">
                <Coords points="754,2590 2850,2562 3620,2485 3624,2339 758,2465"/>
                <Baseline points="782,2537 853,2537 943,2531 1032,2525 1122,2525 1212,2525 1301,2519 1391,2513 1480,2513 1570,2513 1659,2507 1749,2501 1839,2501 1928,2495 2018,2495 2107,2489 2197,2489 2286,2477 2376,2477 2465,2471 2555,2471 2645,2465 2734,2459 2824,2459 2913,2454 3003,2448 3092,2448 3182,2448 3272,2442 3361,2436 3451,2436 3540,2436 3630,2430"/>
                <TextEquiv>
                    <Unicode>tastenden Bemerkungen und Anspielungen des Marchese, der sich</Unicode>
                </TextEquiv>
            </TextLine>
            <TextLine id="tr_1_tl_17" custom="readingOrder {index:16;}">
                <Coords points="754,2720 3494,2716 3575,2525 758,2619"/>
                <Baseline points="776,2716 800,2710 889,2716 979,2710 1068,2704 1158,2704 1247,2698 1337,2698 1427,2692 1516,2692 1606,2686 1695,2680 1785,2680 1874,2674 1964,2668 2053,2668 2143,2662 2233,2657 2322,2657 2412,2657 2501,2651 2591,2645 2680,2645 2770,2639 2860,2633 2949,2633 3039,2627 3128,2627 3218,2627 3307,2627 3397,2621 3486,2615 3576,2615"/>
                <TextEquiv>
                    <Unicode>unter Casanova wohl einen berühmten Frauenverführer, Spieler,</Unicode>
                </TextEquiv>
            </TextLine>
            <TextLine id="tr_1_tl_18" custom="readingOrder {index:17;}">
                <Coords points="758,2919 3247,2915 3665,2870 3669,2712 762,2793"/>
                <Baseline points="782,2895 812,2895 901,2889 991,2883 1080,2883 1170,2877 1259,2877 1349,2871 1438,2877 1528,2871 1618,2865 1707,2860 1797,2860 1886,2854 1976,2854 2065,2848 2155,2848 2245,2842 2334,2836 2424,2836 2513,2830 2603,2830 2692,2824 2782,2824 2871,2824 2961,2818 3051,2818 3140,2812 3230,2812 3319,2806 3409,2800 3498,2800 3588,2794 3678,2782"/>
                <TextEquiv>
                    <Unicode>Geschäftemann, politischen Emissär und sonst alles mögliche, nur</Unicode>
                </TextEquiv>
            </TextLine>
            <TextLine id="tr_1_tl_19" custom="readingOrder {index:18;}">
                <Coords points="770,3089 3429,3024 3636,2996 3640,2878 774,3012"/>
                <Baseline points="794,3069 871,3069 961,3069 1050,3063 1140,3063 1229,3057 1319,3051 1409,3051 1498,3051 1588,3045 1677,3039 1767,3039 1856,3033 1946,3027 2036,3027 2125,3021 2215,3015 2304,3015 2394,3009 2483,3009 2573,3003 2662,3003 2752,3003 2842,2997 2931,2991 3021,2991 3110,2985 3200,2979 3289,2979 3379,2979 3469,2973 3558,2967 3648,2967"/>
                <TextEquiv>
                    <Unicode>durchaus keinen Schriftsteller vorzustellen imstande war,umso</Unicode>
                </TextEquiv>
            </TextLine>
            <TextLine id="tr_1_tl_20" custom="readingOrder {index:19;}">
                <Coords points="1699,3166 3734,3081 3738,2988 1703,3052"/>
                <Baseline points="1719,3140 1773,3140 1862,3128 1952,3128 2042,3122 2131,3116 2221,3110 2310,3104 2400,3104 2489,3098 2579,3098 2668,3092 2758,3092 2848,3086 2937,3074 3027,3074 3116,3069 3206,3063 3295,3063 3385,3063 3475,3063 3564,3057 3654,3051 3743,3057"/>
                <TextEquiv>
                    <Unicode>Widerlezing des Awelotschen Weides nach er¬</Unicode>
                </TextEquiv>
            </TextLine>
            <TextLine id="tr_1_tl_21" custom="readingOrder {index:20;}">
                <Coords points="1062,3162 1095,3162 1115,3174 1151,3162 1228,3170 1281,3158 1297,3174 1322,3174 1326,3109 1289,3109 1281,3093 1249,3077 1196,3101 1176,3097 1172,3085 1151,3097 1135,3093 1123,3105 1111,3093 1066,3093"/>
                <Baseline points="1086,3158 1152,3152 1241,3146 1331,3140"/>
                <TextEquiv>
                    <Unicode>weder</Unicode>
                </TextEquiv>
            </TextLine>
            <TextLine id="tr_1_tl_22" custom="readingOrder {index:21;}">
                <Coords points="766,3336 3405,3186 3648,3259 3693,3069 774,3129"/>
                <Baseline points="794,3242 829,3248 919,3248 1009,3242 1098,3242 1188,3236 1277,3230 1367,3230 1456,3230 1546,3224 1636,3218 1725,3212 1815,3212 1904,3212 1994,3206 2083,3200 2173,3194 2262,3188 2352,3188 2442,3188 2531,3188 2621,3188 2710,3182 2800,3182 2889,3176 2979,3176 3069,3170 3158,3164 3248,3158 3337,3158 3427,3152 3516,3146 3606,3146 3695,3140"/>
                <TextEquiv>
                    <Unicode>weniger als von der Geschichte Kanadige und den Joosameron nie</Unicode>
                </TextEquiv>
            </TextLine>
            <TextLine id="tr_1_tl_23" custom="readingOrder {index:22;}">
                <Coords points="503,3478 3754,3405 3758,3231 507,3304"/>
                <Baseline points="525,3445 543,3445 632,3433 722,3427 812,3427 901,3421 991,3421 1080,3421 1170,3409 1259,3409 1349,3409 1438,3403 1528,3397 1618,3397 1707,3397 1797,3391 1886,3391 1976,3385 2065,3385 2155,3379 2245,3373 2334,3373 2424,3367 2513,3361 2603,3355 2692,3355 2782,3349 2871,3349 2961,3349 3051,3343 3140,3337 3230,3337 3319,3331 3409,3331 3498,3325 3588,3319 3678,3319 3767,3319"/>
                <TextEquiv>
                    <Unicode>wert eine Kunde zu ihn gedrungen war. So bemerkte er endlich mit ei-</Unicode>
                </TextEquiv>
            </TextLine>
            <TextLine id="tr_1_tl_24" custom="readingOrder {index:23;}">
                <Coords points="778,3616 3734,3584 3766,3397 782,3547"/>
                <Baseline points="800,3606 812,3600 901,3600 991,3600 1080,3600 1170,3594 1259,3588 1349,3588 1438,3582 1528,3582 1618,3576 1707,3576 1797,3570 1886,3564 1976,3564 2065,3558 2155,3558 2245,3552 2334,3546 2424,3546 2513,3540 2603,3540 2692,3534 2782,3528 2871,3522 2961,3528 3051,3522 3140,3516 3230,3510 3319,3504 3409,3504 3498,3504 3588,3498 3678,3492 3767,3498"/>
                <TextEquiv>
                    <Unicode>ner gewissen höflichen Verlegenheit: Immerhin gibt es nur einen</Unicode>
                </TextEquiv>
            </TextLine>
            <TextLine id="tr_1_tl_25" custom="readingOrder {index:24;}">
                <Coords points="3235,3624 3361,3608 3393,3628 3438,3608 3462,3628 3584,3592 3661,3608 3665,3519 3604,3523 3584,3543 3527,3531 3486,3555 3405,3547 3381,3527 3328,3563 3239,3551"/>
                <Baseline points="3260,3600 3313,3600 3403,3594 3492,3588 3582,3588 3672,3588"/>
                <TextEquiv>
                    <Unicode>entgegnete</Unicode>
                </TextEquiv>
            </TextLine>
            <TextLine id="tr_1_tl_26" custom="readingOrder {index:25;}">
                <Coords points="778,3847 3438,3778 3632,3725 3636,3608 2927,3563 782,3717"/>
                <Baseline points="806,3779 865,3779 955,3773 1044,3773 1134,3767 1224,3761 1313,3761 1403,3761 1492,3755 1582,3749 1671,3743 1761,3743 1850,3743 1940,3737 2030,3731 2119,3731 2209,3725 2298,3725 2388,3719 2477,3713 2567,3713 2657,3707 2746,3701 2836,3695 2925,3689 3015,3689 3104,3689 3194,3689 3283,3683 3373,3683 3463,3678 3552,3666 3642,3660"/>
                <TextEquiv>
                    <Unicode>Casanova".- „Auch das ist ein Irrtum, Herr Marchasse“, sagte Ca</Unicode>
                </TextEquiv>
            </TextLine>
            <TextLine id="tr_1_tl_27" custom="readingOrder {index:26;}">
                <Coords points="770,4013 3689,3916 3766,3762 774,3847"/>
                <Baseline points="794,3958 818,3952 907,3952 997,3952 1086,3946 1176,3946 1265,3946 1355,3940 1444,3940 1534,3934 1624,3928 1713,3922 1803,3916 1892,3916 1982,3910 2071,3910 2161,3904 2250,3898 2340,3892 2430,3892 2519,3887 2609,3887 2698,3881 2788,3875 2877,3869 2967,3869 3057,3869 3146,3863 3236,3863 3325,3857 3415,3851 3504,3851 3594,3851 3683,3839 3773,3845"/>
                <TextEquiv>
                    <Unicode>nova kalt. „Jch habe Geschwister und der Name eines meiner Brü-</Unicode>
                </TextEquiv>
            </TextLine>
            <TextLine id="tr_1_tl_28" custom="readingOrder {index:27;}">
                <Coords points="790,4147 2935,4167 3559,4090 3616,3900 2221,4021 795,3993"/>
                <Baseline points="812,4137 835,4131 925,4125 1015,4125 1104,4119 1194,4119 1283,4119 1373,4113 1462,4107 1552,4101 1641,4095 1731,4095 1821,4090 1910,4090 2000,4090 2089,4084 2179,4084 2268,4072 2358,4072 2448,4066 2537,4066 2627,4060 2716,4060 2806,4054 2895,4048 2985,4048 3074,4048 3164,4042 3254,4036 3343,4030 3433,4036 3522,4030 3612,4024"/>
                <TextEquiv>
                    <Unicode>der, des Malers Francesso Casancva dürfte einen Kenner nicht</Unicode>
                </TextEquiv>
            </TextLine>
            <TextLine id="tr_1_tl_29" custom="readingOrder {index:28;}">
                <Coords points="782,4321 900,4390 1998,4305 2594,4354 2603,4135 1034,4228 790,4151"/>
                <Baseline points="806,4304 818,4310 907,4304 997,4304 1086,4298 1176,4293 1265,4293 1355,4287 1444,4287 1534,4281 1624,4275 1713,4269 1803,4269 1892,4269 1982,4263 2071,4263 2161,4257 2250,4251 2340,4245 2430,4245 2519,4239 2609,4245"/>
                <TextEquiv>
                    <Unicode>fremdklingen.“ hinsicht auf mancherlei</Unicode>
                </TextEquiv>
            </TextLine>
            <TextLine id="tr_1_tl_30" custom="readingOrder {index:29;}">
                <Coords points="1196,4556 3571,4455 3721,4431 3725,4293 1204,4362"/>
                <Baseline points="1224,4466 1229,4466 1319,4466 1409,4460 1498,4460 1588,4454 1677,4454 1767,4448 1856,4448 1946,4442 2036,4442 2125,4442 2215,4430 2304,4430 2394,4424 2483,4418 2573,4412 2662,4406 2752,4406 2842,4406 2931,4406 3021,4400 3110,4394 3200,4394 3289,4388 3379,4388 3469,4388 3558,4382 3648,4382 3737,4370"/>
                <TextEquiv>
                    <Unicode>Es zeigte sich, dass der Marchese auch auf diesen Ge-</Unicode>
                </TextEquiv>
            </TextLine>
            <TextLine id="tr_1_tl_31" custom="readingOrder {index:30;}">
                <Coords points="807,4727 3308,4633 3685,4723 3742,4451 815,4560"/>
                <Baseline points="835,4663 889,4657 979,4657 1068,4657 1158,4651 1247,4651 1337,4645 1427,4645 1516,4639 1606,4633 1695,4633 1785,4633 1874,4633 1964,4627 2053,4621 2143,4621 2233,4609 2322,4609 2412,4603 2501,4597 2591,4591 2680,4591 2770,4585 2860,4585 2949,4579 3039,4573 3128,4573 3218,4567 3307,4567 3397,4561 3486,4567 3576,4561 3666,4555 3749,4537"/>
                <TextEquiv>
                    <Unicode>biete nicht zu den Kennern gehörte, und so lenkte er das Gesprä-</Unicode>
                </TextEquiv>
            </TextLine>
        </TextRegion>
    </Page>
</PcGts>
