4136 5240
3461 320 3650 536 160
779 498 3612 725 fuhr in seiner Erzählung fort, wo man ihn unterbrochen hatte;-
1405 598 3897 810 von einer Juni he befreit, die er nich nur nicht recht einzusten aber halte
783 729 3886 992 als ginge ihn die Sache so wenig an wie die Uebrigen; xxx fand sich
2103 845 2350 976 G.H.F.D.
1709 849 2076 992 freckere
799 922 2929 1161 noch lustigere und frä### Worte als vorher.
2095 930 3963 1169 nach flücklichem Eltitre dem seiner neuen Bekanten
1266 1080 3658 1331 Mitternacht war Längst vorbei, als er, auf den
814 1227 3658 1501 weiten leeren Markusplatz hinaustrat, über dem sternenlos, doch
814 1405 3693 1690 ruhelos flimmernd ein dunstschwerer Himmel hing. Mit einer Art
2832 1505 3295 1648 eigentlich
826 1601 3674 1825 von schlafwandlerischer Sicherheit, ohne sich nicht bewusst zu
1679 1736 2319 1875 in dieser Stunde
833 1748 3743 2030 werden, dass er ihn nach einem Vierteljahrhundert zum ersten Male
841 1968 3600 2215 wieder ging, fand er seinen Weg durch enge Gässchen zwischen
841 2103 3770 2377 dunklen Häusermauern und über schmale Brückensteege, unter denen
857 2277 3855 2508 die schwärzlichen kleinen Kanäle den ewigen Wassern zu zogen, nach
857 2462 3731 2728 dem Gasthof, dessen Tor erst auf xxxn wiederholtes Klopfen sich
424 2466 1003 2612 semern elen den
3338 2543 3681 2670 up at
2512 2582 2705 2709 und
880 2663 3666 2828 träg und unfreundlich vor ihm öffnete; Wenige Minuten d###uf;
880 2693 3724 2917 in einer Midscheit, die über seinen Gleiden lastete, etwa sie zu losen
857 2821 3812 3006 mit einem bittern Nachgeschmack auf den Lippen, den er gleichsam
872 2983 3843 3230 aus dem Innersten seines Wesens nach oben steigen fühlte, warf er
868 3149 3820 3423 sich nur halb ausgekleidet auf ein schlechtes Bett, um nach fünf-
880 3326 3859 3577 undzwanzig Jahren der Verbannung seinen ersten, so lang ersehnten
3064 3423 3920 3569 bei antreilenden
1470 3515 3407 3762 Von Heimatsschlaf zu tun.-
899 3589 1200 3724 Drauw
861 3604 3762 3870 Morgenommen, u heimlos hußt, sich des alten Abenleuern
918 3828 1408 4005 est une le
2219 4067 2527 4279 theort.
1339 4229 3824 4515 In den berühmten Denkwürdigkeiten Casanovae wird man,
899 4484 3820 4739 da sie etwa zehn Jahre früher abbrechen, vergeblich nach seinem
