4264 5336
1687 242 2251 464 Von tämän läänissä wäre ia maa-
3313 368 3513 587 106
686 579 3735 863 letztes goldstück zum Marchese hinübergerollt war und erhob sich.
706 805 3659 1093 „Ich danke, meine Herren. Dies wird nun“,er zögerte -.für lange
706 966 3747 1185 mein letztes Spiel in diesem vastfreundlichen Hause gewesen sein.
721 1147 3574 1392 Und nun, mein verehrter Herr Olivo, gestatten Sie mir nur noch
709 1327 3682 1580 mich von den Damen zu verabschieden, ehe ich nach der Stadt rei-
732 1507 3812 1726 te, wo ich vor Sonnenuntergang eintreffen möchte, um meine Zurüstun-
729 1691 3712 1937 gen für morgen zu treffen".- Unverschämter Lügner, dachte Casana-
732 1864 3624 2094 va. In der Nacht bist du wieder hier und - bei Maroolina! Neu
740 2025 3651 2232 flamte der Zorn in ihm auf..Wie?“ rief der Marchese übel ge-
752 2197 3639 2447 launt, der Abend noch ###ren und das Spiel soll schon zu
1779 2343 2347 2454 wunden für
759 2374 3567 2604 Ende sein? Wenn Sie wünschen, Lorenzi, mag mein Kutscher nach
779 2562 3816 2780 Hause fahren, und der Marchesa bestellen, dass Sie sich verspäten".
779 2746 3762 2991 „Ich reite nach Mantua“, entgegnete Lorenzi ungeduldig“. -Der Mar-
794 2888 3605 3156 chese, ohne darauf zu achten, sprach weiter:..Es ist noch Zeit
790 3099 3616 3325 genug, rücken sie nur mit Ihren eigenen Goldstüeken heraus, so
790 3221 3762 3498 wenig es sein mögen.“ Und er warf ihm eine Karte hin. „Ich habe
794 3455 3682 3670 nicht ein einziges goldstück mehr, sprach Lorenzi müde.-.Vas
805 3601 3712 3866 Sie nicht sagen!"- „Nicht eines“, wiederholte Lorenzi wie ange-
813 3804 3682 4008 ekelt.-.Was tut's', rief der Marchese mit einer plötzlichen,
817 3962 3789 4203 nicht sehr angenehm wirkenden Freundlichkeit. „Sie sind mir für
813 4115 3766 4357 zehn Dukaten gut und wenn’s sein muss für mehr“. - „Ein Dukaten
817 4334 3636 4548 also", sagte Lorenzi und nahm seine Karten auf. Der Marchese
828 4410 3816 4821 schlug sie mit den seinen. Lorenzi spielte weiter, als verstände
