4152 5256
883 195 1325 408 Ihr unterhältige
689 550 3671 756 er wusste es selbst nicht mehr recht - zum Geschenk gemacht hat-
685 692 3690 936 te. Das Vernünftigste wäre, sagte er zu sich, ich steckte das Geld
689 865 3630 1119 ein, nähme Abschied und verliesse das Haus, womöglich ohne Marco-
670 1089 3630 1291 lina noch einmal zu sehen. Doch hab' ich je das Vernünftige ge-
700 1235 3619 1441 tan? - Und ob nicht indess eine Nachricht aus Venedig gekommen
689 1388 3626 1632 ist?... Zwar hat meine brave Wirtin versprochen, sie mir unver-
689 1621 1808 1830 züglich nachzusenden...
1168 1699 3619 1957 Die Magd hatte indess einen grossen irdenen Krug mit
707 2002 3660 2144 quellkaltem Wasser heraufgebracht und Casanova wusch sich damit
704 2193 3664 2332 den ganzen zeib, was ihn sehr erfrischte; dann legte er sein bes-
2268 2305 2425 2406 wie
1044 2309 1856 2433 eine Art im Stadt.
700 2305 3634 2496 seres, etwas festliches Gewand an, was er schon gestern Abend ge-
2425 2451 2642 2575 die
719 2549 3656 2691 tan hätte, wenn er nur Zeit gefunden, seine Kleidung zu wechseln;
696 2646 3563 2859 doch war er’s nun ganz zufrieden, dass er heute In vornehmerer
696 2796 3626 3046 Tracht als am vergangenen Tag, ja gewissermassen in einer neuen
692 3020 2612 3237 Gestalt vor Marcolina erscheinen durfte.
1175 3170 3589 3372 In einem Rock von grauer Glanzseide mit Stickereien
715 3327 3641 3567 und breiten spanischen Silbersitzen, in gelber Weste und kirsch-
715 3522 3638 3742 roten seidenen Beinkleidern, in edler, dabei nicht geradezu stol-
700 3664 3645 3903 zer Haltung, mit einem zwar überlegenen aber liebenswürdigem Lä-
726 3877 3589 4087 cheln um die Lippen und das Aug wie im Feuer unverlöschlicher
707 4057 3638 4278 Jugend strahlend, so trat er in den Garten, wo er zu seiner Ent-
737 4218 3690 4469 täuschung vorerst nur Ilivo vorfand, der ihn sinlud, neben ihm am
719 4487 3709 4734 Tische Platz und mit dem bescheidenen Frühmal vorlieb zu nehmen.
