4168 5272
2310 190 2645 448 1
673 448 1968 692 as hette ris’ dar f angelegt,
783 585 3694 825 sen, und xxx sie schwindlig zu machen, wie die Führerin eines
771 798 3606 1026 heiteren Reigentanzes, schritt sie ihnen immer eiliger voran.
771 950 3754 1201 Plötzlich aber- Casanova war es zu Mute, als wachte er aus einem
775 1129 3656 1368 wirren Traumeauf - fanden sie sich alle im Sprechsaal wieder,
828 1292 3758 1528 Janseits des Gitters schwebten dunkle Gestalten; niemand hätte
787 1509 3777 1706 zu unterscheiden vermocht, ob es drei oder fünf oder zwanzig ver-
798 1702 3667 1896 schleierte Frauen waren, die hinter den dichtgestellten Stäben
775 1843 3701 2086 wie aufgeschauchte Geister hin und her irrten; und nur Casano-
802 1987 3781 2250 vas nachtscharfes Auge war überhaupt imstande, in der tiefen Däm-
1121 2170 1547 2284 überhaupt
798 2193 3751 2383 merung menschliche Umrisse zu erkennen. Die Aebtissin geleitete
798 2383 3732 2592 ihre Gäste zur Tür. gab ihnen stumm das Zeichen, dass sie entlas-
802 2535 3751 2774 sen seien und war spurlos verschwunden, ehe jene nur Zeit gefun-
790 2747 3621 2911 den hatten ihr den schuldigen Dank auszusprechen. Plötzlich.
802 2873 3690 3120 als sie eben den Saal verlassen wollten, erklang es aus der Ge-
798 3097 3861 3279 gend des Gitters her von einer Frauenstimme- „Casanova" - nichts
809 3238 3644 3492 al s der Name, doch mit einem Ausdruck, wie ihn Casanova noch
798 3397 3728 3659 niemals gehört zu haben vermeinte. Ob eine Einstmalsgeliebte,-
817 3602 3781 3800 ob eine Niemalsgeschauten eben ein heiliges Gelübde gebrochen, um
813 3773 3663 3979 ein letztes,- oder ein erstes Mal seinen Namen in die Luft zu
802 3990 3827 4165 hauchen;-ob darin die Seligkeit eines unerwarteten Wiedersehens,
821 4119 3754 4374 der Schmerz um unwiederbringlich Verlorenes oder die Klage ge-
802 4298 3709 4530 zittert, dass ein heisser Wunsch aus fernen Tagen sich so spät
821 4522 3671 4742 und nutzlos erfüllt,- Casanova vermochte es nicht zu deuten:
