4168 5256
696 561 3641 842 auf ; nach dem fast märchenhaften und doch beklemmenden Abenten-
700 827 3612 1029 er, aus dem sie eben emporgetaucht waren, schienen sich alle, be-
711 1010 3529 1198 sonders aber Casanova, in so irdisch alltäglicher Atmosphäre
707 1190 3649 1359 vorzügl ich zu behagen und, als der Wagen vor Olivos Hause hielt,
707 1370 3645 1531 aus dem ihnen schon einladend der Geruch von Braten und aller-
707 1497 3716 1710 lei Gewürzen entgegenströmte, war Casanova gerade in der äusserst
719 1695 3649 1864 appetitreizenden Schilderung eines polnischen Pastetengerichts
719 1860 3630 2036 begriffen, der auch Marcolina mit einer lieben würdig-hausfrau-
719 2025 3567 2219 lichen, von Casanova als schmeichelhaft empfundenen Teilnahme
737 2283 1130 2440 zuhörte.
1190 2418 3641 2590 In einer seltsam beruhigten, beinahe vergnügten Stim-
737 2586 3660 2743 mung, über die er selbst verwundert war, sass er dann mit den An-
745 2766 3701 2960 dern bei Tische und machte Marcolinen in einer scherzhaft aufge-
741 2934 3641 3091 räumten Weise den Hof, wie es sich etwa für einen vornehmen äl-
745 3125 3713 3290 teren Herrn einem wohlerzogenen jungen Mädchen aus bürgerlichem
745 3278 3653 3484 Hause gegenüber schicken mochte. Sie liess es sich gern gefal-
748 3481 3705 3630 len und gab ihm seine Artigkeiten mit vollendeter Anmut zurück.
745 3626 3664 3825 Ihm machte es eben so grosse Mühe sich vorzustellen, dass seine
745 3799 3701 4008 gesittete Nachbarin dieselbe Marcolina war, aus deren Fenster er
748 3948 3675 4158 heute Nacht einen jungen Offizier hatte flüchten sehen, der of-
2811 4094 3069 4210 Owen
745 4113 3705 4386 fenbar noch in der Sekunde vorher in ihren Bette gelegen war.-
760 4278 3649 4517 als es ihm schwer fiel anzunehmen, dass dieses zarte Fräulein,
775 4491 3754 4727 das sich mit andern kaum erwachsenen Mädchen im Gras herumzuwäl-
