4136 5208
2517 194 2726 474 :11
3521 370 3719 553 135
829 515 3659 780 und waren wieder verschwunden, oh man sie recht erblickt. Nun
851 668 3629 870 legten die Gondel an; Marmorstufen führten in das prächtige
851 896 3667 1042 Haus des Senators Bragadino; es war als das einzige festlich
2457 1004 3017 1116 Vernimmte
855 1019 3640 1225 beleuchtet; treppauf treppab liefen Maekan - manche blieben
851 1206 3741 1367 neugierig stehen, aber wer konnte Casanova und Marcolina hinter
855 1359 3745 1564 ihren Masken erkennen? Er trat mit ihr in den Saal. Hier wurde
870 1535 3808 1766 ein grosses Spiel gespielt. Alle Senatoren, auch Bragadino, in ih-
844 1785 3696 1908 ren Pupurmänteln reihten sich um den Tisch. Als Casanova ein-
851 1953 3820 2098 trat, flüsterten sie alle seinen Namen wie im höchsten Schrecken;
851 2139 3715 2334 denn am Blitz seiner Augen hinter der Maske hatten sie ihn er-
844 2315 3681 2494 kannt. Er setzte sich nicht nieder; er nahm keine Karten, aber
851 2494 3726 2587 er spielte mit. Er genann, er gewann alles gold, das auf dem Ti-
848 2670 3693 2782 sche lag, das war aber zu wenig; die Senatoren mussten Wechsel
844 2815 3745 2968 ausstellen; sie verloren ihr Vermögen, ihre Paläste, ihr Purpur-
840 3013 3723 3133 mäntel, - sie waren Bettler, sie krochen in Lampen um ihn her,sie
829 3189 3663 3316 küssten ihn die Hände, und daneben, in einem dunkelroten Saale,
821 3289 3689 3495 war Musik und Tanz. Casanova wollte mit Marcolina tanzen, doch
818 3487 3805 3693 die war fort. Die genatoren in ihren Purpurmänteln sassen wieder
825 3711 3760 3835 um den Tisch wie vorher; aber nun wusste Casanova, dass es nicht
821 3801 3681 4006 Karten waren, sondern Angeklagte, Verbrecher und Unschuldige, um
829 4066 3693 4159 deren Schicksal es ging. Wo war Marcolina? Hatte er nicht die
814 4238 3685 4447 ganze Zeit ihr Handgelenk umklammert gehalten? Er stürzte die
810 4380 3644 4622 Treppen hinunter, die Gondel wartete; nur weiter, weiter durch
814 4596 3816 4805 das Gewirr von Kanälen, natürlich wusste der Ruderer, wo Marcolina
