4152 5208
3301 165 3520 355 1/1
3542 385 3744 516 131
858 393 1150 613 hätte
3402 482 3664 604 wecken
592 528 3990 731 .. könnte es vielleicht doch in Marcolina einen Verdacht erregen können,
820 680 3635 888 Also warten. Lange konnte es nicht mehr dauern. Der Gedanke,
824 892 3736 1090 dass sie ihn sofort erkennen, den Betrug durchschauen könnte, ohne
833 1040 3787 1255 er vollzogen war, kam ihm, nicht zum ersten Mal, doch ebenso flüch-
824 1226 3761 1454 tig und als die natürliche verstandesmässige Erwägung einer ent-
820 1386 3782 1636 fernten, ins Unwahrscheinliche verschwimmenden Möglichkeit, nicht
833 1559 3854 1775 als eine ernstliche Befürchtung. Ein etwas lächerliches Abenteuer
2717 1712 3203 1826 das milder
1576 1741 1767 1847 nun
634 1724 3821 2003 u. fiel ihm ein, das um zwanzig Jahre zurücklag; die hässliche Alter
2257 1893 2696 2016 Hortlie,
841 1914 3702 2143 in Solothurn, mit der er eine sehr holde Nacht verbracht hatte,
824 2122 3715 2282 in der Meinung, eine angebetete schöne junge Frau zu besitzen -
1116 2257 1272 2354 ihn
824 2244 3525 2447 und die überdies Tage darauf in einem unverschämten Brief
1809 2392 3795 2536 erwieschten von ihr mit infaner List gefriederten
841 2489 3829 2625 ob seines ihr höchst angenehmen Irrtums verhöhnt hatte. Er schüt-
1281 2578 1690 2730 ir Ekel
824 2667 3728 2819 telte sich noch in der Erinnerung. Gerade daran hätte er jetzt
1471 2751 3398 2865 Und es verjagte das Bild als die töche Bild
833 2781 3711 3013 lieber nicht denken sollen.- Nun, war es nicht endlich Mitter-
820 2980 3609 3170 nacht? Wie lange sollte er noch hier stehen an die Mauer ge-
811 3174 3660 3356 drückt, fröstelnd in der Kühle der Nacht? Oder gar vergeblich
833 3347 3744 3512 warten? Der Geprellte sein - trotz allemf- Zweitausend Dukaten
3187 3449 3939 3618 seiner soltend.
811 3495 3744 3681 für nicht? Und Lorenzi mit ihr hinter dem vorhang? Und xxx
811 3639 3651 3888 über ihn...über Casaneva? -Unwillkürlich fasste er den Degen
824 3833 3757 4019 etwas fester, den er unter dem Mantel an seinen nackten Leib ge-
820 4036 3761 4230 preest hielt. Von einem Kerl wie Lorenzi musste man sich am En-
1500 4184 1923 4290 peinlichers
824 4184 3749 4404 de auch einer Ueberraschung versehen.- Aber dann... In diesem
824 4370 3782 4632 Augenblick hörte er ein leises knackendes Geräusch, - er wusste,
