<?xml version="1.0" encoding="UTF-8" standalone="yes"?>
<PcGts xmlns="http://schema.primaresearch.org/PAGE/gts/pagecontent/2013-07-15" xmlns:xsi="http://www.w3.org/2001/XMLSchema-instance" xsi:schemaLocation="http://schema.primaresearch.org/PAGE/gts/pagecontent/2013-07-15 http://schema.primaresearch.org/PAGE/gts/pagecontent/2013-07-15/pagecontent.xsd">
    <Metadata>
        <Creator>prov=READ-COOP:name=TrHtr:version=2.1.0:model_id=51170:date=14_08_2023_14:32</Creator>
        <Created>2023-05-10T14:09:31.876+02:00</Created>
        <LastChange>2023-08-14T14:32:46.066+02:00</LastChange>
        <TranskribusMetadata docId="1428605" pageId="55417535" pageNr="141" tsid="132808695" status="IN_PROGRESS" userId="64420" imgUrl="https://files.transkribus.eu/Get?id=KOOUFWVWOWPLUNZQOYZIEDJK&amp;fileType=view" xmlUrl="https://files.transkribus.eu/Get?id=ZTEVKZGUAQHHRHRBHLXZINQD" imageId="44691639"/>
    </Metadata>
    <Page imageFilename="1428605_0141.jpg" imageWidth="4152" imageHeight="5208">
        <ReadingOrder>
            <OrderedGroup id="ro_1711788564797" caption="Regions reading order">
                <RegionRefIndexed index="0" regionRef="tr_1"/>
                <RegionRefIndexed index="1" regionRef="tr_2"/>
            </OrderedGroup>
        </ReadingOrder>
        <TextRegion id="tr_1" custom="readingOrder {index:0;}">
            <Coords points="848,457 3876,457 3876,3067 848,3067"/>
            <TextLine id="tr_1_tl_1" custom="readingOrder {index:0;}">
                <Coords points="3511,558 3553,547 3602,569 3613,558 3624,566 3647,547 3673,566 3685,562 3718,577 3734,434 3718,430 3700,441 3666,415 3609,426 3579,419 3549,434 3522,434"/>
                <Baseline points="3535,525 3559,525 3649,513 3738,507"/>
                <TextEquiv>
                    <Unicode>139</Unicode>
                </TextEquiv>
            </TextLine>
            <TextLine id="tr_1_tl_2" custom="readingOrder {index:1;}">
                <Coords points="845,796 1429,701 3805,747 3805,569 845,585"/>
                <Baseline points="866,704 949,698 1039,698 1128,698 1218,698 1307,698 1397,698 1487,698 1576,698 1666,698 1755,698 1845,698 1935,698 2024,692 2114,692 2203,692 2293,692 2383,692 2472,692 2562,692 2651,686 2741,686 2830,686 2920,686 3010,686 3099,686 3189,686 3278,686 3368,686 3458,686 3547,686 3637,686 3726,686 3816,680"/>
                <TextEquiv>
                    <Unicode>nis, ihm möglichst rasch zu dem Gelegenheit zu geben, was doch un-</Unicode>
                </TextEquiv>
            </TextLine>
            <TextLine id="tr_1_tl_3" custom="readingOrder {index:2;}">
                <Coords points="845,958 3734,920 3783,796 845,807"/>
                <Baseline points="866,871 925,871 1015,871 1104,871 1194,871 1284,871 1373,871 1463,871 1552,871 1642,871 1732,871 1821,871 1911,871 2000,871 2090,871 2179,871 2269,871 2359,871 2448,871 2538,871 2627,866 2717,866 2807,866 2896,866 2986,871 3075,866 3165,866 3255,866 3344,866 3434,866 3523,866 3613,866 3702,860 3792,866"/>
                <TextEquiv>
                    <Unicode>erlässlich war, kehrte ihr Gesicht nach der Wand, und er benutzte</Unicode>
                </TextEquiv>
            </TextLine>
            <TextLine id="tr_1_tl_4" custom="readingOrder {index:3;}">
                <Coords points="841,1124 3805,1079 3696,928 841,954"/>
                <Baseline points="860,1051 949,1045 1039,1045 1128,1045 1218,1045 1307,1045 1397,1045 1487,1045 1576,1045 1666,1045 1755,1045 1845,1045 1935,1045 2024,1039 2114,1039 2203,1039 2293,1045 2383,1045 2472,1039 2562,1045 2651,1039 2741,1039 2830,1039 2920,1039 3010,1039 3099,1039 3189,1039 3278,1039 3368,1039 3458,1039 3547,1039 3637,1039 3726,1033 3816,1033"/>
                <TextEquiv>
                    <Unicode>die Zeit, um aus dem Bette zu steigen, den Mantel vom Boden aufzu-</Unicode>
                </TextEquiv>
            </TextLine>
            <TextLine id="tr_1_tl_5" custom="readingOrder {index:4;}">
                <Coords points="841,1297 3643,1248 3820,1222 3824,1060 2417,1195 845,1116"/>
                <Baseline points="860,1224 871,1224 961,1224 1051,1224 1140,1224 1230,1224 1319,1224 1409,1224 1499,1224 1588,1224 1678,1224 1767,1224 1857,1224 1947,1224 2036,1224 2126,1218 2215,1224 2305,1218 2394,1224 2484,1224 2574,1218 2663,1218 2753,1218 2842,1218 2932,1218 3022,1218 3111,1218 3201,1212 3290,1212 3380,1212 3470,1212 3559,1212 3649,1212 3738,1212 3828,1212"/>
                <TextEquiv>
                    <Unicode>nehmen und sich darein zu hüllen. Auch seines Degens versicherte</Unicode>
                </TextEquiv>
            </TextLine>
            <TextLine id="tr_1_tl_6" custom="readingOrder {index:5;}">
                <Coords points="2810,1327 3055,1358 3134,1312 3232,1343 3292,1316 3432,1339 3432,1229 3383,1260 3315,1252 3285,1222 3149,1256 3077,1229 2998,1241 2972,1218 2942,1241 2893,1229 2810,1252"/>
                <Baseline points="2830,1313 2920,1313 3010,1307 3099,1307 3189,1319 3278,1313 3368,1319 3440,1319"/>
                <TextEquiv>
                    <Unicode>schlimmsten</Unicode>
                </TextEquiv>
            </TextLine>
            <TextLine id="tr_1_tl_7" custom="readingOrder {index:6;}">
                <Coords points="841,1478 1188,1392 3734,1433 3775,1320 845,1346"/>
                <Baseline points="860,1397 919,1397 1009,1397 1098,1391 1188,1391 1278,1391 1367,1391 1457,1391 1546,1391 1636,1397 1726,1391 1815,1397 1905,1397 1994,1391 2084,1391 2173,1391 2263,1391 2353,1391 2442,1391 2532,1391 2621,1391 2711,1385 2801,1385 2890,1385 2980,1391 3069,1385 3159,1385 3249,1391 3338,1385 3428,1385 3517,1385 3607,1385 3696,1379 3786,1385"/>
                <TextEquiv>
                    <Unicode>er sich sofort und nun, da er sich zum mindesten der Schmach der</Unicode>
                </TextEquiv>
            </TextLine>
            <TextLine id="tr_1_tl_8" custom="readingOrder {index:7;}">
                <Coords points="826,1678 1546,1569 3696,1610 3858,1576 3858,1467 826,1501"/>
                <Baseline points="848,1570 907,1570 997,1570 1086,1570 1176,1570 1266,1570 1355,1570 1445,1570 1534,1564 1624,1564 1714,1564 1803,1570 1893,1564 1982,1570 2072,1564 2162,1564 2251,1564 2341,1564 2430,1564 2520,1564 2609,1564 2699,1558 2789,1558 2878,1558 2968,1558 3057,1564 3147,1558 3237,1558 3326,1558 3416,1558 3505,1558 3595,1558 3685,1558 3774,1552 3864,1558"/>
                <TextEquiv>
                    <Unicode>Lächerlichkeit entronnen dünkte, dachte er schon daran, ob er nicht</Unicode>
                </TextEquiv>
            </TextLine>
            <TextLine id="tr_1_tl_9" custom="readingOrder {index:8;}">
                <Coords points="845,1750 3775,1739 3556,1584 3043,1682 845,1667"/>
                <Baseline points="866,1743 919,1743 1009,1743 1098,1743 1188,1737 1278,1743 1367,1743 1457,1737 1546,1737 1636,1737 1726,1737 1815,1737 1905,1737 1994,1737 2084,1737 2173,1737 2263,1737 2353,1737 2442,1737 2532,1737 2621,1737 2711,1737 2801,1737 2890,1732 2980,1732 3069,1732 3159,1732 3249,1726 3338,1726 3428,1726 3517,1726 3607,1726 3696,1726 3786,1726"/>
                <TextEquiv>
                    <Unicode>etwa die ganze, für ihn so klägliche Angelegenheit durch wohlge-</Unicode>
                </TextEquiv>
            </TextLine>
            <TextLine id="tr_1_tl_10" custom="readingOrder {index:9;}">
                <Coords points="841,1931 3866,1957 3869,1818 2772,1750 2613,1855 845,1844"/>
                <Baseline points="860,1911 919,1911 1009,1911 1098,1911 1188,1911 1278,1911 1367,1911 1457,1917 1546,1917 1636,1911 1726,1911 1815,1911 1905,1911 1994,1911 2084,1911 2173,1905 2263,1905 2353,1905 2442,1905 2532,1905 2621,1899 2711,1905 2801,1905 2890,1905 2980,1905 3069,1905 3159,1905 3249,1899 3338,1899 3428,1899 3517,1905 3607,1899 3696,1899 3786,1899 3876,1905"/>
                <TextEquiv>
                    <Unicode>setzte Worte, um die er ja sonst nicht verlegen war, in ein anderes</Unicode>
                </TextEquiv>
            </TextLine>
            <TextLine id="tr_1_tl_11" custom="readingOrder {index:10;}">
                <Coords points="833,2123 3783,2104 3783,1987 3432,1912 2893,2025 833,2003"/>
                <Baseline points="854,2090 925,2084 1015,2084 1104,2084 1194,2084 1284,2078 1373,2078 1463,2084 1552,2084 1642,2078 1732,2078 1821,2078 1911,2078 2000,2078 2090,2078 2179,2078 2269,2072 2359,2078 2448,2078 2538,2078 2627,2072 2717,2072 2807,2072 2896,2072 2986,2072 3075,2072 3165,2072 3255,2072 3344,2072 3434,2072 3523,2072 3613,2072 3702,2066 3792,2072"/>
                <TextEquiv>
                    <Unicode>Licht rücken, ja irgendwie zu seinen Gunsten wenden könnte. Dass</Unicode>
                </TextEquiv>
            </TextLine>
            <TextLine id="tr_1_tl_12" custom="readingOrder {index:11;}">
                <Coords points="1139,2191 1214,2206 1297,2180 1346,2206 1410,2206 1437,2187 1531,2191 1531,2119 1493,2123 1475,2108 1339,2123 1312,2104 1260,2108 1229,2093 1177,2127 1139,2116"/>
                <Baseline points="1158,2179 1248,2173 1337,2173 1427,2173 1517,2173 1540,2179"/>
                <TextEquiv>
                    <Unicode>Meyoline</Unicode>
                </TextEquiv>
            </TextLine>
            <TextLine id="tr_1_tl_13" custom="readingOrder {index:12;}">
                <Coords points="826,2274 3568,2304 3632,2127 826,2168"/>
                <Baseline points="848,2263 860,2263 949,2257 1039,2257 1128,2263 1218,2263 1307,2263 1397,2263 1487,2257 1576,2257 1666,2251 1755,2251 1845,2251 1935,2251 2024,2251 2114,2251 2203,2251 2293,2251 2383,2257 2472,2251 2562,2251 2651,2251 2741,2251 2830,2251 2920,2251 3010,2251 3099,2245 3189,2245 3278,2245 3368,2245 3458,2245 3547,2251 3637,2251"/>
                <TextEquiv>
                    <Unicode>Lorenzi an ihn verkauft hatte, daran konnte nach der Lage</Unicode>
                </TextEquiv>
            </TextLine>
            <TextLine id="tr_1_tl_14" custom="readingOrder {index:13;}">
                <Coords points="833,2448 3341,2478 3609,2436 3613,2342 3277,2259 3130,2372 837,2365"/>
                <Baseline points="854,2436 931,2436 1021,2436 1110,2430 1200,2430 1290,2430 1379,2430 1469,2430 1558,2430 1648,2430 1737,2430 1827,2430 1917,2430 2006,2424 2096,2424 2185,2424 2275,2424 2365,2424 2454,2430 2544,2430 2633,2430 2723,2424 2813,2424 2902,2424 2992,2424 3081,2424 3171,2424 3260,2424 3350,2424 3440,2424 3529,2424 3619,2418"/>
                <TextEquiv>
                    <Unicode>der Dinge kein Zweifel für sie sein;- aber wie tief sie den</Unicode>
                </TextEquiv>
            </TextLine>
            <TextLine id="tr_1_tl_15" custom="readingOrder {index:14;}">
                <Coords points="833,2629 3503,2651 3794,2629 3794,2497 2327,2444 1697,2557 833,2542"/>
                <Baseline points="854,2604 943,2604 1033,2604 1122,2604 1212,2604 1302,2598 1391,2604 1481,2598 1570,2598 1660,2604 1749,2604 1839,2604 1929,2598 2018,2598 2108,2598 2197,2598 2287,2598 2377,2598 2466,2598 2556,2598 2645,2598 2735,2598 2824,2598 2914,2598 3004,2598 3093,2598 3183,2598 3272,2598 3362,2598 3452,2598 3541,2598 3631,2598 3720,2598 3804,2604"/>
                <TextEquiv>
                    <Unicode>Elenden in diesem Augenblick auch hassen mochte, Casanova fühlte,</Unicode>
                </TextEquiv>
            </TextLine>
            <TextLine id="tr_1_tl_16" custom="readingOrder {index:15;}">
                <Coords points="1418,2708 1516,2704 1531,2719 1584,2708 1610,2734 1686,2712 1731,2734 1780,2715 1780,2621 1731,2640 1712,2640 1682,2610 1652,2636 1607,2610 1539,2640 1505,2621 1478,2632 1418,2621"/>
                <Baseline points="1439,2699 1528,2699 1618,2699 1708,2699 1791,2699"/>
                <TextEquiv>
                    <Unicode>feige hil</Unicode>
                </TextEquiv>
            </TextLine>
            <TextLine id="tr_1_tl_17" custom="readingOrder {index:16;}">
                <Coords points="841,2794 1263,2881 1467,2791 3760,2798 3421,2625 3243,2723 841,2700"/>
                <Baseline points="860,2783 901,2783 991,2783 1081,2783 1170,2783 1260,2777 1349,2783 1439,2783 1528,2783 1618,2783 1708,2783 1797,2783 1887,2783 1976,2777 2066,2777 2156,2777 2245,2777 2335,2777 2424,2777 2514,2783 2604,2783 2693,2777 2783,2783 2872,2777 2962,2777 3051,2777 3141,2777 3231,2777 3320,2777 3410,2777 3499,2777 3589,2777 3679,2777 3768,2771"/>
                <TextEquiv>
                    <Unicode>dass er, der  Reuben, ihr noch tausendmal hassenswerter sein muss-</Unicode>
                </TextEquiv>
            </TextLine>
            <TextLine id="tr_1_tl_18" custom="readingOrder {index:17;}">
                <Coords points="845,3047 1750,2960 3613,3013 3651,2817 3421,2900 2749,2893 2512,2791 1938,2896 845,2866"/>
                <Baseline points="866,2956 955,2956 1045,2956 1134,2956 1224,2956 1313,2956 1403,2950 1493,2950 1582,2950 1672,2950 1761,2950 1851,2956 1941,2956 2030,2956 2120,2956 2209,2956 2299,2956 2388,2956 2478,2950 2568,2950 2657,2956 2747,2956 2836,2956 2926,2956 3016,2956 3105,2956 3195,2956 3284,2956 3374,2956 3464,2956 3553,2956 3643,2956 3661,2956"/>
                <TextEquiv>
                    <Unicode>te. Auf diese Weise war also kein Vorteil herauszuschlagen.</Unicode>
                </TextEquiv>
            </TextLine>
            <TextLine id="tr_1_tl_19" custom="readingOrder {index:18;}">
                <Coords points="1622,3066 1656,3062 1686,3074 1727,3066 1750,3081 1791,3081 1803,3070 1825,3089 1859,3070 1882,3077 1912,3066 1916,2987 1878,2976 1829,2987 1788,2968 1772,2979 1742,2964 1674,2987 1625,2983"/>
                <Baseline points="1642,3057 1654,3057 1743,3057 1833,3051 1923,3051"/>
                <TextEquiv>
                    <Unicode>hiess</Unicode>
                </TextEquiv>
            </TextLine>
        </TextRegion>
        <TextRegion id="tr_2" custom="readingOrder {index:1;}">
            <Coords points="848,3079 3846,3079 3846,4555 848,4555"/>
            <TextLine id="tr_2_tl_1" custom="readingOrder {index:0;}">
                <Coords points="841,3217 3722,3168 3696,3040 841,3040"/>
                <Baseline points="860,3135 949,3135 1039,3135 1128,3135 1218,3135 1307,3135 1397,3135 1487,3135 1576,3135 1666,3135 1755,3141 1845,3141 1935,3135 2024,3135 2114,3135 2203,3135 2293,3129 2383,3135 2472,3135 2562,3135 2651,3135 2741,3135 2830,3135 2920,3135 3010,3135 3099,3135 3189,3135 3278,3135 3368,3135 3458,3135 3547,3135 3637,3135 3726,3141"/>
                <TextEquiv>
                    <Unicode>Etwas Anderes versprach vielleicht eher Genugtuung: Marcolina</Unicode>
                </TextEquiv>
            </TextLine>
            <TextLine id="tr_2_tl_2" custom="readingOrder {index:1;}">
                <Coords points="841,3315 3669,3345 3647,3202 841,3217"/>
                <Baseline points="860,3314 901,3314 991,3314 1081,3314 1170,3314 1260,3314 1349,3314 1439,3314 1528,3314 1618,3308 1708,3314 1797,3314 1887,3314 1976,3320 2066,3314 2156,3314 2245,3314 2335,3314 2424,3314 2514,3314 2604,3314 2693,3314 2783,3314 2872,3314 2962,3314 3051,3314 3141,3314 3231,3314 3320,3314 3410,3314 3499,3314 3589,3314 3679,3308"/>
                <TextEquiv>
                    <Unicode>um das Vergnügens willen, das verspürt zu haben sie doch nicht</Unicode>
                </TextEquiv>
            </TextLine>
            <TextLine id="tr_2_tl_3" custom="readingOrder {index:2;}">
                <Coords points="1018,3428 1150,3436 1195,3409 1229,3436 1599,3436 1739,3405 1806,3432 1889,3421 1889,3322 1546,3319 1493,3349 1448,3326 1339,3349 1309,3322 1018,3330"/>
                <Baseline points="1039,3410 1128,3404 1218,3410 1307,3410 1397,3416 1487,3422 1576,3416 1666,3410 1755,3404 1845,3410 1899,3410"/>
                <TextEquiv>
                    <Unicode>auspielungreicher</Unicode>
                </TextEquiv>
            </TextLine>
            <TextLine id="tr_2_tl_4" custom="readingOrder {index:3;}">
                <Coords points="826,3602 1780,3590 1920,3492 3628,3530 3651,3421 826,3432"/>
                <Baseline points="848,3499 883,3499 973,3493 1063,3493 1152,3493 1242,3493 1331,3487 1421,3487 1511,3487 1600,3493 1690,3487 1779,3487 1869,3487 1958,3487 2048,3487 2138,3487 2227,3481 2317,3487 2406,3487 2496,3487 2586,3487 2675,3487 2765,3487 2854,3487 2944,3487 3034,3487 3123,3487 3213,3487 3302,3487 3392,3487 3481,3487 3571,3487 3661,3487"/>
                <TextEquiv>
                    <Unicode>ablaugnen konnte, mit höhnisch-lüsterner Rede zu erniedrigen;-</Unicode>
                </TextEquiv>
            </TextLine>
            <TextLine id="tr_2_tl_5" custom="readingOrder {index:4;}">
                <Coords points="841,3745 3835,3726 3835,3534 841,3594"/>
                <Baseline points="860,3667 949,3667 1039,3667 1128,3667 1218,3667 1307,3667 1397,3667 1487,3667 1576,3667 1666,3667 1755,3667 1845,3667 1935,3667 2024,3667 2114,3673 2203,3667 2293,3667 2383,3667 2472,3667 2562,3667 2651,3667 2741,3667 2830,3667 2920,3667 3010,3667 3099,3667 3189,3661 3278,3661 3368,3667 3458,3667 3547,3667 3637,3667 3726,3667 3816,3673 3846,3679"/>
                <TextEquiv>
                    <Unicode>doch auch dieser tückische Einfall schwand dahin vor einem Blick,</Unicode>
                </TextEquiv>
            </TextLine>
            <TextLine id="tr_2_tl_6" custom="readingOrder {index:5;}">
                <Coords points="826,3956 1437,3850 3752,3881 3700,3752 826,3775"/>
                <Baseline points="848,3840 895,3840 985,3840 1075,3840 1164,3840 1254,3840 1343,3840 1433,3840 1522,3840 1612,3840 1702,3840 1791,3840 1881,3840 1970,3840 2060,3840 2150,3840 2239,3840 2329,3840 2418,3840 2508,3840 2598,3840 2687,3840 2777,3840 2866,3840 2956,3840 3045,3840 3135,3840 3225,3840 3314,3840 3404,3840 3493,3840 3583,3840 3673,3840 3762,3834"/>
                <TextEquiv>
                    <Unicode>dessen entsetzensvoller Ausdruck sich allmälig in den einer un-</Unicode>
                </TextEquiv>
            </TextLine>
            <TextLine id="tr_2_tl_7" custom="readingOrder {index:6;}">
                <Coords points="841,4118 1305,4024 3326,4069 3609,4047 3609,3948 841,3964"/>
                <Baseline points="860,4025 931,4019 1021,4019 1110,4019 1200,4019 1290,4019 1379,4019 1469,4019 1558,4025 1648,4019 1737,4019 1827,4019 1917,4019 2006,4019 2096,4019 2185,4019 2275,4019 2365,4019 2454,4019 2544,4019 2633,4019 2723,4019 2813,4013 2902,4013 2992,4019 3081,4013 3171,4013 3260,4013 3350,4013 3440,4013 3529,4013 3619,4019"/>
                <TextEquiv>
                    <Unicode>endlichen Traurigkeit gewandelt hatte, als wäre es nicht nur</Unicode>
                </TextEquiv>
            </TextLine>
            <TextLine id="tr_2_tl_8" custom="readingOrder {index:7;}">
                <Coords points="833,4209 3813,4220 3813,4107 3428,4028 833,4111"/>
                <Baseline points="854,4192 943,4192 1033,4192 1122,4192 1212,4192 1302,4192 1391,4186 1481,4192 1570,4192 1660,4192 1749,4192 1839,4186 1929,4192 2018,4192 2108,4192 2197,4186 2287,4192 2377,4192 2466,4192 2556,4192 2645,4192 2735,4192 2824,4186 2914,4186 3004,4186 3093,4186 3183,4186 3272,4186 3362,4192 3452,4186 3541,4192 3631,4186 3720,4186 3810,4186 3822,4192"/>
                <TextEquiv>
                    <Unicode>Maroolinens Weiblichkeit, die Casanova geschändet,-nein, als hätte</Unicode>
                </TextEquiv>
            </TextLine>
            <TextLine id="tr_2_tl_9" custom="readingOrder {index:8;}">
                <Coords points="826,4378 3639,4397 3745,4382 3745,4246 2048,4201 1818,4326 826,4299"/>
                <Baseline points="848,4371 883,4365 973,4365 1063,4365 1152,4365 1242,4365 1331,4365 1421,4365 1511,4365 1600,4365 1690,4365 1779,4371 1869,4371 1958,4365 2048,4365 2138,4365 2227,4365 2317,4365 2406,4359 2496,4365 2586,4365 2675,4365 2765,4365 2854,4365 2944,4365 3034,4359 3123,4359 3213,4359 3302,4365 3392,4365 3481,4359 3571,4365 3661,4365 3750,4365"/>
                <TextEquiv>
                    <Unicode>in dieser Nacht List gegen Vertrauen, Lust gegon Liebe, Alter ge-</Unicode>
                </TextEquiv>
            </TextLine>
            <TextLine id="tr_2_tl_10" custom="readingOrder {index:9;}">
                <Coords points="826,4657 1229,4650 1346,4541 3696,4601 3745,4431 2504,4367 2123,4473 826,4495"/>
                <Baseline points="848,4545 883,4545 973,4545 1063,4545 1152,4545 1242,4539 1331,4539 1421,4539 1511,4539 1600,4539 1690,4539 1779,4533 1869,4533 1958,4539 2048,4539 2138,4533 2227,4533 2317,4533 2406,4533 2496,4533 2586,4533 2675,4533 2765,4533 2854,4539 2944,4539 3034,4539 3123,4533 3213,4533 3302,4533 3392,4533 3481,4533 3571,4533 3661,4533 3750,4533"/>
                <TextEquiv>
                    <Unicode>gen Jugend sich namenlos und unsühnbar vergangen. Unter diesem</Unicode>
                </TextEquiv>
            </TextLine>
        </TextRegion>
    </Page>
</PcGts>
