4168 5256
3507 378 3677 510 93
748 567 3737 805 Herrn Bragadino, seinem väterlichen Freund aus Jugendtagen, einem
771 763 3639 986 alten Hagestolz, der, nun über achtzig, und vor zehn Jahren Mit-
775 880 3650 1115 glied des hohen Rats geworden, Casanovas Sache in Venedig mit-
778 1088 3639 1285 mehr Eifer als die andern Gönner zu führen schien. Der Brief,
786 1273 3631 1530 ausnehmend zierlich, nur von etwas zittriger Hand geschrieben,
786 1466 1625 1651 lautete wörtlich:
1289 1629 3775 1840 Mein lieber Casanova. Heute endlich befinde ich mich
786 1780 3707 1976 in der angenehmen Lage Ihnen eine Nachricht zu senden, die, wie
797 1988 3756 2158 ich hoffe, in der Hauptsache Ihren wünschen gerecht werden dürf-
809 2143 3779 2377 te. Der hohe Rat hat sich in seiner letzten Sitzung, die gestern
805 2316 3828 2558 Abend stattfand, nicht nur bereit erklärt Ihnen die Rückkehr nach
3193 2403 3646 2524 diese jhre
816 2468 3858 2698 Venedig zu gestatten, sondern wünscht sogar, dass Sie Ihre Rückkehr
835 2649 3798 2845 tunlichst beschleunigen, da beabsichtigt wird die tätige Dankbar-
835 2804 3767 3042 keit, die Sie in zahlreichen Briefen in Aussicht gestellt haben,
831 3000 3749 3216 baldigst in Anspruch zu nehmen, wie Ihnen vielleicht nicht be-
824 3197 3813 3401 kannt ist, mein lieber Casanova, (da wir ja Ihre Gegenwart so lan-
846 3367 3881 3571 ge entbehren mussten) haben sich die inneren Verhältnisse unserer
846 3567 3881 3786 teuern Vaterstadt im Laufe der letzten Zeit sowohl in politischer
843 3692 3843 3941 als auch in sittlicher Hinsicht einigermassen bedenklich gestal-
846 3937 3767 4089 tet. Geheime Verbindungen bestehen, die gegen unsere Staatsver-
843 4089 3764 4330 fassung gerichtet sind, ja einen gewaltsamen Umsturz zu planen
854 4206 3858 4478 scheinen, und wiel es in der Natur der Dinge liegt, sind es vor al-
843 4421 3798 4765 lem gewisse freigeistige, irreligibse und in jedem Sinne zucht-
