4152 5160
3481 313 3741 573 2es
781 502 3794 852 wie er sich ausdrückt, gleichwohl ganz schlecht sind, weil sie die
792 766 3764 1011 frechste zügellosigkeit zur Schau tragen und offenbar eigens zu
803 950 3722 1165 dem Ereck geschrieben sind, durch unzüchtige Schilderungen abge-
818 1082 3628 1388 stumpfte Leidenschaften aufzustacheln. Venngleich sich diese
811 1290 3696 1561 Schriften es nicht zur Aufgabe machen, die Religion zu verspot-
830 1433 3726 1708 ten, so sind sie doch des Peuers würdig, zu dem sie auch bereits
815 1693 2896 1897 bei ihrem ersten erscheinen verdammt wurden.
1294 1799 3745 2074 „Unglückldchenweise aber",-so schließt Casanova mit
845 1980 3703 2229 seiner bekannten Neigung zu allgemeinen Betrachtungen —.wird
841 2131 3718 2380 niemals ein Buch so viel gelesen, als wenn es durch eine Verur-
867 2270 3734 2583 teilung zum Scheiterhaufen für infan erklärt wird. Eine solche
856 2485 3752 2745 Aechtung macht oft das glück eines zügellosen Schriftstellers.
1324 2663 3651 2874 Wenn man sich über das aus mancherlei unbewussten
864 2810 3843 3062 und andern höchst absichtsvollen Widersprüchen zusammengesetzte
864 3032 3854 3300 Vesen Casanovas klar geworden ist, kann man sich kaum entschlies-
882 3202 3703 3439 sen, es als Zufall anzusehen, dass am gleichen Tage, an dem der
871 3371 3907 3620 hier angeführte Brief an den hohen Rat von Venedig abgesandt wur-
890 3575 3734 3771 de, Casanova die Erinnerungen seines Lebens niederzuschreiben
898 3737 3835 3945 begann, die, zu unserer Freude, dem Scheiterhaufen entgangen sind,
852 3854 3243 4163 (zu dem er selbst in vielleicht andersamt hätte.)
