4280 5304
2558 430 3520 702 nen Abschiedsbrueh
892 612 3865 845 Franzosen gerichteten Satz die letzte Abrundung zu finden sich
903 760 3865 1016 mühte, befiel ihn plötzlich eine ausserordentliche, fast körper-
1938 961 2547 1093 amuten Habsel
915 1019 3830 1182 lich peinvolle Unruhe; das Leben, das er in leidiger Gewöhnung
2694 1128 3213 1252 doe
988 1178 1345 1291 G. A. M. D.
923 1143 3837 1368 nun sohon durch drei Monate führte, xxx Morgenwanderungen
2365 1318 2597 1446 die
926 1314 3962 1543 vor dem Tor ins Land hinaus, mit den kleinen Spielabenden bei dem
934 1481 3903 1752 angeblichen Baron Perotti und dessen blatternarbiger Geliebten,
868 1678 3876 1895 die Zärtlichkeiten seiner nicht mehr ganz jungen aber feurigen
934 1826 3876 2097 Wirtin, ja sogar die Beschäftigung mit den Verken Voltaires und
934 2023 3865 2225 die Arbeit an seiner eigenen kühnen und bisher, wie ihm dünkte,
926 2209 3903 2419 nicht übel gelungenen Erwiderung;- all dies erschien ihm, in den
926 2345 3876 2620 linden, allzu süssen Luft dieses Spätsommermorgens gleichermas-
957 2547 3865 2799 sen sinnlos und widerwärtig; er murmelte einen Fluch vor sich
942 2706 3795 2961 hin, ohne recht zu wissen, wen oder was er damit treffen woll-
954 2888 3903 3159 te; und, den Griff seines Degens umklammernd, feindselige Blicke
950 3101 3989 3334 nach allen Seiten sendend, als richteten aus der Einsamkeit rings
2942 3256 3140 3372 A.F.P.
969 3260 3868 3496 um unsichtbare Augen sich höhnend auf ihn, wandte er plötzlich
2016 3461 2884 3582 lichten Kastanienbät
1012 3485 1500 3601 meind, vnte
957 3485 3985 3702 seine Schritte nach der Stadt zurück, in der Absicht, noch in der-
2903 3632 3144 3729 neu
1043 3663 1465 3779 Langheinde
969 3651 3958 3861 selben Stunde Anstalten für seine sofortige Ahreise zu treffen.
3275 3787 3888 3900 und erwidert
2446 3810 2880 3927 Blick zon
872 3868 3985 4058 Denn er zweifelte nicht, dass er sich sofort Kinder besser befin-
3295 3973 3527 4089 auch
2446 4000 2620 4109 G.C.F.P
957 4051 3954 4221 den würde, wenn er nur erst der ersehnten Heimat wieder um eini-
957 4167 3888 4403 ge Meilen näher gerückt war. Er beschleunigte seinen Gang, um
965 4310 3942 4597 sich rechtzeitig einen Platz in der Bilpost zu siehern, die vor
961 4574 4027 4772 Sonnenuntergang in der Richtung nach Osten abfuhr:- seiter hatte
