<?xml version="1.0" encoding="UTF-8" standalone="yes"?>
<PcGts xmlns="http://schema.primaresearch.org/PAGE/gts/pagecontent/2013-07-15" xmlns:xsi="http://www.w3.org/2001/XMLSchema-instance" xsi:schemaLocation="http://schema.primaresearch.org/PAGE/gts/pagecontent/2013-07-15 http://schema.primaresearch.org/PAGE/gts/pagecontent/2013-07-15/pagecontent.xsd">
    <Metadata>
        <Creator>prov=READ-COOP:name=TrHtr:version=2.1.0:model_id=51170:date=14_08_2023_14:32</Creator>
        <Created>2023-05-10T14:09:11.684+02:00</Created>
        <LastChange>2023-08-14T14:32:10.530+02:00</LastChange>
        <TranskribusMetadata docId="1428605" pageId="55416739" pageNr="25" tsid="132808570" status="IN_PROGRESS" userId="64420" imgUrl="https://files.transkribus.eu/Get?id=WGTZWFLNAFDSABQFGGGPGZDS&amp;fileType=view" xmlUrl="https://files.transkribus.eu/Get?id=OAFEFEZUBODWGAXLPYEHBFIJ" imageId="44690843"/>
    </Metadata>
    <Page imageFilename="1428605_0025.jpg" imageWidth="4312" imageHeight="5320">
        <ReadingOrder>
            <OrderedGroup id="ro_1711788413874" caption="Regions reading order">
                <RegionRefIndexed index="0" regionRef="tr_1"/>
                <RegionRefIndexed index="1" regionRef="tr_2"/>
            </OrderedGroup>
        </ReadingOrder>
        <TextRegion id="tr_1" custom="readingOrder {index:0;}">
            <Coords points="955,338 4149,338 4149,3055 955,3055"/>
            <TextLine id="tr_1_tl_1" custom="readingOrder {index:0;}">
                <Coords points="3673,453 3714,465 3748,453 3766,468 3837,461 3830,195 3800,191 3792,199 3755,172 3721,187 3710,176 3695,195 3665,191"/>
                <Baseline points="3695,388 3785,388 3845,394"/>
                <TextEquiv>
                    <Unicode>23</Unicode>
                </TextEquiv>
            </TextLine>
            <TextLine id="tr_1_tl_2" custom="readingOrder {index:1;}">
                <Coords points="948,768 3822,716 3954,701 3957,487 3279,566 2874,453 2226,615 1829,521 952,637"/>
                <Baseline points="967,758 1009,758 1098,752 1188,752 1277,746 1367,746 1456,740 1546,740 1636,734 1725,734 1815,728 1904,734 1994,728 2083,728 2173,722 2262,716 2352,710 2442,710 2531,710 2621,704 2710,704 2800,704 2889,692 2979,692 3069,686 3158,686 3248,686 3337,680 3427,680 3516,680 3606,674 3695,674 3785,668 3875,662 3964,668"/>
                <TextEquiv>
                    <Unicode>unterhaltsame Geschichten vorläse. Dass ihr ein Mensch, ein Mann,</Unicode>
                </TextEquiv>
            </TextLine>
            <TextLine id="tr_1_tl_3" custom="readingOrder {index:2;}">
                <Coords points="956,1001 3879,896 3924,705 963,776"/>
                <Baseline points="979,937 1062,931 1152,925 1241,919 1331,919 1421,913 1510,913 1600,907 1689,907 1779,907 1868,907 1958,901 2047,901 2137,895 2227,895 2316,889 2406,889 2495,883 2585,883 2674,877 2764,871 2854,871 2943,865 3033,865 3122,859 3212,853 3301,853 3391,853 3480,847 3570,847 3660,847 3749,841 3839,835 3928,829"/>
                <TextEquiv>
                    <Unicode>dass ihr Casanova selbst, der all dieserlebt hatte und noch vie-</Unicode>
                </TextEquiv>
            </TextLine>
            <TextLine id="tr_1_tl_4" custom="readingOrder {index:3;}">
                <Coords points="933,1135 3302,1106 3916,1046 3920,911 937,1008"/>
                <Baseline points="955,1110 973,1110 1062,1104 1152,1104 1241,1104 1331,1098 1421,1098 1510,1098 1600,1092 1689,1092 1779,1092 1868,1086 1958,1080 2047,1080 2137,1074 2227,1068 2316,1068 2406,1068 2495,1068 2585,1062 2674,1062 2764,1056 2854,1050 2943,1044 3033,1044 3122,1038 3212,1038 3301,1038 3391,1032 3480,1032 3570,1026 3660,1021 3749,1021 3839,1015 3928,1009"/>
                <TextEquiv>
                    <Unicode>les andere, was er nicht erzählte, dass ihr der Geliebte von tau-</Unicode>
                </TextEquiv>
            </TextLine>
            <TextLine id="tr_1_tl_5" custom="readingOrder {index:4;}">
                <Coords points="959,1353 3826,1278 3957,1248 3965,1113 3706,1031 967,1165"/>
                <Baseline points="985,1295 1015,1289 1104,1289 1194,1283 1283,1283 1373,1283 1462,1277 1552,1277 1641,1271 1731,1271 1821,1265 1910,1259 2000,1259 2089,1259 2179,1253 2268,1247 2358,1247 2448,1241 2537,1241 2627,1241 2716,1235 2806,1235 2895,1229 2985,1229 3074,1224 3164,1224 3254,1218 3343,1218 3433,1212 3522,1212 3612,1206 3701,1200 3791,1194 3881,1194 3970,1182"/>
                <TextEquiv>
                    <Unicode>send Frauen gegenübersass, - und dass sie das wusste, davon verrie-</Unicode>
                </TextEquiv>
            </TextLine>
            <TextLine id="tr_1_tl_6" custom="readingOrder {index:5;}">
                <Coords points="959,1514 3792,1443 3822,1270 963,1349"/>
                <Baseline points="979,1462 1050,1462 1140,1462 1229,1462 1319,1456 1409,1456 1498,1450 1588,1450 1677,1450 1767,1444 1856,1438 1946,1438 2036,1432 2125,1432 2215,1427 2304,1427 2394,1421 2483,1421 2573,1421 2662,1415 2752,1415 2842,1409 2931,1403 3021,1397 3110,1397 3200,1391 3289,1385 3379,1379 3469,1379 3558,1379 3648,1373 3737,1373 3827,1367"/>
                <TextEquiv>
                    <Unicode>ten ihre Mienen nicht das geringste. Anders schimmerte es in</Unicode>
                </TextEquiv>
            </TextLine>
            <TextLine id="tr_1_tl_7" custom="readingOrder {index:6;}">
                <Coords points="3047,1503 3088,1495 3110,1514 3167,1477 3287,1503 3347,1473 3564,1469 3586,1465 3590,1405 3493,1394 3459,1409 3418,1390 3373,1428 3350,1405 3268,1402 3227,1424 3185,1402 3144,1424 3099,1402 3050,1420"/>
                <Baseline points="3069,1468 3146,1468 3236,1474 3325,1468 3415,1462 3504,1456 3594,1444"/>
                <TextEquiv>
                    <Unicode>de ce jeune</Unicode>
                </TextEquiv>
            </TextLine>
            <TextLine id="tr_1_tl_8" custom="readingOrder {index:7;}">
                <Coords points="2166,1521 2207,1544 2293,1529 2323,1540 2346,1521 2447,1540 2488,1518 2545,1521 2548,1458 2518,1458 2492,1439 2451,1462 2406,1443 2357,1469 2327,1443 2263,1469 2234,1447 2170,1432"/>
                <Baseline points="2185,1516 2197,1516 2286,1516 2376,1516 2465,1510 2555,1498"/>
                <TextEquiv>
                    <Unicode>Ce sauvre</Unicode>
                </TextEquiv>
            </TextLine>
            <TextLine id="tr_1_tl_9" custom="readingOrder {index:8;}">
                <Coords points="974,1690 3770,1593 3830,1443 982,1514"/>
                <Baseline points="997,1636 1056,1636 1146,1636 1235,1630 1325,1630 1415,1624 1504,1624 1594,1624 1683,1618 1773,1612 1862,1612 1952,1606 2042,1606 2131,1600 2221,1594 2310,1594 2400,1594 2489,1588 2579,1588 2668,1576 2758,1576 2848,1570 2937,1570 3027,1570 3116,1564 3206,1564 3295,1564 3385,1558 3475,1558 3564,1552 3654,1546 3743,1540 3833,1546"/>
                <TextEquiv>
                    <Unicode>Amaliene Augen. Für sie war an derselbe geblieben; ihr klang</Unicode>
                </TextEquiv>
            </TextLine>
            <TextLine id="tr_1_tl_10" custom="readingOrder {index:9;}">
                <Coords points="3766,1638 3800,1645 3822,1630 3841,1638 3860,1630 3867,1641 3909,1653 3946,1634 3957,1649 3976,1649 3984,1555 3957,1563 3920,1536 3901,1544 3886,1529 3815,1566 3774,1563"/>
                <Baseline points="3791,1630 3809,1624 3898,1624 3988,1612"/>
                <TextEquiv>
                    <Unicode>acht.</Unicode>
                </TextEquiv>
            </TextLine>
            <TextLine id="tr_1_tl_11" custom="readingOrder {index:10;}">
                <Coords points="978,1870 2492,1761 3238,1829 3421,1739 3654,1810 3961,1739 3965,1638 986,1675"/>
                <Baseline points="1003,1815 1015,1809 1104,1809 1194,1803 1283,1803 1373,1797 1462,1797 1552,1791 1641,1785 1731,1785 1821,1785 1910,1779 2000,1779 2089,1773 2179,1773 2268,1767 2358,1761 2448,1755 2537,1755 2627,1755 2716,1755 2806,1749 2895,1743 2985,1743 3074,1737 3164,1731 3254,1731 3343,1731 3433,1725 3522,1725 3612,1719 3701,1713 3791,1707 3881,1707 3970,1695"/>
                <TextEquiv>
                    <Unicode>seine Stimme verführerisch wie vor sechzehn Jahren, und er fühl</Unicode>
                </TextEquiv>
            </TextLine>
            <TextLine id="tr_1_tl_12" custom="readingOrder {index:11;}">
                <Coords points="989,2016 3125,1926 3418,1994 3856,1934 3860,1791 993,1863"/>
                <Baseline points="1009,1988 1092,1982 1182,1982 1271,1982 1361,1976 1450,1970 1540,1970 1630,1970 1719,1964 1809,1964 1898,1958 1988,1952 2077,1952 2167,1946 2256,1946 2346,1940 2436,1940 2525,1934 2615,1934 2704,1928 2794,1928 2883,1916 2973,1916 3063,1916 3152,1910 3242,1910 3331,1904 3421,1898 3510,1898 3600,1898 3689,1892 3779,1892 3869,1886"/>
                <TextEquiv>
                    <Unicode>te, dass es ihn nur ein Vort und kaum so viel kosten stürde, das</Unicode>
                </TextEquiv>
            </TextLine>
            <TextLine id="tr_1_tl_13" custom="readingOrder {index:12;}">
                <Coords points="978,2192 3796,2166 3946,2129 3954,1960 982,2046"/>
                <Baseline points="997,2167 1003,2167 1092,2161 1182,2155 1271,2149 1361,2149 1450,2143 1540,2143 1630,2143 1719,2143 1809,2137 1898,2137 1988,2131 2077,2125 2167,2119 2256,2119 2346,2113 2436,2113 2525,2107 2615,2107 2704,2101 2794,2095 2883,2095 2973,2089 3063,2089 3152,2083 3242,2077 3331,2071 3421,2071 3510,2071 3600,2065 3689,2065 3779,2059 3869,2053 3958,2053"/>
                <TextEquiv>
                    <Unicode>Abenteuer von damals, sobald es ihm beliebte, von neuem aufzuneh-</Unicode>
                </TextEquiv>
            </TextLine>
            <TextLine id="tr_1_tl_14" custom="readingOrder {index:13;}">
                <Coords points="978,2383 3759,2297 3905,2260 3909,2159 982,2241"/>
                <Baseline points="997,2340 1044,2340 1134,2334 1224,2334 1313,2334 1403,2328 1492,2328 1582,2322 1671,2322 1761,2316 1850,2310 1940,2310 2030,2304 2119,2304 2209,2298 2298,2298 2388,2292 2477,2286 2567,2286 2657,2280 2746,2280 2836,2274 2925,2274 3015,2268 3104,2268 3194,2262 3283,2256 3373,2250 3463,2250 3552,2250 3642,2245 3731,2239 3821,2233 3910,2227"/>
                <TextEquiv>
                    <Unicode>men. Doch was war ihm Amalia in dieser Stunde, da ihn nach Mar-</Unicode>
                </TextEquiv>
            </TextLine>
            <TextLine id="tr_1_tl_15" custom="readingOrder {index:14;}">
                <Coords points="3260,2346 3317,2350 3339,2338 3343,2350 3358,2353 3376,2342 3395,2357 3406,2350 3421,2357 3444,2342 3470,2350 3474,2271 3440,2271 3421,2290 3403,2293 3354,2263 3313,2293 3302,2278 3268,2278"/>
                <Baseline points="3283,2334 3301,2334 3391,2328 3480,2322"/>
                <TextEquiv>
                    <Unicode>as</Unicode>
                </TextEquiv>
            </TextLine>
            <TextLine id="tr_1_tl_16" custom="readingOrder {index:15;}">
                <Coords points="1001,2533 3770,2503 3852,2275 1004,2376"/>
                <Baseline points="1021,2513 1080,2513 1170,2507 1259,2501 1349,2495 1438,2495 1528,2495 1618,2495 1707,2489 1797,2489 1886,2483 1976,2477 2065,2477 2155,2471 2245,2471 2334,2465 2424,2465 2513,2459 2603,2454 2692,2454 2782,2448 2871,2448 2961,2442 3051,2442 3140,2430 3230,2430 3319,2430 3409,2430 3498,2430 3588,2424 3678,2424 3767,2418 3857,2406"/>
                <TextEquiv>
                    <Unicode>colina verlangte wie nach keiner vor ihr? Durch ihr mattglän-</Unicode>
                </TextEquiv>
            </TextLine>
            <TextLine id="tr_1_tl_17" custom="readingOrder {index:16;}">
                <Coords points="1252,2627 1274,2631 1319,2605 1357,2627 1394,2597 1409,2612 1473,2593 1536,2597 1536,2522 1514,2522 1503,2507 1480,2503 1450,2518 1443,2507 1428,2515 1405,2507 1390,2518 1338,2507 1255,2522"/>
                <Baseline points="1277,2591 1367,2597 1456,2585 1546,2585"/>
                <TextEquiv>
                    <Unicode>sie im</Unicode>
                </TextEquiv>
            </TextLine>
            <TextLine id="tr_1_tl_18" custom="readingOrder {index:17;}">
                <Coords points="993,2717 3972,2661 3980,2488 2522,2458 1357,2627 1001,2556"/>
                <Baseline points="1015,2692 1026,2692 1116,2692 1206,2686 1295,2686 1385,2680 1474,2680 1564,2674 1653,2674 1743,2668 1833,2668 1922,2662 2012,2662 2101,2657 2191,2657 2280,2651 2370,2645 2459,2645 2549,2639 2639,2639 2728,2639 2818,2633 2907,2633 2997,2627 3086,2621 3176,2621 3266,2615 3355,2615 3445,2609 3534,2609 3624,2603 3713,2603 3803,2597 3892,2597 3982,2591"/>
                <TextEquiv>
                    <Unicode>zend-fliessenden Gewand glaubte er ihren nackten Leib zu sehen;</Unicode>
                </TextEquiv>
            </TextLine>
            <TextLine id="tr_1_tl_19" custom="readingOrder {index:18;}">
                <Coords points="1004,2901 3766,2829 3841,2672 1008,2724"/>
                <Baseline points="1026,2871 1068,2865 1158,2865 1247,2860 1337,2860 1427,2854 1516,2854 1606,2854 1695,2848 1785,2842 1874,2836 1964,2836 2053,2830 2143,2824 2233,2824 2322,2818 2412,2812 2501,2818 2591,2812 2680,2812 2770,2812 2860,2806 2949,2806 3039,2806 3128,2800 3218,2794 3307,2794 3397,2788 3486,2782 3576,2776 3666,2776 3755,2776 3845,2770"/>
                <TextEquiv>
                    <Unicode>die knospenden Brüste blühten ihm entgegen, und als sie sich</Unicode>
                </TextEquiv>
            </TextLine>
            <TextLine id="tr_1_tl_20" custom="readingOrder {index:19;}">
                <Coords points="3609,2897 3920,2874 3995,2882 4092,2934 4141,2923 4141,2833 4111,2837 4014,2773 3946,2788 3916,2773 3879,2796 3856,2784 3766,2829 3658,2788 3605,2799"/>
                <Baseline points="3630,2877 3719,2871 3809,2871 3898,2871 3988,2877 4078,2883 4149,2889"/>
                <TextEquiv>
                    <Unicode>Taschenlick</Unicode>
                </TextEquiv>
            </TextLine>
            <TextLine id="tr_1_tl_21" custom="readingOrder {index:20;}">
                <Coords points="1896,2949 2005,2968 2421,2901 2537,2934 2608,2893 2897,2919 2901,2844 2664,2814 2530,2856 2395,2826 2230,2889 2147,2841 1900,2878"/>
                <Baseline points="1916,2937 1922,2937 2012,2931 2101,2925 2191,2919 2280,2907 2370,2901 2459,2901 2549,2895 2639,2895 2728,2889 2818,2883 2907,2883"/>
                <TextEquiv>
                    <Unicode>at the last the 2nd Boden</Unicode>
                </TextEquiv>
            </TextLine>
            <TextLine id="tr_1_tl_22" custom="readingOrder {index:21;}">
                <Coords points="1001,3065 3935,3032 3984,2886 3496,2822 2005,2972 1806,2889 1004,2946"/>
                <Baseline points="1026,3039 1038,3039 1128,3045 1218,3039 1307,3039 1397,3039 1486,3033 1576,3033 1665,3027 1755,3027 1844,3021 1934,3015 2024,3015 2113,3009 2203,3003 2292,3003 2382,3003 2471,2997 2561,2997 2651,2991 2740,2991 2830,2991 2919,2985 3009,2985 3098,2979 3188,2979 3277,2973 3367,2967 3457,2967 3546,2961 3636,2955 3725,2955 3815,2949 3904,2949 3994,2949"/>
                <TextEquiv>
                    <Unicode>einmal neigte, um die von ihrem Schoss hinabgeglittenen ganniette</Unicode>
                </TextEquiv>
            </TextLine>
        </TextRegion>
        <TextRegion id="tr_2" custom="readingOrder {index:1;}">
            <Coords points="1032,3096 4024,3096 4024,4655 1032,4655"/>
            <TextLine id="tr_2_tl_1" custom="readingOrder {index:0;}">
                <Coords points="1008,3275 3920,3208 3946,3013 1016,3095"/>
                <Baseline points="1032,3230 1086,3230 1176,3230 1265,3224 1355,3224 1444,3218 1534,3218 1624,3218 1713,3212 1803,3212 1892,3206 1982,3206 2071,3200 2161,3194 2250,3194 2340,3194 2430,3188 2519,3188 2609,3182 2698,3176 2788,3176 2877,3176 2967,3170 3057,3164 3146,3164 3236,3158 3325,3158 3415,3152 3504,3152 3594,3146 3683,3146 3773,3146 3863,3146 3952,3146"/>
                <TextEquiv>
                    <Unicode>aufzuheben, legte Casanovas entflammte Ehantasie ihrer Bewegung</Unicode>
                </TextEquiv>
            </TextLine>
            <TextLine id="tr_2_tl_2" custom="readingOrder {index:1;}">
                <Coords points="1016,3459 3864,3395 3954,3200 1019,3279"/>
                <Baseline points="1038,3409 1092,3403 1182,3403 1271,3397 1361,3397 1450,3397 1540,3391 1630,3391 1719,3385 1809,3385 1898,3385 1988,3379 2077,3373 2167,3373 2256,3367 2346,3367 2436,3361 2525,3361 2615,3355 2704,3355 2794,3349 2883,3349 2973,3343 3063,3343 3152,3337 3242,3337 3331,3331 3421,3331 3510,3325 3600,3325 3689,3319 3779,3319 3869,3313 3958,3313"/>
                <TextEquiv>
                    <Unicode>einen so lüsternen Sinn unter, dass er sich einer Ohnmacht nahe</Unicode>
                </TextEquiv>
            </TextLine>
            <TextLine id="tr_2_tl_3" custom="readingOrder {index:2;}">
                <Coords points="1012,3620 3845,3571 3852,3388 1016,3474"/>
                <Baseline points="1032,3588 1080,3582 1170,3582 1259,3576 1349,3576 1438,3576 1528,3570 1618,3570 1707,3564 1797,3564 1886,3564 1976,3558 2065,3552 2155,3552 2245,3546 2334,3546 2424,3546 2513,3540 2603,3540 2692,3534 2782,3534 2871,3528 2961,3522 3051,3522 3140,3516 3230,3516 3319,3516 3409,3510 3498,3510 3588,3504 3678,3504 3767,3498 3857,3492"/>
                <TextEquiv>
                    <Unicode>fühlte. Dass er eine Sekunde lang unwillkürlich im Erzählen</Unicode>
                </TextEquiv>
            </TextLine>
            <TextLine id="tr_2_tl_4" custom="readingOrder {index:3;}">
                <Coords points="1027,3807 3673,3751 3976,3714 3984,3579 1034,3605"/>
                <Baseline points="1050,3767 1122,3761 1212,3761 1301,3755 1391,3755 1480,3749 1570,3749 1659,3749 1749,3743 1839,3743 1928,3737 2018,3731 2107,3731 2197,3725 2286,3725 2376,3719 2465,3719 2555,3719 2645,3719 2734,3713 2824,3707 2913,3707 3003,3707 3092,3701 3182,3701 3272,3695 3361,3695 3451,3689 3540,3689 3630,3689 3719,3683 3809,3678 3898,3678 3988,3678"/>
                <TextEquiv>
                    <Unicode>stookte, entging Maroolinen so wenig, wie dass sein Blick seltsam</Unicode>
                </TextEquiv>
            </TextLine>
            <TextLine id="tr_2_tl_5" custom="readingOrder {index:4;}">
                <Coords points="1008,3984 3916,3905 3920,3740 1016,3800"/>
                <Baseline points="1032,3946 1056,3940 1146,3940 1235,3940 1325,3940 1415,3934 1504,3934 1594,3934 1683,3928 1773,3922 1862,3922 1952,3916 2042,3910 2131,3910 2221,3904 2310,3904 2400,3898 2489,3898 2579,3892 2668,3892 2758,3887 2848,3887 2937,3881 3027,3881 3116,3881 3206,3875 3295,3875 3385,3869 3475,3869 3564,3863 3654,3863 3743,3857 3833,3857 3922,3851"/>
                <TextEquiv>
                    <Unicode>zu flirren begann, und er las in dem ihren ein plötzliches Be-</Unicode>
                </TextEquiv>
            </TextLine>
            <TextLine id="tr_2_tl_6" custom="readingOrder {index:5;}">
                <Coords points="1016,4130 3920,4115 3984,3905 1019,3987"/>
                <Baseline points="1038,4119 1122,4119 1212,4113 1301,4113 1391,4107 1480,4107 1570,4101 1659,4095 1749,4095 1839,4095 1928,4090 2018,4090 2107,4084 2197,4084 2286,4078 2376,4072 2465,4072 2555,4066 2645,4066 2734,4066 2824,4060 2913,4054 3003,4054 3092,4054 3182,4048 3272,4048 3361,4048 3451,4042 3540,4042 3630,4036 3719,4036 3809,4030 3898,4030 3988,4024"/>
                <TextEquiv>
                    <Unicode>fremden, Verwahrung, ja eine Spur von Ekel. Rasch fasste er sich</Unicode>
                </TextEquiv>
            </TextLine>
            <TextLine id="tr_2_tl_7" custom="readingOrder {index:6;}">
                <Coords points="1046,4355 4010,4283 4017,4092 1049,4175"/>
                <Baseline points="1068,4293 1158,4293 1247,4287 1337,4287 1427,4281 1516,4281 1606,4281 1695,4275 1785,4269 1874,4269 1964,4263 2053,4263 2143,4257 2233,4251 2322,4251 2412,4245 2501,4245 2591,4245 2680,4239 2770,4239 2860,4233 2949,4233 3039,4227 3128,4221 3218,4221 3307,4221 3397,4221 3486,4215 3576,4215 3666,4209 3755,4209 3845,4209 3934,4203 4024,4203"/>
                <TextEquiv>
                    <Unicode>wieder und schickte sich eben an seine Erzählung mit neuer Leb-</Unicode>
                </TextEquiv>
            </TextLine>
            <TextLine id="tr_2_tl_8" custom="readingOrder {index:7;}">
                <Coords points="1012,4546 3961,4415 3965,4261 1019,4347"/>
                <Baseline points="1038,4472 1104,4466 1194,4466 1283,4460 1373,4460 1462,4454 1552,4454 1641,4448 1731,4448 1821,4442 1910,4436 2000,4436 2089,4430 2179,4430 2268,4430 2358,4424 2448,4424 2537,4418 2627,4418 2716,4412 2806,4406 2895,4406 2985,4406 3074,4400 3164,4400 3254,4394 3343,4394 3433,4388 3522,4388 3612,4388 3701,4382 3791,4382 3881,4376 3970,4370"/>
                <TextEquiv>
                    <Unicode>haftigkeit fortzusetzen, als ein wohlbeleibter Geistlicher ein-</Unicode>
                </TextEquiv>
            </TextLine>
            <TextLine id="tr_2_tl_9" custom="readingOrder {index:8;}">
                <Coords points="1023,4699 3740,4621 3912,4579 3920,4403 1027,4538"/>
                <Baseline points="1044,4645 1056,4645 1146,4645 1235,4645 1325,4639 1415,4639 1504,4633 1594,4627 1683,4627 1773,4627 1862,4621 1952,4615 2042,4609 2131,4609 2221,4609 2310,4603 2400,4603 2489,4597 2579,4597 2668,4591 2758,4591 2848,4585 2937,4585 3027,4579 3116,4573 3206,4573 3295,4573 3385,4573 3475,4567 3564,4567 3654,4561 3743,4555 3833,4555 3922,4543"/>
                <TextEquiv>
                    <Unicode>trat, der vom Hausherrn als der Abbate Rossi begrüsst und von</Unicode>
                </TextEquiv>
            </TextLine>
        </TextRegion>
    </Page>
</PcGts>
