4216 5320
3282 364 3639 628 twunter
787 566 3724 833 auf Bekannte, die er in Neapel, Nom, Mailand und Mantua hatte, und
756 732 3728 1031 von denen er annehmen konnte, dass Casanova mit ihnen gelegent-
760 899 3875 1217 lich zusammengetroffen war. In diesem Zusammenhang nannte er auch
767 1151 3685 1352 den Namen des Barona Perotti, doch in einigermassen verächtli-
790 1275 3666 1550 chem Tone, und Casanova musste sugestehen, dass er manchmal im
794 1449 3774 1724 Hause des Barons ein kleines Spiel zu machen pflege - zur Zer-
806 1569 3790 1903 streuung“, setzte er hinzu,-,ein halbes Stündchen vor dem Schla-
806 1829 3608 2085 fengehen. Im übrigen hab' ich diese Art von Zeitvertreib so
810 2007 3747 2244 ziemlich aufgegeben."- „Das tüte mir leid“, sagte der Marchese,
822 2127 3801 2410 denn ich will Ihnen nicht verhehlen, Herr Chevalier, dass es ein
841 2317 3697 2631 Traum meines Lebens war mich mit Ihnen zu messen - sowohl im
818 2515 3813 2829 Spiel, als - in jüngeren Jahren - auch auf andern Gebieten. Den-
841 2674 3875 2968 ken Sie übrigens, dass ich - wie lange mag es her sein? – dass Ich
845 2852 3666 3116 in Spaa genau an dem Tage, ja in der stunde ankam, als Sie es
829 2980 3778 3302 verliesen. Unsere Vagen fuhren aneinander vorüber. Und in Re-
833 3232 3825 3460 gensburg widerfuhr mir ein ühnliches Missgeschick. Dort bewohn-
845 3383 3763 3697 te ich sogar das Zimmer, das Sie eine Stunde vorher verlassen
856 3596 3817 3836 hatten".- „Es ist ein rechtes Unglück", sagte Casanova, immerhin
852 3716 3828 4049 ein wenig geschmeichelt, dass man einander manchmal zu spät im
860 3945 3871 4185 Leben begegnet". - „Es ist noch nicht zu spät“, rief der Marchese
872 4076 3887 4394 lebhaft. „In Hinsicht auf mancherlei anderes will ich mich gern
884 4247 3801 4569 im vorhinein geschlagen geben, und es kümmert mich wenig.-aber
864 4456 3898 4766 was das Spiel anbelangt, mein lieber Chevalier, so sind wir beide
911 4666 2526 4933 vielleicht gerade in den Jahren -
