4216 5320
3518 194 3704 507 lis
797 481 3730 749 noch nicht, Lorenzi, denn ich bin noch nieht zu Ende. Mein Anein-
809 667 3674 887 nen wäre natürlich - nicht etwa frevelhaft, aber aussichts- und
809 853 3644 1096 daher sinnlos, wenn Sie die Absicht hätten, Marcolina zu Ihrer
809 1032 3764 1237 Gattin zu machen oder wenn Marcolina selbst ihre Hoffnungen und
820 1222 3805 1427 Wünsche in dieser Richtung schweifen liesse. Aber ebenso wie die
827 1341 3790 1587 vergangene Nacht Ihre erste war (er sprach auch diese seine Ver-
831 1576 3726 1777 mutung wie eine unbezweifelbare Gewissheit aus), ebenso war die
827 1695 3730 1967 kommende aller menschlichen Berechnung nach, ja, auch nach Ihrer
842 1878 3626 2131 eigenen und Maroolinens Voraussicht bestimmt Ihre letzte zu
850 2072 3760 2314 sein - auf sehr lange Zeit - wahrscheinlich auf immer; und ich
846 2239 3719 2482 bin völlig überzeugt, dass Marcolina selbst, um ihren Geliebten
861 2426 3808 2675 vor dem sichern Untergang zu bewahren, einfach auf seinen Wunsch
850 2616 3723 2832 hin ohne Zögern bereit wäre, diese eine Nacht seinem Retter zu
857 2821 3805 3022 gewähren. Denn auch sie ist Philosophin und daher von Vorurtei-
857 2925 3849 3175 len so frei, wie wir beide. Aber so gewiss ich bin, dass sie diese
857 3115 3715 3365 Probe bestünde, es liegt keineswegs in meiner Absicht, dass sie
876 3309 3793 3532 ihr auferlegt werde. Denn eine Willenlose, eine innerlich wider-
879 3473 3775 3678 strebende zu besitzen, das ist etwas, dass gerade in diesem Falle
872 3648 3708 3879 meinen Ansprüchen nicht genügen würde. Nicht nur als ein Lie-
876 3849 3790 4095 bender,- als ein Geliebter will ich ein Glück geniessen, das mir
887 4009 3726 4244 am Ende auch gross genug erschiene, um es mit meinem Leben zu
879 4181 3849 4393 bezahlen. Verstehen Sie mich wohl, Lorenzi, Daher darf Marcolina
876 4367 3864 4606 nicht einmal ahnen, dass ich es bin, den sie an ihren himmlischen
891 4542 3752 4844 Busen schliesst; sie muss vielmehr fest davon überzeugt sein,
