4232 5288
3344 256 3611 504 159
818 474 3653 833 Casanova, als dass er vor langer Zeit aus irgend einem Grunde
829 611 3852 971 oder vielleicht auch ganz unschuldig in den Bleikammern gefangen
829 875 3733 1143 gesessen und unter allerlei Fährlichkeiten von dort entkommen
864 978 3848 1272 war. Das Büchlein, in dem er schon vor Jahren seine Plucht so le-
852 1219 3684 1486 bendig geschildert hatte, war zwar nicht unbekannt geblieben.
867 1383 3806 1674 doch mit der gebührenden Aufmerksamkeit schien es niemand gele-
887 1544 3863 1834 sen zu haben. Es machte Casanova einigen Spass zu denken, dass es
883 1678 3909 2010 nur von ihm abhinge jedem dieser jungen Herrn baldigst zu persön-
1918 1861 2870 2021 die Lebensbedingingen
883 1834 3890 2197 lichen Erfahrungen über das Leben unter den Bleidächern von Vene
902 2102 3760 2373 dig und über die Schwierigkeiten des Entkommens zu verhelfen;
917 2274 3837 2537 aber fern davon einen so boshaften Einfall durchschimmern oder
917 2400 3921 2713 gar erraten zu lassen, verstand er es vielmehr auch hier den Harm
932 2606 3917 2885 losen und Liebenswürdigen zu spielen und unterhielt bald die Ge-
940 2770 3859 3049 sellschaft nach seiner Art mit der Erzählung von allerlei hei-
940 2939 3936 3225 teren Abenteuern, die ihm auf seiner letzten Reise von Rom hieher
940 3141 3886 3405 begegnet waren;- Geschichten, die, wenn auch im Ganzen ziemlich
951 3317 3963 3592 wahr, in Wirklichkeit immerhin fünfzehn bis zwanzig Jahre zurück-
967 3439 3886 3756 lagen. Während man ihm noch angeregt zuhörte, brachte irgendwer,
948 3642 3882 3905 mit anderen Neuigkeiten die Kunde, dass ein Offizier aus Mantua
974 3756 3924 4070 in der Nähe des Landgutes eines Freundes, wo er zu Besuch geweilt
959 3963 3951 4261 hätte, umgebracht und dass seine Leiche von den Räubern bis aufs
971 4123 4039 4410 Hend ausgeplündert worden war. Da dergleichen Ueberfälle und Mord
974 4287 4043 4616 taten zu jener Zeit nicht gerade selten vorkamen, erregte der Fall
982 4467 3890 4757 auch in diesem Kreise kein sonderliches Aufsehen, und Casanova
260 4486 447 4819 0
