4120 5256
3522 232 3736 558 247
903 430 2151 725 bezichtigte er sich so nicht
833 539 3805 814 gleich selbst einer Tat bestehtigen, die an Ende unentdeckt blei-
822 725 3941 980 ben oder doch nicht ihm zur Last gelegt werden würden konnte ar xxx
814 942 3600 1162 nicht laugnen? Gab es einen Beweis gegen ihn? War er nicht
825 1108 3763 1318 nach Venedig berufen? Wer durfte sagen, dass es eine Flucht war?
825 1314 3736 1515 Der Kutscher etwa, der die halbe Nacht an der Strasse gewartet?
845 1457 3867 1690 Mit noch ein paar goldstücken war ihm das Meul gestopft. Und wenn
829 1612 3743 1868 der auch am Ende plauderte, oder gar vor Gericht zu xxxner Aussa
833 1821 3801 2019 ge gezwungen wurde, was verschlug es weiter,- wenn man nur in Ve-
841 2000 3755 2220 nedig, wenn man in Sieherheit wurf— So liefen seine Gedanken im
845 2186 3627 2356 Kreise. Plötzlich war ihm, als hörte er hinter seinem Rücken
860 2329 3612 2561 das Getrabe von Pferden. Schon? war sein erster Gedanke. Er
849 2488 3654 2751 steckte den ropf zum Wagenfenster hinaus, sah nach rückwärts,
860 2732 3786 2898 die Strasse war leer. Sie waren an einem Gehöft vorbeigefahren;
856 2898 3743 3061 es war der Wiederhall vom Hufschlag ihrer Pferde gewesen. Dass
2526 3007 2751 3092 anderer
856 3026 3704 3236 er sich getäuscht hatte, beruhigte ihn für eine Weile so sehr,
864 3216 3766 3426 als wäre nun heute Gefahr ein für alle Mal vorüber. port regten
856 3375 3674 3600 die Türe von Mantua...Vorwärts,vorwärta“, sagte er vor sich
860 3530 3732 3759 hin; denn er wollte gar nicht, dass es der Kutscher hörte, per
872 3697 3759 3941 aber, in der Nähe des Ziele, liess die Rosse aus eigenem Antrieb
868 3879 3794 4115 immer rascher laufen; bald waren sie an Tor, durch das Casanova
880 4092 3716 4301 vor noch nicht zweimal vierundzwanzig Stunden mit Olivo die
880 4301 3825 4483 Stadt verlassen; er gab dem Kutscher den Namen des Gasthofs an,
880 4402 3871 4669 vor dem er zu halten hätte; nach wenigen Minuten zeigte sich das
