4232 5304
1703 240 2099 491 :
2323 209 2586 507 : /:
735 484 3797 838 nicht mehr für ihn da. Oder - wäre sie niemals für Ihn dagewesen?
727 731 3649 994 Es gab ja wohl auch Frauen solcher Art. Er war vielleicht in
731 937 3618 1154 früheren Jahren solch einer begegnet; aber da immer zugleich
750 1112 3679 1394 eine andere, willigere zur Stelle war, hatte er sich nicht damit
754 1272 3729 1493 aufgehalten auch nur einen Tag vergeblich zu seufzen. Und da es
754 1497 3645 1706 nicht einmal Lorenzi gelungen war, Marcolina zu erobern da sie
762 1642 3645 1878 sogar die Hand dieses Menschen ausgeschlagen hatte, der ebenso
2380 1771 2731 1893 Casanna
773 1809 3603 2045 schön und ebenso frech war, wie er selbst in seiner Jugend es
3272 1916 3584 2022 geschon
766 1965 3729 2221 gewesen - so mochte Marcolina in der Tat jenes Wunderwesen vor-
781 2160 3782 2380 stellen, an dessen Vorhandensein auf Erden er bisher gezweifelt-
769 2323 3618 2586 das tugendhafte Weib. Nun aber lachte er so hell auf, dass es
785 2518 3714 2712 durohs Zimmer hallte. „Der Ungeschickte, der Dummkopf!" rief er
773 2700 3717 2914 laut, wie er es bei solchen Selbstgesprächen öfters tat. Er hat
792 2879 3771 3146 die Gelegenheit nicht zu benützen verstanden. Oder die Marchess
785 3032 3763 3260 lässt ihn nicht los. Oder hat er sich die erst genommen, weil er
796 3211 3835 3443 Maroolina nicht bekommen konnte, die gelehrte - die Philosophin?"
804 3409 3660 3694 Und plötzlich kam ihm der Einfall: Ich will ihr morgen meine
804 3565 3725 3843 Streitschrift gegen Voltaire vorlesen! Sie ist das einzige Ge-
815 3729 3763 3950 schöpf, dem ich das nötige Verständnis dafür zutrauen darf. Ich
815 3927 3816 4163 werde sie überzeugen... Sie wird mich bewundern. Natürlich wird
819 4140 3752 4365 sie... vortrefflich. Herr Casanova, Sie schreiben einen glänzen-
834 4304 3893 4529 den Stil, alter Herr! Bei Gott... Sie haben Volta re vernichtet...
815 4475 3782 4780 genialer Greis - - So sprach er, so zischte er vor sich hin und
