4248 5304
3397 355 3578 529 100
3427 476 3711 620 send
767 484 3639 794 Leute zu verdorben, die man verderben wollte und nicht die, auf
3318 605 3771 786 Venerianem.
2811 673 3080 801 inter
786 771 3707 1013 die es der hohe Rat abgesehen hatte und die von allen Menschen,
801 914 3541 1202 die in Venadig lebten, gewis s die allerbravsten Kerle waren!
794 1077 3639 1375 Wie? Weil sie Feinde dieser niederträchtigen Regierung waren.
801 1300 3760 1553 weil sie als Ketzer galten, sollten sie in dieselben Bleikammern,
801 1470 3650 1731 wo er vor fünfundzwanzig Jahren geschmachtet, oder gar unter's
786 1614 3745 1867 Beil? Er hasste die Regierung noch hundertmal mehr und mit bes-
820 1806 3801 2052 seren Gründen als jene taten, und ein Ketzer war er sein Lebelang
816 1973 3681 2226 gewesen, war es heute noch und mit heiligerer Ueberzeugung als
824 2139 3654 2422 sie alle! Er hatte sich ja selber nur eine vertruckte Komödie
839 2301 3767 2566 vorgespielt in diesen letzten Jahren - aus Langeweile und Ekel.
846 2502 3711 2724 Er an Gott glauben? Was war denn das für ein Gott, der nur den
835 2641 3817 2925 Jungen hold war und die Alten in Stich liess? Ein Gott, der sich,
850 2864 3749 3099 wann es ihm beliebte, zum Teufel wandelte, Reichtum in Armut, Un-
858 3000 3779 3291 glück in Glück und Lust in Verzweiflung kehrte? Hust du deinen
862 3182 3896 3458 Spass mit uns - und wir sollen zu dir beten? - An dir zweifeln ist
2702 3306 3012 3435 ein
1304 3356 1942 3484 das uns bleibt
869 3371 3726 3605 den einzige Mittel, um dich nicht zu lästerni- Sei nicht! Denn
1398 3544 1719 3662 auswes
877 3571 3794 3805 wenn du bist, so muss ich dir fluchen! Er ballte die Fäuste zum
888 3752 3775 3960 Himmel, er reckte sich auf. Unwillkürlich drängte Dich ein ver-
888 3915 3749 4149 hasster Name auf seine Lippen. Voltaire! Ja, hun war er in der
880 4092 3696 4285 rechten Verfassung, seine Schrift gegen den alten Weisen von
888 4206 3851 4527 Ferney zu vollenden. Zu vollen? Mein, nun erst sollte sie be-
896 4463 3835 4686 gonnen werden. Eine neus! eine andere!- In der der lächerliche
903 4610 3858 4859 Greis hergenommen werden sollte, wie er es verdiente...um seiner
