4216 5304
3025 168 3185 432 P.S
684 585 3625 937 nach all dem Glück und Unglück, das er erlebt, nach all der Ehre
1522 868 1694 994 G.C.H.F.F:F:D
704 899 3625 1159 und Schmach, nach den Triumphen und nach der Erniedrigungen, die
707 1059 3591 1281 er erfahren, musste er doch endlich eine Ruhestatt, eine Heimat
704 1235 3594 1503 haben. Und gab es eine andere Heimat für ihn als Venedig! Und
730 1419 3613 1637 ein anderes Glück als das Bewusstsein ihm geben konnte, wieder
738 1530 3747 1870 eine Heimat zu haben? In der Fremde vermochte er m längst nicht
600 1782 3636 1992 se mehr xx dauernd an sich heranzuzwingen. Noch war ihm zuweilen
684 1946 3682 2195 die Kraft gegönnt, es zu erfassen, noch nicht mehr (die) es festzu-
727 2141 3698 2329 halten. Seine Macht über die Menschen, Frauen wie Männer war da-
738 2310 3663 2512 hin. Nur wo er Erinnerung bedeutete, vermochte sein
742 2493 3766 2692 Vort, seine Stimme, sein Blick noch zu bannen; seiner Gegen-
765 2635 3786 2860 wart war die Wirkung versagt. Vorbei war seine Zeit! Und nun
3438 2707 3981 2875 Beflinenberg
749 2830 3743 3070 gestand er sich auch ein, was er aich sonst mit besonderer kunnt
761 2948 3774 3189 zu verhohlen suchte, dass selbst seinen schriftstellerischen Lei-
792 3109 3717 3369 stungen, dass sogar seiner Streitschrift gegen Voltaire, auf die
784 3323 3755 3548 er seine letzte Hoffnung gesetzt hatte, niemals ein in die Weite
795 3533 3594 3732 tragender erfolg beschieden sein würde. Auch dazu war es zu
814 3721 3675 3900 spät. Ja, hätte er in jüngeren Jahren muss und Geduld gehabt,
818 3885 3816 4187 sich mit derlei Arbeiten ernstlicher zu beschäftigen, - das wusste
818 4049 3774 4363 er wohl - den ersten dieses Fachs, Dichtern und Philosophon hät-
818 4241 3667 4504 te er es gleich getan; obenso wie er als Finanzmann oder als
795 4416 3877 4741 Diplomat mit grösserer Beharrlichkeit und Vorsicht als ihm eigen
818 4592 3686 4894 war, zum Höcheten wäre berufen gewesen. Doch wo war all seine
