4200 5304
684 540 3552 760 der Bäume hinzuziehen suchte. Dort drängte sie sich heftig an
726 616 3703 869 mich rupfen? Denn alle diese Anstalten, auch die Zuvorkommenheit
2827 726 3174 846 1o6 und
703 771 2384 952 ihn. Lorenzi aber riss sich ungebärdi
748 801 3654 1028 des Marchese, die Beflissenheit des Abbate sogar, das grscheinen
3208 903 3442 1032 .sit
2041 945 2634 1073 mit Casanova
1527 971 1912 1088 am inge
703 1001 1232 1134 Hause zu. Er
756 1001 3624 1251 der Brüder Ricardi, kamen ihm irgendwie verdächtig vor; konnte
3254 1077 3548 1179 G.C.H.F.D.
1704 1137 2067 1255 Pflichke
726 1175 1576 1289 Art von spöttischer
760 1103 3688 1379 nicht auch Lorenzi in die Intrigue verwickelt sein? Oder Marco-
714 1334 1833 1466 Casanova ohne Dank annah
760 1330 3567 1568 lina? Oder gar Amalia? Ist das Ganze, dachte er flüchtig, ein
2698 1459 2872 1557 G.O
1375 1496 1844 1621 Marchese 1
775 1523 3620 1734 streich meiner Feinde, um mir die Rückkehr nach Venedig zu er-
3393 1591 3563 1700 G.C.F.P
1587 1644 2921 1780 sate setzten so geringe Münze
786 1666 3741 1893 schweren, im letzten Augenblick unmöglich zu machen? Aber sofort
1459 1833 2615 1969 Casanova - auch heute, da
763 1870 3646 2086 musste er sich sagen, dass dieser Einfall völlig unsinnig war,
726 1882 975 2014 Ganze
1474 2025 2105 2143 Dukaten besta
767 2048 3779 2241 vor allem schon darum, weil er ja nicht einmal mehr Feinde hatte.
1213 2044 1447 2165 voir pour
3378 2116 3703 2222 artigen
2774 2150 2947 2248 P.S.
1942 2165 2483 2305 der Marche¬
778 2211 3775 2452 Er war ein ungefährldcher herabgekommener alter Tropf; wen konn-
1538 2214 1693 2316 G.H.F.P.
1221 2218 1493 2335 A.M.F.S.
790 2388 3631 2634 te seine Rückkehr nach Venedig überhaupt kümmern? Und als er
824 2411 1145 2524 I ene dar
3182 2456 3620 2585 cht batei-
1969 2536 2256 2645 Lorens
1323 2539 1927 2672 lötzlich warf.
797 2573 3764 2789 durch die offenen Fenster des Hauses die Herren sich geschäftig
858 2581 1190 2698 n ginge
1364 2717 2124 2842 nen Dukaten hin,
835 2724 3741 2951 um den Tisch reihen sah, auf dem die Karten bereit lagen und ge-
797 2906 2203 3038 Einsatz stehen, gewann ein zweite
809 2955 3624 3140 füllte Weingläser standen, wurde ihm über jeden Zweifel klar,
1644 3083 1889 3193 jusquʼau
790 3121 1153 3231 ger ingen
828 3117 3745 3318 dass hier nichts anderes geplant war als ein gewohnheitsmässig
1704 3250 1991 3363 Münzer
1417 3272 1655 3367 e in e
816 3288 1232 3393 indess iha
812 3269 3715 3492 harmloses Spiel, bei dem ein neuer Partner immerhin willkommen
2445 3390 2808 3514 ten, wenn
1564 3427 2059 3563 sich höchet
809 3461 1247 3594 Vicardi zu
828 3473 3805 3752 sein mochts. Marcolina streifte an ihm vorüber und wünschte ihm
2456 3578 2883 3696 behandeln
1141 3628 1553 3752 äleichen
835 3612 3722 3847 Glück. Sie bleiben nicht? Schauen dem Spiel nicht wenigstens
839 3813 1632 3930 Leutenant Lorenz!
846 3805 3726 4073 zur" - „Was soll ich dabei? Gute Nacht, Chevalier von Seingalt -
1844 3964 2449 4085 en, der die Xa
846 3990 1655 4111 platt; dem einen, xxx
2895 3994 3745 4213 stehend, redete un-
850 4062 1629 4198 und auf morgen!“
835 4058 2649 4293 Schweiss von der stirn, der andere, hinte
1311 4157 3775 4346 Stimmen klangen ins Freie. „Lorenzi“ rief es - „Herr
971 4259 3764 4470 Mssig auf ihn ein wie mit wichtigen unfehlbaren Ratschlägen.
858 4342 3851 4542 Chevalier".- „Wir warten“. Casanova, im Schatten des Hauses, konr.
1731 4444 3189 4603 samen Bruder einziehen sah, leuch
862 4463 3903 4803 te sehen, wie die Marchessa Lorenzi von der Wiese gegen das Dunkel.
846 4512 1682 4648 Wenn er den schwei¬
2668 4633 2970 4784 votre
1258 4682 1757 4852 andern Fall
