4248 5304
720 245 1184 479 1: —
2847 256 3085 479 :
3441 394 3646 609 102
705 639 3523 936 alten Dummkopf Bragadino, einen Brief voll geheuchelter Demut
724 891 3549 1103 und verlogenen Entzückens: er nehme die Gnade des hohen Rats
724 1058 3687 1285 mit freudiger Dankbarkeit an und erwarte den Wechsel mit wenden-
731 1155 3646 1492 der Post, um sich seinen Gönnern, vor allem seinem hochverehrten
746 1381 3601 1645 väterlichen Freunde Bragadino sobald als möglich zu Füssen um
735 1485 3709 1827 legen zu dürfen. Während er eben daran war, den Brief zu versie-
750 1711 3642 1994 geln, klopfte es leise an die Tür; Olivos ältestes Töchterlein,
768 1908 3750 2157 die preizehnjährige trat ein und bestellte, dass die ganze Gesell-
787 2112 3601 2331 schaft bereits versammelt sei und den Chævalier mit Ungeduld
787 2202 3742 2506 zum spiel erwarte. In ihren Augen glimmte es sonderbar, ihre Wan-
780 2439 3672 2710 gen waren gerötet, das frauenhaft dichte Haar spielte bläulich-
791 2628 3735 2855 schwarz um ihre Schläfen; der kindliche Mund war halb geöffnet;
798 2788 3653 3070 „Hast du Wein getrunken, Teresina?“ fragte Casanova und machte
820 2940 3635 3204 einen langen Schritt auf sie zu. -.Wahrhaftig - und der Herr
820 3148 3657 3378 Chevalier merken das gleich? Sie wurde noch röter, und wie in
828 3315 3746 3564 Verlegenheit strich sie sich mit der Zunge über die Unterlippe.
835 3460 3701 3731 Casanova packte sie bei den Schultern, hauchte ihr seinen Atem
839 3649 3820 3913 ins Gesicht, sog sie mit sich, warf sie aufs Bett; sie sah ihn mit
846 3846 3746 4087 grossen hilflosen Augen an, in denen das Glimmen erloschen war;
858 3998 3779 4284 doch als sie ihren Mund wie zum Schreien öffnete, zeigte ihr Ca-
876 4147 3850 4436 sanova eine so drohende Miene, dass sie fast erstarrte und alles mit
865 4355 3750 4611 sich geschehen liess, was ihm beliebte. Er küsste sie zärtlich
876 4488 3842 4841 wild und flüsterte: Du musst es dem Abbate nicht sagen, Toresina,
