4264 5304
947 257 1211 490 :  =
2056 230 2297 506 V.
773 600 3708 845 los gerade in den verdächtigen Kreisen,von denen hier die Rede
792 811 3754 1064 ist, gewas Sympathie und - bei einiger Geschicklichkeit von sei-
996 837 1415 958 erfoliger
788 962 3671 1241 ner Seite, bald einem rückhaltlosen Vertrauen begegnen müsste.
796 1136 3716 1392 Ja meines Erachtens würden sich mit Notwendigkeit, wie nach dem
800 1309 3818 1573 Walten eines Naturgesetzes, gerade diejenigen Elemente um Sie ver-
811 1490 3686 1716 sammeln, an deren Unschädlichmachung und exemplarischer Bestra-
830 1671 3652 1928 fung dem hohen Rat in seiner unermüdlichen Sorge um das Wohl
837 1822 3739 2075 des Staates am meisten gelegen ist, und wir würden es nicht nur
853 2026 3772 2248 als einen Beweis Ihres patriotischen Eifers, mein lieber Casano-
856 2173 3818 2452 va, sondern auch als ein untrügliches Zeichen Ihrer vollkommenen
853 2392 3686 2622 Abkehr von all jenen Tendenzen betrachten, die Sie seinerzeit
864 2539 3761 2773 unter den Bleichdächern zwar hart, doch wie auch Sie heute ein-
875 2743 3716 2958 sehen, (wenn wir Ihren brieflichen Versicherungen glauben dür-
875 2886 3780 3146 fen) nicht ganz ungerecht bissen mussten, - wenn sie sich bereit
1641 3097 1792 3192 Monsieur
883 3067 3837 3346 fändn, in dem oben angedeuteten Sinne sofort nach Ihrer Heimkehr
883 3259 3874 3535 bei den nun genügend gekennzeichneten Elementen Anschluss zu su-
898 3407 3889 3678 chen, sich ihnen in freundschaftlicher Weise zuzugesellen, wie ei-
902 3618 3844 3878 ner, der den gleichen Tendenzen huldigt, und von allem, was Ihnen
905 3780 3923 4052 verdächtig oder sonotwie wissenswürdig erschiene, dem genat unver-
909 3942 3863 4255 züglichen und eingehenden Bericht zu erstatten. Für diese Dien-
924 4097 3852 4395 ste wäre man geneigt Ihnen fürs Erste einen monatlichen Gehalt
932 4304 3912 4584 von zweihundertfünfzig Lire auszusetzen, abgesehen von Extragra-
928 4489 3961 4750 tifikationen in einzelnen besonders wichtigen Fällen, sowie Ihnen
