4216 5320
3426 348 3680 587 65 65
794 544 3751 915 und durchlas beim Schein der Kerzen, was er zuletzt geschrieben.
786 759 3927 1095 Da er mitten in einem Absatz stehen geblieben war es ihm ein X
774 1056 3594 1275 Leichtes auf der stelle fortzufahren. Er nahm die Feder zur
786 1177 3680 1435 Hand, schrieb hastig ein paar Sätze und hielt plötzlich wieder
806 1400 3661 1631 inne. Wozuf fragte er sich, wie in einer grausamen inneren gr-
786 1529 3708 1803 leuchtung. Und wenn ich auch wüsste, dass, was ich hier schrieb
2206 1701 2480 1811 mide.
798 1748 3770 2003 und schreiben werde, herrlich wäre ohne Vergleich,- ja, wenn es
806 1948 3798 2143 mir wirklich gelänge, Voltaire zu vernichten und mit meinem Ruhm
798 2069 3892 2335 den seinen zu überstrahlen:- wäre ich nicht trotzdem mit Freuden
810 2222 3688 2503 bereit all diese Papiere zu verbrennen, wenn es mir dafür ver-
814 2452 3786 2675 gönnt wäre, in dieser Stunde Maroolina zu umarmen? Ja, wäro ich um
814 2593 3739 2855 den gleichen Preis nicht zu dem Gelübde bereit,Venedig niemals
810 2773 3774 3035 wieder zu betreten,- auch wenn sie mich im Triumph dahin zurück-
821 2949 3759 3211 holen wollten? Venedig!... Er wiederholte das Wort,es klang um
821 3152 3724 3395 ihn in seiner ganzen Herrlichkeit und schon hatte es die alte
829 3317 3774 3559 Macht über ihn gewonnen. Die Stadt seiner Jugend stieg vor ihm
833 3508 3935 3739 auf, umflossen von allem Zauber der Erinnerung, und das Herz schwoll
845 3680 3720 3915 ihm in einer Sehnsucht, so qualvoll und über alles Mass, wie er
837 3853 3684 4115 sie noch nie empfunden zu haben glaubte. Auf die Heinkehr zu
2933 3966 3516 4076 andam deutte
1873 3989 2949 4122 die das Schicksal im eben so
2937 4032 3172 4111 4.
3328 4009 3669 4244 Das zu bezahlt. Das
857 4091 2930 4275 verzichten erschien ihn als das ümmöglichste
2984 4134 3235 4244 alle
860 4212 3735 4463 sollte er weiter in dieser kläglich verblassten Velt ohne die
841 4357 3790 4615 Hoffnung, die Gewissheit, die geliebte Stadt wiedersehen zu dür-
841 4525 3821 4846 fonf Nach Jahren und Jahrzehnten der Wanderungen und Abenteuer,
