4152 5240
1907 210 2079 465 F. W.
3469 333 3675 577 144
813 708 3784 877 verzogen sich schmerzlich, er liess das Haupt einken, seine Nasen-
802 862 3817 1056 flügel öffneten sich weit, ein leises Röcheln,er starb.- Casanova
813 1015 3671 1229 beugte sich zu ihm hinab, kniete neben ihn nieder, sah ein paar
817 1203 3634 1420 Blutstropfen aus der Wunde sickern, führte die Hand ganz nahe
813 1412 3589 1573 an des Gefallenen Mund; kein Hauch des Lebens berührte sie.
813 1525 3754 1742 Ein kühler Schauer floss durch Casanovas Glieder. Er erhob sich
839 1742 3641 1937 und nahm seinen Mantel um. Dann trat er wieder an die Leiche
832 1892 3679 2090 und blickte auf den Jünglingsleib hinab, der in unvergleichli-
828 2102 3694 2259 cher Schönheit auf dem Rasenausgestreckt lag. Ein leises Rau-
843 2203 3810 2450 schen ging durch die Stille; es war der Morgenwind, der durch dei
832 2413 3705 2607 Wipfeln jenseits der Gartenmauer strich. Was tun? fragte sich
824 2574 3810 2810 Casanova. Leute rufen? Olivo? Amalia? Marcolina?- Wozu? Lebendig
839 2761 3821 3004 macht ihn keiner mehr!- Er überlegte mit der kalten Ruhe, die ihm
843 2948 3772 3136 in den gefährlichsten Momenten seines Daseins immer eigen gewe-
828 3121 3761 3342 sen war.- Bis man ihn findet, kann es viele stunden dauern,viel-
839 3327 3761 3495 leicht bis zum Abend, auch länger. Bis dahin hab ich Zeit gewen-
843 3492 3746 3686 nen, und darauf allein kommt es an.- Er hielt immer noch seinen
832 3653 3791 3829 Degen in der Hand, er sah Blut daran schimmern und wischte es im
832 3844 3720 4053 Grase ab. Der Einfall kam ihm, die Leiche anzukleiden, aber das
839 4023 3799 4218 hätte ihn Minuten verlieren lassen, die kostbar und unwiderbring-
832 4185 3757 4368 lich waren. Wie zu einem letzten Opfer beugte er sich nochmals
843 4379 3750 4537 nieder und drückte dem Toten die Augen zu. „Glücklicher“, sagte
843 4552 3720 4739 er vor sich hin, und, wie in traumhafter Benommenheit küsste er
