4216 5320
1431 208 1715 451 1: 1
769 576 3635 795 Casanova unterbrach ihn! „In den Jahren - mag sein.
742 742 3748 1034 Aber leider kann ich gerade auf dem Gebiet des Spiels nicht mehr
753 943 3733 1215 auf das Vergnügen Anspruch erheben, mich mit einem Partner Ihres
761 1090 3646 1352 Rangs messen zu dürfen - weil ich - und dies sagte er im Ton
769 1265 3654 1552 eines enttronten Fürsten - weil ich es mit all meinem Ruhm,
2741 1446 2904 1560 nil
750 1450 3627 1711 mein werter Herr Marchese, bis heute nicht weiter als bis zum
772 1711 1867 1923 gettler gebracht habe.“
1231 1764 3748 2041 Der Marchese schlug unwilkürlich vor Casanovas stol-
780 2018 3650 2238 zem Blick die Augen nieder und schüttelte dann nur ungläubig,
799 2177 3790 2423 wie zu einem sonderbaren Spass den Kopf. Olivo aber, der dem gan-
788 2321 3676 2571 zen Gespräch mit Spannung gelauscht und die gewandt überlege-
791 2514 3707 2741 nen Antworten seines ausserordentlichen Freundes mit beifälli-
803 2692 3559 2968 gem Nicken begleitet hatte, vermochte eine Bewegung des Er¬
822 2870 3654 3135 schrakene kaum zu unterdrücken. Sie standen eben alle an der
806 3033 3805 3302 rückwärtigen Gartenmauer vor einer schmalen Holztür, und während
814 3199 3775 3472 Olivo sie mit einem kreischenden Schlüssel öffnete, und den Mar-
2673 3377 3071 3529 flickert
829 3351 3801 3669 chese voraus in den Garten tresen liess, sagte er näach zu Casa-
814 3567 3745 3820 novor ihn beim Arm fassend: Sie werden Ihr letztes Wort zurück-
825 3748 3729 4013 nehmen, Chevalier, ehe Sie den russ wieder in mein Haus setzen.
852 3938 3729 4207 Das Geld, das ich Ihnen seit sechzehn Jahren schulde, liegt be-
833 4093 3665 4358 reit. Ich wagte nur nicht... Fragen Sie, Amalia... Abgezählt
822 4313 3862 4532 liegt es bereit. Beim Abschied wollte ich mir erlauben-" Casano-
863 4483 3748 4737 va unterbrach ihn sanft. „gie sindnicht mein Schuldner, Olivo.
