4168 5256
3397 257 3571 476 13
760 401 3722 646 Casanovas mit glühenden Vangen entrang, war ihr der Gedanke völ-
748 593 3560 846 lig fern an ihrem Bräutigam, der sein Glück an Ende doch nur
767 771 3718 1028 der Liebenswürdigkeit und dem Edelsinn des wunderbaren Fremden
775 990 3681 1187 verdankte, ein Unrecht begangen zu haben. Ob Olivo von der aus-
786 1141 3711 1394 serordentlichen Erkenntlichkeit Amaliens gegenüber dem Wohltä-
786 1258 3783 1538 ter je durch ein Geständnis Kunde erhalten, ob er ihr Opfer viel-
767 1462 3756 1742 leicht als ein selbstverständliches vorausgesetzt hätte und oh-
2105 1655 2932 1791 hungenommen hatte.
778 1685 3635 1954 ne nachträgliche Eifersucht - oder ob ihm gar, was ge-
797 1844 3794 2082 schen bis heute ein Geheimnis geblieben war; darum hatte Casa-
2165 1969 4021 2127 und kümmerte sich auch heute nicht darin.
775 2063 3771 2256 nova sich niemals gekümmert, und auch jetzt beschäftigte er sich
2966 2177 3204 2279 F.
3310 2135 3964 2418 Eladan #
778 2237 3280 2430 nicht weiter mit einer Profonderen Lösung ihn vollkom¬
2959 2369 3662 2592 e und als diser
778 2373 2471 2641 gültie ###
1258 2509 3805 2766 Die Hitze stieg immer höher an. Der Wagen, schlecht ge-
790 2702 3699 2966 fodert und mit harten Xissen versehen, rumpelte und stiess zum
809 2932 3817 3125 Erbarmen, das dünnstinnig gutmütige Geschwätz Olivos, der nicht
816 3125 3783 3303 abliess seinen Begleiter von der Erspriesslichkeit seines Bo-
805 3246 3711 3518 dens, der Vortrefflichkeit seiner Hausfrau, der Wohlgeratenheit
816 3435 3775 3681 seiner Kinder und von den vergnügt harmlosen Verkehr mit bäuer-
3665 3567 3975 3711 deren
820 3631 3779 3835 licher und adeliger Nachbarschaft zu unterhalten, begann diesen
1519 3809 1708 3937 and
809 3805 3745 4051 zu langweilen / ärgerlich fragte er sich, aus welchem Grunde er
816 3968 3851 4240 denn eigentlich eine Einladung angenommen, die für ihn nichts als
816 4176 3847 4395 Unbequemlichkeiten und an Ende gar Enttäuschungen in Gefolge ha-
828 4315 3798 4587 ben konnte, er sehnte sich nach seinem kühlen Gasthofsimmer in
1307 4508 3654 4784 wo er zu dieser selben Stunde ungestört an seiner
824 4565 1221 4803 Mantua
