4168 5256
825 591 3757 855 nur dies eine wusste er, dass sein Name, so oft Zärtlichkeit ihn
828 794 3731 1005 geflüstert, Leidenschaft ihn gestammelt, Glück ihn gejubelt hat-
843 1013 3773 1205 te, heute zum ersten Mal mit dem vollen Klang der Liebe an sein
843 1175 3656 1359 Herz gedrungen. Doch eben darum schien jede weitere Neugier
855 1348 3788 1521 ihm unlauter und sinnlos, und hinter einem Geheimnis, das er nim-
851 1506 3720 1732 mer enträtseln sollte, schloss sich die Tür. Hätten die Blicke
866 1634 3757 1916 der Andern sich nicht scheu und flüchtig zu verstehen gegeben,
858 1834 3769 2063 dass auch sie den gleich wieder verhallten Ruf gehört, so hätte
873 2041 3724 2255 jeder für seinen Teil an eine Sinnestäuschung glauben können;
350 2146 610 2270 cʼest avec
862 2233 3705 2391 denn keiner sprach ein Wort, während sie durch den Säulengang
858 2417 3769 2583 dem Tore zuschritten. Casanova aber folgte als Letzter, mit ge-
866 2628 3053 2779 neigtem Haupt, wie von einem grossen Abschied.-
1325 2730 3878 2963 Der Pförtner stand am Tor,empfing sein Almosen und die
881 2925 3904 3159 Gäste stiegen in den Wagen, der sie ohne weiteren Verzug heimwärts
881 3080 3818 3298 führte. Olivo schien verlegen, Amalia entrückt, Marcolina jedoch
885 3249 3784 3453 völlig unberührt, und allzu absichtlich, wie es Casanova dünkte,
873 3460 3795 3614 versuchte sie mit Amalia ein Gespräch über Angelegenheiten der
870 3607 3761 3825 Hauswirtschaft einzuleiten, das aber Olivo an ihrer Statt auf-
892 3791 3791 3991 nehnen musste. Bald nah m Casanova daran Teil, der sich auf Fra-
892 3961 3878 4194 gen, die Küche und Keller betrafen, vortrefflich verstand, und kei-
881 4093 3810 4349 nen Anlass sah mit seinen Kenntnissen und Erfahrungen auch auf
900 4322 3773 4556 diesem Gebiet, wie zu einem neuen Beweis seiner Allseitigkeit,
873 4518 3814 4721 zurückzuhalten. Nun wachte auch Amalia aus ihrer Versonnenheit
