4200 5304
834 577 3761 804 zu ihr nicht anders verhält als das verworrensoder lügenhafte
864 743 3837 985 Geschwätz der Sophisten zu den klaren und hohen Lehren des Pla-
215 788 600 1098 G.H.
875 962 3825 1169 to und des Aristoteles." -.Immerhin', erwiderte Casanova rasch,
853 1132 3757 1347 werden Sie mir zugeben müssen, schöne und gelehrte Marcolina,
879 1241 3859 1509 dass auch die Sophisten keineswegs durchaus als so verächtliche
879 1483 3829 1683 und törichte Gesellen zu gelten haben, wie man nach Ihrem allzu
853 1683 3803 1871 strengen Urteil annehmen müsste. So wird man - um nur ein Bei-
853 1815 3871 2033 spiel aus der Gegenwart anzuführen, Herrn Voltaire seiner ganzen
868 2015 3829 2218 Denk- und Schreibart nach gewiss als das Muster eines Sophisten
894 2199 3867 2399 bezeichnen dürfen, und trotzdem wird es niemandem einfallen, auch
875 2392 3837 2562 mir nicht, der ich mich als seinen entschiedenen Gegner bekenne,
875 2573 3772 2758 ja, wie ich nicht leugnen will, eben damit beschäftigt bin eine
875 2709 3844 2924 Schrift gegen ihn zu verfassen, auch mir fällt es nicht ein, sei-
894 2927 3803 3120 ner ausserordentlichen Begabung die gebührende Anerkennung zu
879 3063 3878 3263 versagen. Und ich bemerke gleich, dass ich mich nicht etwa durch
890 3252 3818 3501 die übertriebene zuvorkommenheit habe bestechen lassen, die mir
894 3433 3878 3633 Herr Voltaire bei Gelegenheit meines Besuchs in Ferney vor zehn
879 3584 3908 3799 Jahren zu erweisen die güte hatte".- Marcolina lächelte. Das
887 3765 3757 3984 ist ja sehr hübsch von ihnen, Chevalier, dass Sie den grössten
3180 3893 3731 4021 Georgenheit.
879 3965 3897 4169 Geist des Jahrhunderte so milde zu beurteilen die Gnade haben."-
894 4157 3848 4342 „Ein grosser Geist - Der grösste gart“ rief Casanova aus. „Ihn
879 4331 3848 4614 so zu nennen scheint mir schon deshalb unstatthaft, weil er bei
856 4478 3784 4723 all seinem Genie die gottloser Mensch, ja geradezu ein gottes-
894 4648 3746 4934 leugner ist. Und ein gotteslæugner kann niemals ein grosser
