4104 5240
3487 335 3700 552 146
784 552 3605 800 nicht so gefährlich, wie sie ängstlichern Gemütern vielleicht
788 729 3739 953 erschienen wäre. Dass man ihn sofort verdächtigen würde, Lorenzi
3164 839 3518 961 Reiner
800 950 3743 1127 getötet zu haben, war freilich wahrscheinlich; aber konn-
808 1111 3723 1304 te dann zweifeln, dass es im ehrlichen Zweikampf geschehen war,
796 1241 3727 1474 (und so schien es nur notwendig, so rasch alsmöglich der Mantuaer
796 1478 3664 1635 Gerichtsbarkeit zu entkommen; war er erst jenseits der Grenze,
788 1619 3629 1805 so konnte man ihm wohl nichts mehr anhaben. Daher war er ent-
800 1781 3731 2002 schlossen, sich in der Stadt nicht länger aufz uhalten, ale unum-
788 1958 3719 2171 gänglich nötig, und sofort nach Venedig weiter zu reisen. Uebri-
788 2139 3641 2321 gens war es gar nicht underkbar, dass für die öffentliche Mei-
788 2329 3625 2537 nung irgend wer anderer als Loreniis Mörder in Betracht kam,-
808 2494 3743 2683 der Marchese zum Beispiel, als betrogener Ehemann. Hatte Lorenzi
796 2656 3719 2829 ihm die zweitausend Dukaten gezahlt? Ohne Zweifel. Würde Maroo-
792 2864 3589 3042 lina sprechen? Wurde sie vor den Richter geladen werden? Die
808 3002 3648 3191 Wahrhheit aussagen? Es war überflüssig sich darüber den Kopf
2451 3101 2931 3231 Berien noch:
3172 3097 3341 3223 was
800 3187 3696 3396 zu zerbrochen, oh es ho weit war Jedenfalls was er von Lorenzi
3148 3306 3310 3404 din
808 3377 3759 3554 überfallen, zum puell gezwungen worden, und niemand kannte es ihm
800 3534 3692 3747 als Verbrechen anrechnen, dass er sich zur Wehre gesetzt hatte.
800 3704 3680 3944 Aber warum hatte er ihn auf dem Rasen liegen lassen, wie einen
812 3905 3562 4102 toten Hund? Auch das durfte ihm niemand zum Vorwurf machen:
808 4090 3708 4271 rasche Flucht war sein guten Recht, beinahe seine Pflicht gewe-
820 4232 3743 4456 sen. Lorenzi hätte es nicht anders gemacht. Aber konnte ihn Ve-
800 4417 3968 4630 nedig nicht auslieferne xxx nach seiner Ankunft xxx
745 4535 1367 4724 wollte since
808 4547 3968 4799 in den Schutz seines Gönners Bragadino stellen. Wie-? Und aich aber
