4200 5320
3488 301 3736 459 116
843 497 3857 711 nein, a 1 s meinem Freund; denn selten, Lorenzi, habe ich zu einem
869 711 3864 888 Menschen vom ersten Augenblick eine solche rätselhafte Sympathie
869 847 3785 1054 empfunden wie zu Ihnen. Aber hätt' ich dieser grosemütigen Re-
880 1001 3905 1249 gung nachgegeben, in der Sekunde darauf hätte ich sie aufs Tiefste
880 1223 3789 1411 bereut, geradeso wie sie, Lorenzi, in der Sekunde, oh Sie sich die
880 1407 3804 1599 Kugel in den ropf jagten, zur verzweiflungsvollen Erkenntnis kä-
892 1554 3853 1765 man, dass Sie ein Warr ohnegleichen gewesen sind, - um taßsend Lie-
892 1701 3778 1972 besnächte mit immer neuen Frauen hinzuwerfen für eine einzige,
899 1930 3194 2111 der dann keine Nacht - und kein Tag mehr folgte."
1347 2084 3725 2276 Noch immer schwieg Lorenzi; sein Schweigen dauerte
899 2284 3759 2483 Sekunden, es dauerte Minuten lang, und Casanova fragte sich, wie
903 2476 3830 2671 lang er sich's noch dürfte gefallen lassen. Schon war er im Be-
907 2641 3883 2848 griff, sich mit einem kurzen Grusse abzuwenden und so anzudeuten,
918 2799 3755 3029 dass er seinen Vorschlag als abgelehnt betrachte, als Lorenzi,
929 2923 3811 3153 immer wortlos, mit einer durchaus nicht raschen Bewegung seiner
918 3100 3774 3345 rechten Hand nach rückwärts in die Tasche seines Rockschosses
918 3315 3819 3529 griff, und Casanova, der in gleichen Augenblick, nach wie vor auf
922 3525 3860 3699 alles gefasst, einen Schritt zurückgetreten war, wie um sich nie-
922 3695 3917 3879 derzuducken - den Gartenschlüssel überreichte. Die Bewegung Casa-
933 3868 3759 4048 novas, die immerhin eine Regung von Furcht ausgedrückt hatte,
944 4018 3830 4229 liess um Lorenzis Lippen ein sofort wieder verschwindendes Lä-
944 4199 3887 4391 cheln des Hohna erscheinen. Casanova verstand es seine aufstei-
933 4380 3909 4579 gende tut, deren wirklicher Ausbruch alles wieder hätte zunichte
948 4579 3905 4756 machen können, zu unterdrücken, ja zu verbergen und, den Schlüssel
