4296 5304
3652 313 3838 549 35
898 518 3919 785 Schrift angedeutet fände, von der tiefeinnig-prophetischen Bedeu-
917 785 3919 983 tung der Zahlenparamiden, die er selbst nach einen neuen System
909 952 3927 1211 aufzubauen gelehrt hatte, und von dem häufigen Eintreffen seiner
928 1103 3834 1312 auf diesem System beruhenden Voraussagen. Vor wenigen Jahren
932 1296 3818 1540 erst hatte er in Amsterdam den Bankier Hope durch den Aufbau
936 1501 3900 1753 einer solchen Zahlenpyramide veranlasst die Versicherung eines
932 1652 3915 1942 schon verloren geglaubten Handelsschiffes zu übernehmen und ihn
928 1799 3923 2093 dadurch zweimalhunderttausend Goldgulden verdienen lassen! Noch
944 1996 3962 2228 immer war er so geschiokt im Vortrag seiner schwindelhaft geist-
940 2166 3861 2387 reichen Thhorien, dass er auch diesmal, wie es ihm oft geschah,
940 2348 3923 2584 an all das unsinnige zu glauben begann, das er vortrug, und sogar
928 2542 3973 2739 mit der Behauptung zu schliessen sich getraute, die Kabbala stel-
940 2743 3962 2925 le nicht so sehr einen Zweig, als vielmehr die metaphysische Vol-
952 2863 3869 3110 lendung der Mathematik vor. Marolina, die ihm bisher sehr auf-
944 3025 3865 3288 merksam und anscheinend ganz ernsthaft zugehört hatte, schaute
952 3250 3861 3513 nun plötzlich mit einem halb bedauernden, halb spitzbübischen
944 3451 3896 3644 Blick zu ihn auf und sagte:.Es liegt Ihnen daran, mein werter
963 3590 4024 3822 Herr Casanova, (sie schien ihn jetzt mit Absicht nicht „Chevalier“
925 3811 3900 4043 zu nennen) mir eine ausgesuchte Probe von Ihrem weltbekannten
975 3950 3977 4171 Unterhaltungstalent zu geben, wofür ich Ihnen aufrichtig dankbar
959 4151 3954 4360 bin. Aber Sie wissen natürlich so gut wie ich, dass die Kabbala
959 4325 4012 4526 nichts nur nichts mit der Mathematik zu tun hat, sondern geradezu
971 4492 4074 4716 eine Versündigung an ihren eigentlichen Wesen bedeutet; und sich
2457 4635 3834 4878 seiner kann niemals ein grosser
