<?xml version="1.0" encoding="UTF-8" standalone="yes"?>
<PcGts xmlns="http://schema.primaresearch.org/PAGE/gts/pagecontent/2013-07-15" xmlns:xsi="http://www.w3.org/2001/XMLSchema-instance" xsi:schemaLocation="http://schema.primaresearch.org/PAGE/gts/pagecontent/2013-07-15 http://schema.primaresearch.org/PAGE/gts/pagecontent/2013-07-15/pagecontent.xsd">
    <Metadata>
        <Creator>prov=READ-COOP:name=TrHtr:version=2.1.0:model_id=51170:date=14_08_2023_14:32</Creator>
        <Created>2023-05-10T14:09:09.676+02:00</Created>
        <LastChange>2023-08-14T14:32:06.823+02:00</LastChange>
        <TranskribusMetadata docId="1428605" pageId="55416666" pageNr="13" tsid="132808556" status="IN_PROGRESS" userId="64420" imgUrl="https://files.transkribus.eu/Get?id=HTHIJNELGMRJTDWRRWOOHDPJ&amp;fileType=view" xmlUrl="https://files.transkribus.eu/Get?id=KRXCDRDDMHZQKRBNISSMYOEI" imageId="44690770"/>
    </Metadata>
    <Page imageFilename="1428605_0013.jpg" imageWidth="4280" imageHeight="5272">
        <ReadingOrder>
            <OrderedGroup id="ro_1711788396165" caption="Regions reading order">
                <RegionRefIndexed index="0" regionRef="tr_1"/>
            </OrderedGroup>
        </ReadingOrder>
        <TextRegion id="tr_1" custom="readingOrder {index:0;}">
            <Coords points="871,403 4149,403 4149,4702 871,4702"/>
            <TextLine id="tr_1_tl_1" custom="readingOrder {index:0;}">
                <Coords points="3668,504 3693,500 3718,529 3759,516 3795,533 3812,525 3845,533 3853,271 3800,283 3771,307 3730,287 3672,279"/>
                <Baseline points="3689,459 3767,453 3856,453"/>
                <TextEquiv>
                    <Unicode>11</Unicode>
                </TextEquiv>
            </TextLine>
            <TextLine id="tr_1_tl_2" custom="readingOrder {index:1;}">
                <Coords points="2967,582 3037,611 3123,586 3140,603 3168,586 3222,607 3267,590 3295,607 3414,598 3414,422 3357,410 3222,447 3205,434 3131,480 3058,459 2967,492"/>
                <Baseline points="2991,579 3080,585 3170,579 3259,579 3349,579 3421,579"/>
                <TextEquiv>
                    <Unicode>a  M r</Unicode>
                </TextEquiv>
            </TextLine>
            <TextLine id="tr_1_tl_3" custom="readingOrder {index:2;}">
                <Coords points="1967,668 1992,672 2004,660 2053,684 2090,664 2135,676 2185,664 2217,697 2250,693 2263,529 2176,496 2156,512 2107,521 2086,496 2045,484 2025,496 1980,488"/>
                <Baseline points="1988,668 1994,668 2083,662 2173,656 2262,650"/>
                <TextEquiv>
                    <Unicode>weing</Unicode>
                </TextEquiv>
            </TextLine>
            <TextLine id="tr_1_tl_4" custom="readingOrder {index:3;}">
                <Coords points="3152,676 3213,676 3250,668 3267,680 3308,664 3332,668 3332,594 3299,598 3275,586 3246,603 3238,594 3230,603 3226,598 3205,607 3177,594 3152,594"/>
                <Baseline points="3176,650 3265,656 3343,650"/>
                <TextEquiv>
                    <Unicode>G.C.H.F.P</Unicode>
                </TextEquiv>
            </TextLine>
            <TextLine id="tr_1_tl_5" custom="readingOrder {index:4;}">
                <Coords points="898,824 3787,762 3754,533 3328,672 2447,594 2287,697 1795,598 1455,652 1197,516 906,562"/>
                <Baseline points="919,788 931,788 1020,782 1110,782 1200,776 1289,776 1379,776 1468,770 1558,770 1647,770 1737,770 1826,764 1916,764 2006,764 2095,758 2185,758 2274,752 2364,752 2453,746 2543,746 2633,746 2722,746 2812,740 2901,740 2991,740 3080,734 3170,728 3259,728 3349,728 3439,728 3528,722 3618,722 3707,716 3797,716"/>
                <TextEquiv>
                    <Unicode>Olivo weitschweifig und ungeordnet von seinen Lebensumständen:</Unicode>
                </TextEquiv>
            </TextLine>
            <TextLine id="tr_1_tl_6" custom="readingOrder {index:5;}">
                <Coords points="3082,853 3144,848 3177,861 3234,861 3259,857 3283,832 3332,848 3394,848 3394,742 3357,746 3312,771 3254,738 3205,766 3164,754 3131,779 3111,766 3082,771"/>
                <Baseline points="3104,829 3194,829 3283,829 3373,829 3403,829"/>
                <TextEquiv>
                    <Unicode>dans un ancien</Unicode>
                </TextEquiv>
            </TextLine>
            <TextLine id="tr_1_tl_7" custom="readingOrder {index:6;}">
                <Coords points="902,988 3746,943 3779,771 3181,861 2431,758 1926,857 906,828"/>
                <Baseline points="925,961 1009,961 1098,961 1188,955 1277,955 1367,955 1456,955 1546,949 1635,949 1725,943 1815,943 1904,937 1994,937 2083,931 2173,931 2262,931 2352,925 2441,925 2531,925 2621,919 2710,919 2800,913 2889,913 2979,913 3068,913 3158,913 3247,907 3337,901 3427,901 3516,901 3606,895 3695,889 3785,895"/>
                <TextEquiv>
                    <Unicode>wie er bald nach seiner Verheiratung ein winziges Grundstück</Unicode>
                </TextEquiv>
            </TextLine>
            <TextLine id="tr_1_tl_8" custom="readingOrder {index:7;}">
                <Coords points="889,1197 3865,1119 4037,1103 4041,910 894,992"/>
                <Baseline points="913,1134 1003,1134 1092,1134 1182,1128 1271,1128 1361,1128 1450,1128 1540,1122 1629,1122 1719,1116 1809,1116 1898,1116 1988,1110 2077,1110 2167,1110 2256,1104 2346,1104 2435,1098 2525,1098 2615,1092 2704,1092 2794,1092 2883,1086 2973,1086 3062,1086 3152,1086 3242,1086 3331,1080 3421,1080 3510,1074 3600,1074 3689,1068 3779,1062 3868,1056 3958,1056 4048,1056"/>
                <TextEquiv>
                    <Unicode>nahlder stadt gekauft, einen kleinen Gemüsehandel angefangen,</Unicode>
                </TextEquiv>
            </TextLine>
            <TextLine id="tr_1_tl_9" custom="readingOrder {index:8;}">
                <Coords points="902,1365 3783,1287 3869,1103 906,1201"/>
                <Baseline points="925,1319 1009,1313 1098,1319 1188,1313 1277,1307 1367,1307 1456,1307 1546,1307 1635,1301 1725,1301 1815,1295 1904,1295 1994,1295 2083,1295 2173,1289 2262,1283 2352,1283 2441,1283 2531,1283 2621,1277 2710,1277 2800,1271 2889,1271 2979,1271 3068,1265 3158,1265 3247,1265 3337,1259 3427,1259 3516,1253 3606,1253 3695,1247 3785,1247 3874,1247"/>
                <TextEquiv>
                    <Unicode>seinen Besitz allmälig erweitert und Landwirtschaft zu treiben</Unicode>
                </TextEquiv>
            </TextLine>
            <TextLine id="tr_1_tl_10" custom="readingOrder {index:9;}">
                <Coords points="914,1500 3902,1467 3910,1283 1156,1328 918,1410"/>
                <Baseline points="937,1492 961,1486 1050,1492 1140,1486 1229,1486 1319,1486 1409,1480 1498,1480 1588,1474 1677,1474 1767,1468 1856,1468 1946,1468 2035,1468 2125,1462 2215,1462 2304,1462 2394,1456 2483,1456 2573,1456 2662,1456 2752,1444 2841,1450 2931,1444 3021,1444 3110,1438 3200,1438 3289,1438 3379,1432 3468,1432 3558,1426 3648,1426 3737,1420 3827,1420 3916,1415"/>
                <TextEquiv>
                    <Unicode>begonnen; - wie er es endlich durch die eigene und seiner Gattin</Unicode>
                </TextEquiv>
            </TextLine>
            <TextLine id="tr_1_tl_11" custom="readingOrder {index:10;}">
                <Coords points="2754,1562 2816,1558 2828,1570 2836,1562 2845,1570 2861,1562 2877,1570 2914,1566 2914,1484 2890,1484 2861,1471 2832,1496 2808,1496 2795,1484 2754,1492"/>
                <Baseline points="2776,1546 2865,1546 2919,1546"/>
                <TextEquiv>
                    <Unicode>G.C.F.P.</Unicode>
                </TextEquiv>
            </TextLine>
            <TextLine id="tr_1_tl_12" custom="readingOrder {index:11;}">
                <Coords points="906,1721 3877,1640 3882,1451 3037,1463 2644,1590 2193,1476 914,1500"/>
                <Baseline points="931,1665 1020,1665 1110,1665 1200,1665 1289,1665 1379,1659 1468,1659 1558,1659 1647,1653 1737,1647 1826,1647 1916,1647 2006,1647 2095,1641 2185,1641 2274,1641 2364,1635 2453,1635 2543,1629 2633,1629 2722,1629 2812,1629 2901,1623 2991,1623 3080,1623 3170,1618 3259,1618 3349,1612 3439,1612 3528,1612 3618,1606 3707,1606 3797,1600 3886,1600"/>
                <TextEquiv>
                    <Unicode>Tüchtigkeit mit Gottes Segen so weit gebracht, dass er vor drei</Unicode>
                </TextEquiv>
            </TextLine>
            <TextLine id="tr_1_tl_13" custom="readingOrder {index:12;}">
                <Coords points="3152,1734 3193,1726 3209,1734 3234,1721 3250,1734 3263,1730 3287,1750 3316,1746 3316,1656 3267,1652 3254,1640 3238,1652 3218,1635 3201,1640 3185,1627 3172,1635 3152,1635"/>
                <Baseline points="3176,1713 3265,1707 3325,1713"/>
                <TextEquiv>
                    <Unicode>G.C.F.P.</Unicode>
                </TextEquiv>
            </TextLine>
            <TextLine id="tr_1_tl_14" custom="readingOrder {index:13;}">
                <Coords points="2037,1754 2267,1746 2303,1771 2361,1746 2730,1742 2730,1660 2635,1640 2447,1680 2308,1648 2222,1685 2037,1676"/>
                <Baseline points="2059,1737 2107,1737 2197,1737 2286,1731 2376,1731 2465,1731 2555,1725 2644,1725 2734,1725"/>
                <TextEquiv>
                    <Unicode>Mutter zu einer</Unicode>
                </TextEquiv>
            </TextLine>
            <TextLine id="tr_1_tl_15" custom="readingOrder {index:14;}">
                <Coords points="902,1857 3599,1840 3955,1816 3959,1713 902,1787"/>
                <Baseline points="925,1844 1009,1844 1098,1844 1188,1844 1277,1838 1367,1838 1456,1832 1546,1832 1635,1832 1725,1826 1815,1826 1904,1826 1994,1821 2083,1821 2173,1821 2262,1821 2352,1821 2441,1815 2531,1809 2621,1809 2710,1803 2800,1803 2889,1803 2979,1797 3068,1797 3158,1797 3247,1797 3337,1797 3427,1797 3516,1797 3606,1791 3695,1791 3785,1791 3874,1785 3964,1785"/>
                <TextEquiv>
                    <Unicode>Jahren von dem verschuldeten Grafen Marazzani dessen altes, etwas</Unicode>
                </TextEquiv>
            </TextLine>
            <TextLine id="tr_1_tl_16" custom="readingOrder {index:15;}">
                <Coords points="3615,1906 3812,1890 3853,1906 3882,1885 3939,1914 4107,1926 4095,1787 4004,1808 3963,1787 3914,1820 3804,1795 3767,1820 3726,1803 3677,1828 3611,1824"/>
                <Baseline points="3636,1874 3725,1874 3815,1880 3904,1886 3994,1892 4083,1910 4113,1916"/>
                <TextEquiv>
                    <Unicode>un Stande nach</Unicode>
                </TextEquiv>
            </TextLine>
            <TextLine id="tr_1_tl_17" custom="readingOrder {index:16;}">
                <Coords points="1840,1947 2951,1910 3177,1951 3336,1906 3336,1816 3090,1791 2582,1865 2308,1828 1844,1861"/>
                <Baseline points="1862,1922 1910,1922 2000,1922 2089,1916 2179,1916 2268,1910 2358,1910 2447,1904 2537,1898 2627,1892 2716,1886 2806,1892 2895,1886 2985,1892 3074,1886 3164,1880 3253,1886 3343,1880"/>
                <TextEquiv>
                    <Unicode>Kauflek zu</Unicode>
                </TextEquiv>
            </TextLine>
            <TextLine id="tr_1_tl_18" custom="readingOrder {index:17;}">
                <Coords points="1398,1963 1422,1967 1439,1951 1471,1939 1504,1955 1512,1947 1537,1951 1549,1943 1566,1955 1599,1951 1603,1861 1582,1861 1574,1853 1525,1877 1496,1865 1480,1877 1430,1869 1422,1877 1402,1873"/>
                <Baseline points="1426,1934 1432,1934 1522,1934 1612,1928"/>
                <TextEquiv>
                    <Unicode>G.F.P.P</Unicode>
                </TextEquiv>
            </TextLine>
            <TextLine id="tr_1_tl_19" custom="readingOrder {index:18;}">
                <Coords points="922,2053 2595,2000 2910,2099 3927,2107 3931,1898 922,1902"/>
                <Baseline points="943,2024 985,2024 1074,2024 1164,2024 1253,2024 1343,2024 1432,2018 1522,2024 1612,2018 1701,2018 1791,2012 1880,2012 1970,2006 2059,2012 2149,2006 2238,2006 2328,2000 2418,2000 2507,2000 2597,1994 2686,1994 2776,1994 2865,1994 2955,1988 3044,1988 3134,1982 3224,1982 3313,1976 3403,1976 3492,1976 3582,1970 3671,1970 3761,1970 3851,1970 3940,1982"/>
                <TextEquiv>
                    <Unicode>verfallenes Schloss sammt dazugehörigen. Weingut erwerben konnte,</Unicode>
                </TextEquiv>
            </TextLine>
            <TextLine id="tr_1_tl_20" custom="readingOrder {index:19;}">
                <Coords points="1709,2123 1754,2111 1996,2119 1996,2029 1935,2017 1898,2049 1861,2037 1849,2045 1808,2037 1787,2053 1738,2033 1709,2041"/>
                <Baseline points="1731,2101 1821,2101 1910,2101 2000,2101 2006,2101"/>
                <TextEquiv>
                    <Unicode>G.C.H.F.P.F:D:</Unicode>
                </TextEquiv>
            </TextLine>
            <TextLine id="tr_1_tl_21" custom="readingOrder {index:20;}">
                <Coords points="910,2246 3857,2172 3775,2070 1287,2152 914,2049"/>
                <Baseline points="931,2203 1003,2203 1092,2203 1182,2203 1271,2197 1361,2197 1450,2191 1540,2191 1629,2191 1719,2191 1809,2185 1898,2185 1988,2179 2077,2179 2167,2179 2256,2179 2346,2179 2435,2173 2525,2173 2615,2167 2704,2167 2794,2167 2883,2167 2973,2161 3062,2161 3152,2155 3242,2161 3331,2155 3421,2155 3510,2155 3600,2149 3689,2149 3779,2143 3868,2131"/>
                <TextEquiv>
                    <Unicode>und wie er sich nun auf adligem Grund mit Frau und Kindern be-</Unicode>
                </TextEquiv>
            </TextLine>
            <TextLine id="tr_1_tl_22" custom="readingOrder {index:21;}">
                <Coords points="2353,2283 2927,2279 2963,2271 2967,2197 2730,2176 2685,2209 2623,2185 2570,2205 2549,2189 2353,2201"/>
                <Baseline points="2376,2262 2435,2262 2525,2256 2615,2256 2704,2250 2794,2244 2883,2244 2973,2244"/>
                <TextEquiv>
                    <Unicode>G.C.H.F.P.K.</Unicode>
                </TextEquiv>
            </TextLine>
            <TextLine id="tr_1_tl_23" custom="readingOrder {index:22;}">
                <Coords points="910,2414 1713,2381 2000,2480 2562,2361 3742,2353 3783,2160 2730,2303 1537,2332 1361,2226 914,2242"/>
                <Baseline points="937,2376 1009,2382 1098,2382 1188,2382 1277,2376 1367,2376 1456,2370 1546,2370 1635,2370 1725,2364 1815,2364 1904,2358 1994,2358 2083,2358 2173,2364 2262,2364 2352,2358 2441,2352 2531,2346 2621,2352 2710,2346 2800,2346 2889,2346 2979,2340 3068,2334 3158,2334 3247,2334 3337,2334 3427,2328 3516,2328 3606,2328 3695,2322 3785,2328"/>
                <TextEquiv>
                    <Unicode>haglich, wenn auch keineswegs gräflich eingerichtet hätte. All</Unicode>
                </TextEquiv>
            </TextLine>
            <TextLine id="tr_1_tl_24" custom="readingOrder {index:23;}">
                <Coords points="914,2566 3824,2537 3857,2406 918,2467"/>
                <Baseline points="937,2555 1003,2555 1092,2555 1182,2555 1271,2549 1361,2549 1450,2549 1540,2543 1629,2543 1719,2543 1809,2537 1898,2537 1988,2537 2077,2537 2167,2531 2256,2531 2346,2531 2435,2531 2525,2525 2615,2525 2704,2525 2794,2519 2883,2519 2973,2519 3062,2513 3152,2513 3242,2507 3331,2507 3421,2507 3510,2507 3600,2507 3689,2501 3779,2501 3868,2495"/>
                <TextEquiv>
                    <Unicode>dies aber verdanke er zuletzt doch nur den hundertfünzig Gold-</Unicode>
                </TextEquiv>
            </TextLine>
            <TextLine id="tr_1_tl_25" custom="readingOrder {index:24;}">
                <Coords points="1828,2644 1951,2660 1984,2640 2074,2668 2160,2644 2197,2660 2242,2635 2295,2660 2336,2656 2336,2549 2254,2545 2127,2574 2037,2554 1955,2578 1914,2558 1890,2578 1828,2582"/>
                <Baseline points="1850,2627 1898,2627 1988,2627 2077,2627 2167,2621 2256,2621 2346,2621"/>
                <TextEquiv>
                    <Unicode>och Anspruc</Unicode>
                </TextEquiv>
            </TextLine>
            <TextLine id="tr_1_tl_26" custom="readingOrder {index:25;}">
                <Coords points="1193,2660 1344,2668 1369,2656 1430,2656 1467,2672 1537,2648 1537,2590 1504,2582 1353,2574 1328,2595 1299,2574 1271,2590 1230,2574 1193,2586"/>
                <Baseline points="1217,2650 1277,2644 1367,2638 1456,2638 1546,2638"/>
                <TextEquiv>
                    <Unicode>G.C.H.F.P.</Unicode>
                </TextEquiv>
            </TextLine>
            <TextLine id="tr_1_tl_27" custom="readingOrder {index:26;}">
                <Coords points="926,2763 3713,2693 3877,2812 3906,2607 930,2676"/>
                <Baseline points="949,2734 961,2734 1050,2734 1140,2734 1229,2728 1319,2734 1409,2734 1498,2728 1588,2728 1677,2722 1767,2722 1856,2716 1946,2716 2035,2716 2125,2710 2215,2710 2304,2710 2394,2710 2483,2710 2573,2704 2662,2704 2752,2704 2841,2698 2931,2692 3021,2692 3110,2692 3200,2686 3289,2686 3379,2680 3468,2680 3558,2680 3648,2680 3737,2680 3827,2674 3916,2674"/>
                <TextEquiv>
                    <Unicode>stücken, die seine Braut oder viel mehr deren Mutter von Casanova</Unicode>
                </TextEquiv>
            </TextLine>
            <TextLine id="tr_1_tl_28" custom="readingOrder {index:27;}">
                <Coords points="922,2976 3562,2906 3787,2873 3791,2742 926,2763"/>
                <Baseline points="943,2907 1020,2907 1110,2907 1200,2907 1289,2901 1379,2901 1468,2901 1558,2895 1647,2895 1737,2895 1826,2895 1916,2889 2006,2889 2095,2889 2185,2883 2274,2883 2364,2883 2453,2877 2543,2877 2633,2877 2722,2877 2812,2871 2901,2871 2991,2871 3080,2865 3170,2859 3259,2859 3349,2859 3439,2853 3528,2853 3618,2847 3707,2847 3797,2841"/>
                <TextEquiv>
                    <Unicode>zum Geschenk erhalten habe;- ohne diese zauberkräftige Hilfe</Unicode>
                </TextEquiv>
            </TextLine>
            <TextLine id="tr_1_tl_29" custom="readingOrder {index:28;}">
                <Coords points="3582,2951 3631,2951 3640,2963 3656,2963 3664,2972 3713,2963 3759,2972 3763,2873 3718,2865 3709,2873 3697,2869 3672,2890 3660,2881 3636,2886 3627,2877 3582,2881"/>
                <Baseline points="3606,2949 3677,2955 3767,2943"/>
                <TextEquiv>
                    <Unicode>G.H.F.P</Unicode>
                </TextEquiv>
            </TextLine>
            <TextLine id="tr_1_tl_30" custom="readingOrder {index:29;}">
                <Coords points="922,3111 3857,3033 2959,2890 926,2959"/>
                <Baseline points="943,3086 1003,3086 1092,3086 1182,3086 1271,3086 1361,3080 1450,3080 1540,3074 1629,3074 1719,3068 1809,3068 1898,3068 1988,3062 2077,3062 2167,3062 2256,3056 2346,3056 2435,3056 2525,3056 2615,3050 2704,3050 2794,3050 2883,3050 2973,3044 3062,3039 3152,3039 3242,3039 3331,3033 3421,3033 3510,3033 3600,3027 3689,3021 3779,3021 3868,3015"/>
                <TextEquiv>
                    <Unicode>wäre sein Los wohl heute noch kein anderes, als es damals gewe-</Unicode>
                </TextEquiv>
            </TextLine>
            <TextLine id="tr_1_tl_31" custom="readingOrder {index:30;}">
                <Coords points="939,3299 3800,3254 3832,3054 943,3123"/>
                <Baseline points="961,3259 967,3259 1056,3259 1146,3265 1235,3265 1325,3259 1415,3259 1504,3253 1594,3253 1683,3253 1773,3247 1862,3247 1952,3247 2041,3242 2131,3242 2221,3242 2310,3236 2400,3230 2489,3230 2579,3230 2668,3230 2758,3224 2847,3224 2937,3224 3027,3218 3116,3218 3206,3212 3295,3206 3385,3206 3474,3206 3564,3206 3653,3200 3743,3206 3833,3212"/>
                <TextEquiv>
                    <Unicode>sen; ungezogene Rangen in Lesen und Schreiben zu unterweisen.</Unicode>
                </TextEquiv>
            </TextLine>
            <TextLine id="tr_1_tl_32" custom="readingOrder {index:31;}">
                <Coords points="2287,3345 2467,3349 2504,3332 2537,3349 2672,3349 2676,3246 2623,3230 2595,3254 2574,3242 2549,3263 2521,3246 2500,3263 2484,3250 2431,3279 2394,3254 2357,3279 2316,3254 2291,3259"/>
                <Baseline points="2310,3331 2322,3331 2412,3331 2501,3325 2591,3319 2680,3319"/>
                <TextEquiv>
                    <Unicode>in alter</Unicode>
                </TextEquiv>
            </TextLine>
            <TextLine id="tr_1_tl_33" custom="readingOrder {index:32;}">
                <Coords points="939,3468 3750,3427 3804,3242 2877,3250 2615,3349 1668,3254 943,3312"/>
                <Baseline points="967,3445 1032,3439 1122,3439 1212,3433 1301,3433 1391,3433 1480,3427 1570,3427 1659,3427 1749,3421 1838,3421 1928,3421 2018,3415 2107,3415 2197,3415 2286,3415 2376,3409 2465,3409 2555,3409 2644,3403 2734,3403 2824,3403 2913,3397 3003,3397 3092,3397 3182,3391 3271,3391 3361,3385 3450,3385 3540,3385 3630,3379 3719,3379 3809,3385"/>
                <TextEquiv>
                    <Unicode>wahrscheinlich wäre er auch/Jungeselle geblieben, und Amalia</Unicode>
                </TextEquiv>
            </TextLine>
            <TextLine id="tr_1_tl_34" custom="readingOrder {index:33;}">
                <Coords points="943,3648 3685,3611 3800,3595 3808,3410 947,3492"/>
                <Baseline points="967,3624 1038,3618 1128,3618 1217,3612 1307,3612 1397,3612 1486,3606 1576,3600 1665,3600 1755,3600 1844,3594 1934,3594 2024,3594 2113,3594 2203,3588 2292,3588 2382,3588 2471,3582 2561,3582 2650,3576 2740,3576 2830,3576 2919,3576 3009,3570 3098,3570 3188,3564 3277,3558 3367,3558 3456,3558 3546,3552 3636,3552 3725,3552 3815,3552"/>
                <TextEquiv>
                    <Unicode>wäre am Ende eine alte Jungfer geworden... Casanova lies ihn</Unicode>
                </TextEquiv>
            </TextLine>
            <TextLine id="tr_1_tl_35" custom="readingOrder {index:34;}">
                <Coords points="947,3853 3664,3783 3795,3754 3800,3586 951,3648"/>
                <Baseline points="973,3797 1026,3797 1116,3791 1206,3791 1295,3791 1385,3791 1474,3785 1564,3785 1653,3779 1743,3779 1832,3779 1922,3773 2012,3773 2101,3773 2191,3767 2280,3767 2370,3767 2459,3767 2549,3761 2638,3761 2728,3761 2818,3755 2907,3755 2997,3749 3086,3743 3176,3743 3265,3743 3355,3737 3445,3737 3534,3731 3624,3737 3713,3731 3803,3731"/>
                <TextEquiv>
                    <Unicode>reden und hörte ihm kaum zu. Ihm zog das Abenteuer durch den</Unicode>
                </TextEquiv>
            </TextLine>
            <TextLine id="tr_1_tl_36" custom="readingOrder {index:35;}">
                <Coords points="951,4017 3709,3968 3816,3939 3820,3771 955,3853"/>
                <Baseline points="973,3976 1050,3970 1140,3970 1229,3970 1319,3970 1409,3964 1498,3964 1588,3958 1677,3958 1767,3958 1856,3958 1946,3952 2035,3952 2125,3952 2215,3946 2304,3946 2394,3940 2483,3940 2573,3934 2662,3934 2752,3934 2841,3928 2931,3928 3021,3922 3110,3922 3200,3922 3289,3922 3379,3916 3468,3910 3558,3910 3648,3910 3737,3910 3827,3904"/>
                <TextEquiv>
                    <Unicode>Sinn, in das er damals zugleich mit manchen andern bedeutungs-</Unicode>
                </TextEquiv>
            </TextLine>
            <TextLine id="tr_1_tl_37" custom="readingOrder {index:36;}">
                <Coords points="3345,4033 3431,4045 3541,4025 3562,4045 3578,4033 3640,4045 3656,4029 3738,4021 3738,3963 3709,3963 3660,3931 3627,3959 3582,3959 3554,3931 3521,3923 3427,3955 3349,3959"/>
                <Baseline points="3373,4012 3391,4018 3480,4012 3570,4012 3659,4012 3749,4006"/>
                <TextEquiv>
                    <Unicode>rechtenen</Unicode>
                </TextEquiv>
            </TextLine>
            <TextLine id="tr_1_tl_38" custom="readingOrder {index:37;}">
                <Coords points="2238,4066 2865,4037 2972,4066 3103,4021 3181,4058 3263,4037 3267,3951 3115,3992 2980,3927 2914,3988 2726,3951 2586,3988 2422,3968 2324,4013 2242,3968"/>
                <Baseline points="2262,4042 2286,4048 2376,4042 2465,4042 2555,4042 2644,4036 2734,4036 2824,4036 2913,4030 3003,4030 3092,4024 3182,4018 3271,4018"/>
                <TextEquiv>
                    <Unicode>an edeln Gönner, der ihr</Unicode>
                </TextEquiv>
            </TextLine>
            <TextLine id="tr_1_tl_39" custom="readingOrder {index:38;}">
                <Coords points="951,4197 3550,4152 3816,4123 3820,4033 955,4021"/>
                <Baseline points="973,4137 1044,4149 1134,4149 1223,4149 1313,4143 1403,4143 1492,4143 1582,4143 1671,4137 1761,4137 1850,4137 1940,4137 2029,4131 2119,4125 2209,4125 2298,4125 2388,4119 2477,4119 2567,4119 2656,4119 2746,4119 2836,4113 2925,4113 3015,4107 3104,4107 3194,4107 3283,4101 3373,4101 3462,4095 3552,4095 3642,4095 3731,4089 3821,4089"/>
                <TextEquiv>
                    <Unicode>vollern verstrickt gewesen war und das, als das geringste von</Unicode>
                </TextEquiv>
            </TextLine>
            <TextLine id="tr_1_tl_40" custom="readingOrder {index:39;}">
                <Coords points="1738,4250 3537,4222 3648,4209 3648,4132 1742,4177"/>
                <Baseline points="1761,4239 1809,4239 1898,4233 1988,4233 2077,4227 2167,4227 2256,4221 2346,4221 2435,4221 2525,4215 2615,4215 2627,4215 2674,4215 2764,4209 2853,4209 2943,4203 3033,4203 3122,4203 3212,4197 3301,4197 3391,4191 3480,4191 3570,4191 3659,4185"/>
                <TextEquiv>
                    <Unicode>e aus einer andern höhern Welt, sich in ei-</Unicode>
                </TextEquiv>
            </TextLine>
            <TextLine id="tr_1_tl_41" custom="readingOrder {index:40;}">
                <Coords points="951,4365 3955,4324 3902,4173 1521,4279 1320,4173 955,4201"/>
                <Baseline points="973,4322 1009,4328 1098,4328 1188,4328 1277,4328 1367,4322 1456,4322 1546,4316 1635,4316 1725,4316 1815,4310 1904,4310 1994,4310 2083,4304 2173,4304 2262,4304 2352,4304 2441,4298 2531,4292 2621,4292 2710,4292 2800,4292 2889,4286 2979,4280 3068,4280 3158,4280 3247,4280 3337,4280 3427,4274 3516,4274 3606,4274 3695,4274 3785,4268 3874,4268 3964,4262"/>
                <TextEquiv>
                    <Unicode>allen, seine Seele so wenig als seither seine Erinnerung beschär-</Unicode>
                </TextEquiv>
            </TextLine>
            <TextLine id="tr_1_tl_42" custom="readingOrder {index:41;}">
                <Coords points="1320,4439 3099,4402 3230,4324 1324,4345"/>
                <Baseline points="1343,4412 1355,4418 1444,4412 1534,4412 1623,4412 1713,4412 1803,4406 1892,4406 1982,4406 2071,4400 2161,4394 2250,4394 2340,4394 2430,4388 2519,4388 2609,4388 2698,4388 2788,4382 2877,4382 2967,4376 3056,4376 3146,4376 3236,4370"/>
                <TextEquiv>
                    <Unicode>dankbar zu erzeigen, die ihr eigenen Herz</Unicode>
                </TextEquiv>
            </TextLine>
            <TextLine id="tr_1_tl_43" custom="readingOrder {index:42;}">
                <Coords points="922,4533 3513,4500 3750,4398 926,4443"/>
                <Baseline points="943,4513 979,4513 1068,4519 1158,4519 1247,4513 1337,4507 1426,4507 1516,4501 1606,4495 1695,4495 1785,4495 1874,4489 1964,4489 2053,4489 2143,4483 2232,4483 2322,4483 2412,4477 2501,4477 2591,4471 2680,4477 2770,4471 2859,4471 2949,4471 3039,4465 3128,4465 3218,4465 3307,4460 3397,4460 3486,4460 3576,4454 3665,4454 3755,4454"/>
                <TextEquiv>
                    <Unicode>tigt hatte. Auf einer Reise von Rom nach Turin oder Paris.</Unicode>
                </TextEquiv>
            </TextLine>
            <TextLine id="tr_1_tl_44" custom="readingOrder {index:43;}">
                <Coords points="1447,4599 2984,4587 2984,4517 2857,4496 1451,4529"/>
                <Baseline points="1474,4591 1558,4591 1647,4579 1737,4573 1826,4585 1916,4579 2006,4579 2095,4573 2185,4573 2274,4567 2364,4567 2453,4567 2543,4561 2633,4561 2722,4561 2812,4561 2901,4555 2991,4555"/>
                <TextEquiv>
                    <Unicode>doch xxx Abend vor ihrer Hochzeit xxx</Unicode>
                </TextEquiv>
            </TextLine>
            <TextLine id="tr_1_tl_45" custom="readingOrder {index:44;}">
                <Coords points="848,4709 4045,4742 4148,4533 848,4566"/>
                <Baseline points="871,4680 925,4686 1014,4686 1104,4692 1194,4692 1283,4686 1373,4692 1462,4686 1552,4686 1641,4680 1731,4674 1821,4668 1910,4674 2000,4668 2089,4663 2179,4657 2268,4657 2358,4663 2447,4663 2537,4663 2627,4657 2716,4657 2806,4657 2895,4657 2985,4651 3074,4651 3164,4651 3253,4645 3343,4639 3433,4639 3522,4639 3612,4639 3701,4633 3791,4633 3880,4627 3970,4627 4059,4633 4149,4639"/>
                <TextEquiv>
                    <Unicode>er wusste es nicht mehr - während eines kurzen Aufenthalte in Meulich</Unicode>
                </TextEquiv>
            </TextLine>
        </TextRegion>
    </Page>
</PcGts>
