4104 5192
3400 320 3601 461 lei
795 572 3612 821 Abenteuer mit Marcolina suchen, wie sich auch sonst keinerlei
821 751 3694 996 Nachrichten über ihre Person und Ihre ferneren Schicksale er-
803 922 3701 1145 halten haben. Irgend ein Landstreicher gestand auf der Folter
806 1126 3794 1420 neben andern ihm zur Last gelegten Verbrechen auch den angeblich
832 1249 3765 1494 an jenem Offizier verübten Mord ein, und wurde gehenkt, womit die
840 1431 3735 1683 Angelegenheit für die Oeffentldohkeit ein für allemal erledigt
840 1646 3772 1858 war. Bies war und blieb sie auch für Casanova, an den aus Olivo a
847 1836 3835 2044 Hause nie wieder eine Nachricht gelangen sollte, und der aus einer
3560 1906 3820 2040 dem
851 2014 3746 2196 sehr begreiflichen Scheu es unterliess Erkundigungen nach ihm
870 2167 1397 2278 alter frinde
858 2178 2579 2453 und seinen Anverwandten einzuziehen.
1037 2360 1353 2553 dessen
1327 2326 3694 2553 Auch von den trübselig-kläglichen Jahren, die er in
870 2516 3750 2754 seiner Vaterstadt als Polizeispion der Regierung verlebte, wäre
881 2676 3824 2925 kaum eine Kunde auf die Nachwelt gelangt, wenn sich nicht in den
881 2876 3664 3062 Archiven einzelne seiner geheimen Berichte erhalten hätten.
888 3014 3776 3319 Im Allgemeinen scheint er es so sehr als möglich vermieden zu
888 3185 3854 3478 haben, Privatpersonen der Gerechtigkeit oder vielleicht der Rache
899 3356 3772 3623 der Staatsgewalt zu überliefern; öfters aber liebte er an den
903 3538 3802 3779 Aufmerksamkeit der Inquisitoren auf gewisse gottlose Schriften
910 3746 3798 3947 zu lenken, die bei den Buchhändlern für jedermann zu haben sei-
929 3898 3753 4125 en, wie Voltaires „Pucelle", die „Ode an Priap“ von Piron und
929 4080 3746 4355 andere; und gelegentlich fügte er auch die Titel von Büchern
929 4222 3713 4523 hinzu, die sich zwar von einer Verspottung des Glaubens fern
940 4497 1713 4701 halten, die aber
