4232 5336
3438 220 3647 551 62
783 479 3700 790 aus, mit unbeweglicher Miene, nicht nur an den Marchese, auch an
3556 676 3784 855 tirde.
783 680 3628 969 Olivo und die Brüder Ricardi, denen er zuweilen ein Goldstück
794 878 3753 1140 hinschob, auf das sie keinen Anspruch hatten. Sie liessen sich'
790 1014 3700 1307 gefallen. Aus der Nacht drang ein Geräusch, wie die Hufschläge
805 1227 3765 1497 eines über die Strasse trabenden Rosses. Lorenzi, dachte Casano-
798 1394 3696 1652 va... Von der Gartenmauer schallte es wie im Scho wieder, dann
813 1618 3651 1820 Verklang altmälig Hall und Wiederhall. Nun aber wann es sich
821 1740 3780 2013 das Glück gegen Casanova. Der Marchese setzte hoch, immer höher;
832 1979 3784 2173 und um Mitternacht fand sich Casanova so arm wie er gewesen, är-
817 2120 3791 2359 mer noch; er hatte auch seine eigenen paar Goldstücke verloren.
821 2272 3787 2541 Er schob die Karten von sich weg, erhob sich lächelnd. „Ich dan-
551 2355 714 2564 le
832 2519 1652 2743 ke, meine Herren“.
1314 2568 3723 2872 Olivo breitete die Arme nach ihm aus. „Mein Freund,
851 2822 3772 3069 wir wollen weiter spielen... Hundertfünfzig Dukaten,-haben sie
851 2982 3806 3233 donn vergessen,- nein, nicht hundertfünfzig! Alles, was ich habe,
855 3157 3795 3404 was ich bin — alles - alles!“ Er lallte; denn er hatte während
855 3388 3753 3609 des ganzen Abends nicht aufgehört zu trinken. Casanova wehrte
847 3480 3909 3822 mit einer Übertrieben vornehmen Handbewegung ab. „Die Frauen und
866 3727 3856 3985 das glück zwingt man nicht", sagte er mit einer Verneigung gegen
859 3886 3772 4122 den Abbate hin. Dieser nickte befriedigt und klatschte in die
881 4046 3692 4334 Hände. „Auf morgen also, mein verehrter Chevalier“, sagte der
881 4220 3795 4475 Marchese, wir werden gemeinsam den Leutenant Lorenzi das Geld
870 4456 1728 4688 wieder abnehmen.
