4168 5240
1208 174 1718 381 Monsieur M. G. A.C.
1812 147 2091 385 17 /
536 189 747 404 V. M.
691 536 3616 770 mehr, dass er sie liebte. Wie trunken von ihrem Anblick zog er
713 747 3662 917 sich wieder ins Zimmer zurück, wo Olivo noch immer auf dem Fuss-
713 902 3620 1106 boden knieend die verstreuten Blätter unter Tisch und Kommodo
725 1095 3696 1291 hervorsuchte, verbat sich dessen weitere Bemühungen und wünschte
713 1295 3752 1446 allein gelassen zu werden, um sich für die Spazierfahrt fertig zu
713 1457 3669 1661 machen. „Es eilt nicht“, sagte Olivo und streifte den Staub von
717 1642 3560 1823 seinen Beinkleidern, wir sind zum Mittagessen bequem zurück.
736 1827 3707 2001 Uebürgens hat der Marquese bitten lassen, dass wir mit dem Spiel
725 2005 3745 2156 heute schon in früher Nachmittagsstunde beginnen; offenbar liegt
725 2193 2990 2333 ihm daran, vor Sonnenuntergang zu Hause zu sein."
1216 2359 3605 2499 „Mir ist es ziemlich gleichgiltig, wanndas Spiel be-
729 2544 3545 2707 ginnt“, sagte Casanova, während er seine Blätter in die Mappe
729 2710 3296 2880 ordnate; „ich werde mich keineswege daran beteiligen."
1200 2843 3613 3058 „Sie werden“, sagte Ilivo mit einer Entschiedenheit,
744 3001 3560 3224 die sonst nicht seine Art war, und legte eine Rolle von Gold-
744 3205 3582 3382 stücken auf den Tisch. „Meine Schuld,Chevalier, spät, doch aus
744 3364 3635 3582 dankerfülltem Herzen.“ Casanova wehrte ab..Sie müssen“,
736 3537 3609 3726 beteuerts Olivo, wenn sie mich nicht aufs Tiefste beleidigen
747 3692 3647 3922 wollen; überdieshat Amel ia heute Nacht einen Traum gehabt, der
732 3918 3752 4107 Sie veranlassen wird - Doch den soll sie Ihnen selbst erzählen".
747 4100 3639 4296 Und er verschwand eiligst. Casanova zählte immerhin die Gold-
755 4300 3756 4439 stücke; es waren hundertfünfzig, genau die Summe, die er vor fünfe-
736 4473 3567 4613 sehn Jahren dem Bräutigam oder der Braut oder ihrer Mutter
