4136 5208
3393 191 3584 375 :t:s 3:4
3558 352 3749 589 136
798 547 1106 697 weille.
851 641 3741 881 weis; warum aber war auch er praskiert? Das war früher nicht üb-
2774 753 3471 877 his Rede vellen
828 843 3603 1016 lich gewesen in Venedig. Casanova wollte ihn fragen, aber er
828 993 3775 1196 wagte es nicht. Wird man so feig als alter Mann? Und immer wei-
2418 1113 3794 1233 in diesen für sich preuen deren¬
840 1177 3674 1357 ter - was für eine Riesenstadt war Venedig geworden! Nun end-
828 1353 3835 1548 lich wichen die Häuser zurück, breiter wurde der Kanal - zwischen
840 1529 3752 1649 Inseln glitten sie hin, dort regten die Mauern des Klosters von
828 1702 3603 1818 Murano, in das Marcolina sich geflüchtet hatte. Fort war die
832 1874 3644 2062 Gondel,-jetzt hiess es schwimmen - wie war das schön! Indess
840 2051 3767 2231 spielten freilich die Kinder in Venedig mit seinen Goldstücken;
832 2227 3752 2410 aber was lag ihm an Gold?... Das Wasser war bald warm, bald kühl
832 2380 3782 2534 es tropfte von seinen Kleidern, als er die Mauer hinankletterte.
821 2568 3760 2789 Wo ist Maroolina, fragte er im Sprechsaal laut, schä lend, wie nur
828 2722 3715 2939 ein Fürst fragen darf. Ich werde sie rufen, sagte die Herzogin-
817 2920 3794 3051 Aebtissin und versank. Casanova ging, flog, flatterte hin und her,
817 3074 3715 3288 immer länge der Gitterstäbe, wie eine Fledermaus. Hätte ich das
810 3291 3786 3479 nur früher gewusst, dass ich fliegen kann. Ich werde es auch Mar-
810 3460 3760 3625 colina lehren. Hinter den Stäben schwebten weibliche Gestalten.
806 3636 3618 3831 Nonnen - doch sie trugen alle weltliche Tracht. Er wusste es,
817 3812 3670 4000 obwohl er sie gar nicht sah, und er wußste auch, wer sie waren.
791 3977 3760 4101 Henriette war es, die unbekannte, und die Tänzerin Corticelli und
798 4139 3764 4289 Cristina und die schöne Dubois und die verfluchte Alte aus Solo-
802 4315 3640 4442 thurn und Manon Balletti... und hundert Andere, nur Marcolina
791 4502 3741 4693 war nicht unter ihnen zu hast mich belogen, rief er dem Ruderer
