4152 5288
666 397 3682 678 heit und Zärtlichkeit, erkannte sofort, dass es nur eines frechen
670 647 3609 874 Anrufs von seiner Seite bedurft hätte, um dem Wagen Halt zu ge-
678 793 3678 1048 bieten und dann mit dem jungen Veib anstellen zu können, was ihm
693 951 3586 1217 weiter beliebte; doch obzwar diese Erkenntnis seine Laune für
701 1148 3559 1386 den Augenblick besserte, schien es ihm nicht der Mühe wert, um
693 1302 3651 1583 eines so geringen Abenteuers willen auch nur wenige Minuten zu
697 1483 3616 1756 verziehen, und so liess er das Bauernwägelchen sammt seinen In-
701 1664 3678 1949 sassen im Staub und Dunst der Landstrasse unangefochten weiter-
693 1891 1128 2188 knarren.
1178 1991 3709 2268 Der Schatten der Bäume nahm der emporsteigenden Sonne
832 2203 1021 2361 G.C.F.P.
705 2191 3693 2496 nur wenig von ihrer sengenden Kraft, und Casanova sah sich genö-
724 2388 3682 2630 tigt seinen Schritt allmärlig zu mässigen. Der Staub der Stras-
3724 728 3936 1090 e
724 2576 3551 2842 so hatte sich so dicht auf sein Gewand und Schuhwerk gelegt,
720 2746 3705 2989 dass ihnen ihre Verbrauchtheit nicht mehr anzumerken war, und so
724 2954 3582 3150 konnte man Casanova, nach Tracht und Haltung, ohneweiteres für
732 3112 3689 3381 einen Herrn von Stande nehmen, dem es just gefallen hatte, seine
728 3293 3612 3570 Karrosse einmal daheim zu lassen. Schon spannte sich der Tor-
732 3466 3647 3670 bogen vor ihm aus, in dessen nächster Nähe der Gasthof gelegen
736 3605 3693 3867 war, in dem er wohnte, als ihm ein ländlich schwerfälliger Wagen
747 3782 3767 4094 entgegengeholpert kam, in dem ein behäbiger, gut gekleideter, noch
743 4001 3605 4240 ziemlich junger Mann sass. Er hatte die Hände über den Magen
747 4217 3601 4421 gekreuzt und schien eben mit blinzelnden Augen einnicken zu
755 4325 3859 4575 wollen, als sein Blick, zufällig Casanova streifend, in unerwarteter
