4264 5304
3667 237 3882 365 I-
1615 681 3400 764 Casanovas Heimfahrt
1615 787 3513 836 + * * * / * *  ==================
2214 1009 2952 1118 Novelle.
2225 1122 3001 1190 innunteriiinu
1370 1551 3889 1653 In seinem dreiundfünfzigsten Lebensjahre, als Casanova
911 1736 3855 1830 längst nicht mehr von der Abenteuerlust der Jugend, sondern von
911 1916 3837 2022 der Ruhelosigkeit nahenden Alters durch die Welt gejagt wurde,
900 2097 3795 2187 fühlte er in seiner Seele das Heimweh nach seiner Vaterstadt
911 2274 3825 2364 Venedig so heftig anwachsen, dass er sie,gleich einem Vogel, der
911 2455 3757 2553 aus luftigen Höhen zum Sterben allmählig nach abwärts steigt,
900 2628 3739 2718 in eng und immer enger werdenden Kreisen zu umziehen begann.
885 2782 3867 2892 Oefter schon in den letzten zehn Jahren seiner Verbannung hatte
900 2967 3870 3065 er an den hohen Rat Gesuche gerichtet, man möge ihm die Heimkehr
885 3170 3686 3309 gestatten; doch hatten ihm früher bei der Abfassung solcher
900 3328 3897 3415 Satzschriften, in denen er Meister war, Trotz und Eigensinn, manch-
873 3509 3867 3592 mal auch ein grimmiges Vergnügen an der Arbeit selbst die Feder
881 3693 3874 3788 geführt, so schien sich seit einiger Zeit in seinen fast demütig
892 3867 3818 3957 flehenden Worten ein schmerzliches Sehnen und echte Reue immer
885 4040 3705 4123 unverkennbarer auszusprechen. Er glaubte um so sicherer auf
881 4213 3908 4401 Erhörung rechnen zu dürfen, als die Sünden seiner früheren Jahre,
885 4398 3761 4480 unter denen übrigens nicht Zuchtlosigkeit, Händelsucht und Be-
892 4578 3837 4672 trügereien meist lustiger Natur, sondern Freigeisterei den Vene-
