4280 5288
3514 258 3855 536 20
880 558 3754 817 Arbeit und Bemühn eine heitere Unterhaltung oder ein kleines
873 716 3855 1019 spielchen nicht eher eine willkommene Zerstreuung bedeutete. Da-
880 940 3885 1191 sanova hatte kaum von einer jungen Nichte vernommen, als er auch
899 1169 3840 1386 schon entschlossen war, sich dieses Geschöpf in der Nähe zu be-
895 1292 3862 1528 sehen; anscheinend noch immer zögernd gab er dem Drängen Olivos
892 1547 3904 1749 endlich nach, erklärte aber gleich, dass er keineswegs länger als
895 1693 3746 1937 ein oder zwei Tage von Mantua fernbleiben könne, und beschwor
907 1877 3832 2060 seine liebenswürdige Wirtin Briefe, die für ihn indess hier an-
892 2057 3889 2240 langen mochten und viel leicht von höchter Wichtigkeit waren, ihm
1622 2207 2027 2319 durch einen
903 2248 3795 2428 unverzüglich mittel###en Boten nachausenden. Nachdem die
892 2409 3832 2611 Sache so, zu Olivos grosser Zufriedenheit geordnet war, begab er
910 2607 3896 2768 sich auf sein Zimmer, machte sich für die Reise fertig und schon
899 2750 3919 2956 nach einer Viertelstunde trat er in die Gaststube, so Olivo sich
895 2885 3784 3113 indess in ein eifriges Gespräch geschäftlicher Natur mit der
903 3109 3866 3368 Wirtin eingelassen hatte. Nun erhob er sich, trank stehend sein
910 3270 3795 3492 Glas Wein aus und verständnisvoll zwinkernd versprach er ihr,
914 3424 3892 3668 den Chevalier - wenn auch nicht bereits morgen oder übermorgen-
869 3664 3851 3877 doch in jedem Falle wohlbehalten und unversehrt an sie zurück-
899 3810 3900 4038 zustellen. Casanova aber, plötzlich zerstreut und hastig, empfahl
2439 3975 3053 4083 erlichen Wortin
2053 4008 2341 4117 seiner
922 4012 3870 4218 sich von 4 he so kühl, dass sie ihm, schon an Wagenschlag, ein Ab¬
922 4211 3791 4424 schiedssort ins Ohr flüsterte, das oben keine Liebkosung var.
1128 4372 3844 4619 Während die beiden Männer die staubige, in sergenden
914 4496 3896 4769 Mittagaglans dalliegende Strasse ins Land hinausfuhren, erzählte
