4216 5320
2386 243 2603 536 P.S.
3374 410 3568 619 119
714 684 3640 927 mit einem leichten Kopfneigen an sich nehmend, bemerkte er nur:
714 851 3697 1087 „Dies darf ich wohl als ein Ja gelten lassen. Von jetzt in einer
718 1030 3610 1281 Stunde - bis dahin werden Sie sich mit Maroolina wohl verstän-
714 1216 3621 1463 digt haben – erwarte ich Sie im Turmgemach, wo ich mir erlauben
726 1387 3542 1611 werde Ihnen, gegen Ueberlassung Ihres Mantels die zweitausend
726 1535 3637 1771 goldstücke sofort zu übergeben. Erstens zum Zeichen meines Ver-
726 1699 3595 1972 trauens und zweitens, weil ich ja wirklich nicht wüsste, wo ich
718 1889 3743 2113 das Gold im Laufe der Nacht verwahren sollte".- Sie trennten sich
726 2067 3572 2303 ohne weitere Förmlichkeit, Lorenzi nahm den Weg zurück, den sie
718 2295 3519 2493 beide gekommen, Casanova, auf einem andern, begab sich ins Dorf
730 2462 3500 2664 und sicherte sich im Wirtshaus durch ein reichliches Angeld
749 2645 3481 2854 ein Gefährt, das ihn um zehn Uhr Nachts vor Olivos Hause zur
730 2785 2329 3002 Fahrt nach Mantua erwarten sollte.
1205 2937 3633 3181 Bald darauf, nachdem er sein gold vorerst an sicherer
730 3135 3576 3333 Stelle im Turmgemach verwahrt hatte, trat er in Glivos Garten,
730 3298 3568 3538 wo sich ihm ein Anblick bot, der an sich keineswegsmerkwürdig,
749 3477 3481 3713 ihn in der Stimmung dieser Stunde sonderbar genug berührte.
730 3667 3690 3872 Auf einer Bank am Wiesenrand aas» Olivo neben Amalia, den Arm um
737 3846 3549 4055 ihre Schulter geschlungen; ihnen zu Füssen lagerten die drei
737 4039 3629 4222 Mädchen, wie ermüdet von den ### spielen des Nachmittags;
730 4210 3644 4393 das jüngste, Maria, hatte das Köpfchen auf dem Schoss der Mutter
718 4324 3777 4575 liegen, und schien zu schlummern, kanetta lag ihr zu Füssen auf dem
718 4503 3595 4773 Rasen hingestreckt, die Arme unter dem Nacken; Tereaina lehnte
