4216 5288
2815 205 3124 417 1
1072 201 1445 372 1:11:1 1:1
689 559 3497 868 suchend durch den Garten, dann nickte sie kurz, und im selben
708 763 3616 1017 Augenblick schwang sich Jemand über die Brüstung ins Freie, der
696 983 3612 1184 bis jetzt zu Marcolinens Füssen gekauert sein musste,-Lorenzi.
696 1143 3646 1393 Er flog mehr als er ging über den Kies zur Allee hin, durchquer-
726 1307 3638 1504 te sie kaum zehn Schritte weit voh Casanova, der den Atem anhal-
711 1501 3616 1717 tend Bäpohlinge unter der Bank lag, und eilte dann jenseits der
719 1653 3593 1944 Allee, wo ein schmaler Wiesenstreif die Mauer entlang lief, den
726 1843 3627 2093 Blicken Casanovas entschwindend, nach rückwärts. Casanova hörte
730 2011 3534 2279 eine Tür in den Angeln seufzen,-es konnte keine andere sein,
730 2182 3593 2413 als diejenige, durch die er selbst gestern Abend mit Olivo und
748 2361 3612 2599 dem Marchese in den Garten zurückgekehrt war - dann war alles
752 2547 3679 2756 still. Marcolina war die ganze Zeit völlig regungslos dagestan-
953 2692 1274 2819 sobald
760 2730 3634 2923 den: Wie sie Lorenzi in Sicherheit wusste, atmete sie tief auf,
425 2748 600 2934 Ils sont
763 2897 3716 3098 schloss Gitter und Fenster, der Vorhang fiel nieder wie durch ei¬
741 3098 3619 3318 gene Kraft, und alles war, wie es vorher gewesen;- nur dass in-
756 3255 3720 3526 dess, als hätte er nun keinen Anlass mehr zu zögern, der Tag über
752 3493 2257 3683 Haus und Garten aufgezogen war.
1236 3601 3772 3828 Auch Casanova lag noch da, wie zuvor, die Hände vor sich
760 3746 3687 4037 hingestreckt, unter der Bank. Nach einer Weile kroch er weiter,
782 3925 3772 4212 in die Mitte der Allee, und weiter auf allen Vieren, bis er an ei-
767 4078 3713 4379 ne Stelle kam, wo er weder von Marcolinena Fenster, noch von ei-
767 4316 3582 4543 nem andern aus gesehen werden konnte. Nun erhob er sich mit
778 4372 3727 4796 schmerzendem mücken, rockte sich in die Höhe, dehnte die Glieder
