4248 5336
2083 260 2243 462 re
3477 313 3680 566 109
715 692 3779 936 Nacht haben, sagte Lorenzi. „In einer Stunde bin ich in Mantua“-
2006 799 2866 929 eniderte des Musées
753 822 3535 1101 Ihr Pferd kann den Hals brechen Sie auch... am Ende gar mit
738 1009 3688 1215 Absicht".-.Immerhin", sagte der Abbate unwillig,. kann Ihnen der
722 1154 3749 1414 Leutenant das Geld nicht herzaubern“. Die beiden Ricardi lachten,
2747 1284 3970 1437 wandte uit    an den Bauchert
730 1395 3642 1632 brachen aber gleich wieder ab. „Es ist klar“, sagte Olivo, dass
741 1536 3550 1762 Sie dem Leutenant Lorenzi vor allem einmal gestatten müssen,
749 1723 3749 1914 sich zu entfernen".- „Gegen ein Pfand“, rief der Marchese mit fun-
741 1941 3726 2167 kelnden Augen, als machte ihm sein Einfall ein besonderes Vergnü-
741 2109 3768 2289 gen. „Das scheint mir nicht übel“, sagte Casanova etwas zerstreut,
738 2239 3737 2488 denn sein plan reifte heran. Lorenzi zog einen Ring von seinem
745 2396 3546 2629 Finger, und liessihn auf den Tisch gleiten. Der Marchese nahm
768 2598 3546 2797 ihn. „Der mag für tausend gelten".- „Und der hier?“ Lorenzi
753 2763 3764 3019 schleuderte einen zweiten Ring vor den Marchese hin. Dieser nick-
772 2984 3626 3137 te und meinte: „Für obensoviel“. - „gind sie nun zufrieden,Herr
760 3110 3764 3363 Marchese?“ sagte Lorenzi und schickte sich an zu gehen. „Ich bin
753 3332 3779 3573 zufrieden", entgegnete der Marchese schmunzelnd, umsomehr als die-
764 3485 3707 3672 e Ringe gestohlen sind". Lorenzi wandte sich rasch um, und über
764 3623 3745 3917 den Tisch hin erhob er die Faust, um sie auf den Marchese nieder-
768 3814 3726 4081 sausen zu lassen. Olivo und der Abbate hielten seinen Arm fest.
776 4001 3688 4207 „Ich kenne die beiden Steine“, sagte der Marchese ohne sich von
768 4211 3619 4402 seinem Platz zu rühren, wenn sie auch neu gefasst sind. Sehen
780 4322 3722 4578 Sie, meine Herren, der Smaragd hat einen kleinen Fehler, sonst wä-
776 4509 3672 4849 re er zehnmal so viel wert. Der Rubin ist tadellos, aber nicht
