4104 5240
3417 370 3623 557 148
755 546 3735 789 Schild mit dem goldenen Löwen, und Casanova sprang aus den Vagen.
755 725 3638 942 In der Tür stand die Virtin; frisch.mit lachendem Gesicht, und
755 856 3731 1092 schien nicht übel gelaunt Casanova zu empfangen, wie man eben ei-
744 1077 3619 1290 nen Geliebten empfängt, der nach unerwünschter Abwesenheit als
766 1264 3593 1454 ein Meisserschnter wiederkehrt; er aber wies mit einem ärger-
759 1439 3698 1649 lichen glick auf den Kutscher, wie auf einen lästigen Zeugen und
744 1604 3742 1772 hiess ihn dann sich an Speise und Trank nach Herzenslust gütlich
766 1761 3754 1996 tun. Ein Brief aus Venedig ist gestern Abend für Sie angekommen,
759 1982 3679 2202 Herr Chevalier“, sagte die Wirtin.- „Noch einer?“ fragte Casano-
755 2127 3731 2326 va und lief die Treppen hinauf in sein Zimmer. Die Wirtin folgte
774 2307 3649 2512 ihm. Auf dem Tisch lag ein versiegeltes Schreiben. In höchster
755 2471 3742 2681 Erregung öffnete es Casanova.- Ein Viderruf dachte er in Angst.
755 2643 3660 2853 Doch als er gelesen, erheiterte sich sein Gesicht. Es waren ein
755 2826 3638 3013 paar Zeilen von Bragadino mit einer Ahweisung auf zweihundert-
759 3013 3656 3193 fünfzig Lire, die beilag, damit er seine Reise, wenn er etwa dazu
755 3197 3593 3380 entschlossen, auch nicht einen Tag mehr aufzuschieben genötigt
755 3361 3724 3578 sei. Casanova wandte sich zu der Wirtin und erklärte ihr mit ei-
755 3529 3690 3728 ner angenommenen verdriesslichen Miene, dass er leider gezwungen
744 3709 3698 3937 sei, schon in dieser selben Stunde seine Reise fortzusetzen, wenn
759 3900 3571 4120 er nicht die Gefahr laufen wolle, die Stelle zu verlieren, die
748 4019 3686 4270 ihm sein Freund Bragadino in Venedig verschafft habe und um die
737 4232 3612 4449 hundert Bewerber da seien! Aber, setzte er gleich hinzu, als er
748 4356 3720 4644 bedrohliche Volken auf der Wirtin Stirn aufziehen sah... er wol-
