4216 5304
2864 260 3055 501 :
749 486 3644 753 „Also morgen", sagte er, sollen Sie das Kloster zu sehen bekom-
742 681 3717 933 men. Doch schlafen Sie nur ruhig, wir brechennicht in allzu frü-
730 841 3721 1094 her Stunde auf, und richten uns jedenfalls völlig nach Ihrer Be-
757 1059 3648 1350 quemlichkeit. Gute Nacht.“ Er ging, die Türe leise hinter sich
757 1139 3686 1472 schliessend, aber seine Schritte dröhnten über die Treppe durch
757 1430 1518 1656 das ganze Haus.
1216 1560 3594 1774 Casanova stand allein in seinem durch zwei Kerzen
761 1721 3663 1985 matt erhellten Zimmer und liess das Auge von einem zum andern
780 1920 3721 2118 der vier Fenster schweifen, die nach den verschiedenen Himmels-
776 2111 3721 2321 richtungen wiesen. In bläulichem Glanze lag die Landschaft da,
776 2214 3789 2512 nach allen Seiten fast das gleiche Bild: weite Ebenen, mit gerin-
792 2386 3701 2669 gen Erhebungen, nur nordwärts verschwimmende Berglinien, da und
799 2600 3724 2860 dort vereinzelte Häuser, Gehöfte, auch grössere Gebäude, darunter
811 2745 3755 3036 eines etwas höher gelegen, aus dem ein Licht herschimmerte, nach
826 2952 3808 3200 Casanovas Vermutung das Schloss des Marchese. Im Zimmer, das aus-
834 3174 3698 3392 ser dem freistehenden breiten Bett nichts enthielt, als einen
822 3342 3793 3548 langen Tisch, uauf dem die zwei Kerzen brannten, ein paar stühle,
837 3476 3916 3721 eine Kommode und einen goldgerahmten Spiegel darüber, war von sorg-
830 3694 3667 3942 lichen Händen Ordnung gemacht; der Reisesack war ausgepackt
853 3870 3698 4095 worden. Auf dem Tische lag die versperrte, abgegriffene Leder-
841 3988 3877 4328 mappe, die Casanovas Papiere enthielt, sowie ein paar Bücher, deren
853 4145 3839 4481 er für seine Arbeit bedurfte und die er daher mit sich genommen
834 4344 3759 4646 hatte; auch Schreibzeug war bereit. Da er nicht die geringste
845 4558 3797 4841 Schläfrigkeit verspürte, nahm er sein Manuscript aus der Mappe
