4104 5240
3586 352 3770 578 151
819 509 3824 785 Bock, als Casanova aus der Tür des Gasthofs trat und hieb mächtig
838 754 3900 991 auf die Pferdd ein, sobald jener eingestiegen war. Auch hielt er
838 942 3751 1148 es für richtig, nicht mitten durch die Stadt zu fahren, sondern
850 1141 3766 1351 umkreiste sie, um an ihrem andern Ende wieder auf die Landstras-
850 1313 3747 1493 se zu geraten. Noch stand die Sonne nicht hoch,es fehlten drei
827 1485 3747 1669 Stunden auf Mittag. Casanova dachte: Es ist sehr wohl möglich,
850 1665 3797 1853 dass man den toten Lorenzi noch nicht einnal gefunden hat. Dass
861 1791 3858 2040 er selbst Lorenzi umgebracht hatte, kam ihm kaum recht zu Bewuest-
857 1971 3931 2170 sein; er war nur froh, dass er auf dem Wege wen, daß er sich im-
2549 2136 2756 2239 then
869 2155 3762 2365 mer weiter von Mantua entfernte, dass er endlich für eine Weile
1098 2327 1646 2442 gegnuit aan
861 2339 3751 2541 Nuhe hätte... Er verfiel in den tiefsten Schlaf seines Lebens,
911 2561 3824 2698 der gewissermassen zwei Tage und zwei Nächte dauerte; denn die
857 2714 3690 2882 kurzen Unterbrechungen, die das Wechseln der Pferde notwendig
861 2871 3717 3066 machte, und während deren er in Wirtsstuben sass, vor dem Post-
873 3077 3805 3227 häusere auf und ab ging, mit Postmeistern, Wirten, Zollwächtern, Rei-
3273 3177 3583 3284 nicht
2469 3169 3242 3295 als Einzelnefalle
873 3261 3801 3426 senden gleichgiltige Zufallworte tauschte, hatte er kaum im Ge-
1734 3372 2117 3479 verwircht.
861 3418 3759 3659 dächtnis bewahrt, so floss später die Erinnerung dieser zwei
873 3583 3870 3736 Tage und Nächte mit dem Traum zusammen, den xxx er in Maroolinens
861 3705 3793 3935 Bett geträumt, und auch der Zweikampf der zwei nackten Menschen
873 3919 3713 4103 auf einem grünen Rasen im Frühsonnenschein gehörte irgendwie
869 4049 3797 4279 zu diesem Traun, in dem er manchmal in einer rätselhaften Veise
857 4218 3843 4459 nicht Casanova, sondern Lorenzi, nicht der Sieger, sondern der Ge-
842 4444 3820 4670 fallene, nicht der Entfliehende, sondern der Todte war, um dessen
