<?xml version="1.0" encoding="UTF-8" standalone="yes"?>
<PcGts xmlns="http://schema.primaresearch.org/PAGE/gts/pagecontent/2013-07-15" xmlns:xsi="http://www.w3.org/2001/XMLSchema-instance" xsi:schemaLocation="http://schema.primaresearch.org/PAGE/gts/pagecontent/2013-07-15 http://schema.primaresearch.org/PAGE/gts/pagecontent/2013-07-15/pagecontent.xsd">
    <Metadata>
        <Creator>prov=READ-COOP:name=TrHtr:version=2.1.0:model_id=51170:date=14_08_2023_14:32</Creator>
        <Created>2023-05-10T14:09:13.442+02:00</Created>
        <LastChange>2023-08-14T14:32:13.415+02:00</LastChange>
        <TranskribusMetadata docId="1428605" pageId="55416806" pageNr="35" tsid="132808581" status="IN_PROGRESS" userId="64420" imgUrl="https://files.transkribus.eu/Get?id=JULYJEPCZKHOKKELAJOATFOA&amp;fileType=view" xmlUrl="https://files.transkribus.eu/Get?id=NAKTVBAZSWLMXMJUFDYPDPQP" imageId="44690910"/>
    </Metadata>
    <Page imageFilename="1428605_0035.jpg" imageWidth="4168" imageHeight="5288">
        <ReadingOrder>
            <OrderedGroup id="ro_1711788428024" caption="Regions reading order">
                <RegionRefIndexed index="0" regionRef="tr_2"/>
                <RegionRefIndexed index="1" regionRef="tr_1"/>
            </OrderedGroup>
        </ReadingOrder>
        <TextRegion id="tr_2" custom="readingOrder {index:0;}">
            <Coords points="823,606 3879,606 3879,2313 823,2313"/>
            <TextLine id="tr_2_tl_1" custom="readingOrder {index:0;}">
                <Coords points="802,768 3817,764 3871,550 2640,501 1425,634 806,524"/>
                <Baseline points="823,716 835,716 925,722 1014,716 1104,716 1193,716 1283,716 1372,710 1462,710 1551,710 1641,704 1730,704 1820,698 1909,698 1999,698 2088,692 2178,692 2267,692 2357,692 2447,686 2536,686 2626,686 2715,680 2805,680 2894,680 2984,674 3073,674 3163,674 3252,668 3342,668 3431,668 3521,668 3610,668 3700,662 3789,662 3879,656"/>
                <TextEquiv>
                    <Unicode>lia! Was sind es für Bücher, diese liest? Gewiss sind auch solch</Unicode>
                </TextEquiv>
            </TextLine>
            <TextLine id="tr_2_tl_2" custom="readingOrder {index:1;}">
                <Coords points="814,951 3634,902 3779,883 3779,738 818,814"/>
                <Baseline points="835,907 925,901 1014,895 1104,895 1193,895 1283,895 1372,895 1462,889 1551,889 1641,889 1730,889 1820,889 1909,883 1999,877 2088,877 2178,877 2267,877 2357,871 2447,871 2536,871 2626,871 2715,871 2805,865 2894,865 2984,859 3073,859 3163,859 3252,859 3342,853 3431,853 3521,847 3610,847 3700,841 3789,841"/>
                <TextEquiv>
                    <Unicode>darunter, die die Kirche verboten hat. Lass sie mich sehen. Ich</Unicode>
                </TextEquiv>
            </TextLine>
            <TextLine id="tr_2_tl_3" custom="readingOrder {index:2;}">
                <Coords points="833,1143 3198,1131 3840,1074 3844,917 837,955"/>
                <Baseline points="853,1080 901,1074 990,1074 1080,1068 1169,1068 1259,1068 1348,1062 1438,1062 1527,1062 1617,1062 1706,1062 1796,1056 1886,1056 1975,1056 2065,1056 2154,1050 2244,1050 2333,1044 2423,1044 2512,1044 2602,1044 2691,1032 2781,1032 2870,1032 2960,1032 3049,1032 3139,1032 3228,1032 3318,1026 3407,1026 3497,1026 3587,1020 3676,1014 3766,1008 3855,1008"/>
                <TextEquiv>
                    <Unicode>will eine Liste zusammenstellen. Ein Wort von mir...“ - „Schwei-</Unicode>
                </TextEquiv>
            </TextLine>
            <TextLine id="tr_2_tl_4" custom="readingOrder {index:3;}">
                <Coords points="814,1315 2824,1326 3726,1227 3726,1127 3458,1085 818,1158"/>
                <Baseline points="835,1271 871,1271 960,1259 1050,1253 1139,1253 1229,1247 1319,1247 1408,1241 1498,1241 1587,1241 1677,1241 1766,1235 1856,1235 1945,1229 2035,1229 2124,1229 2214,1229 2303,1229 2393,1223 2482,1223 2572,1223 2661,1217 2751,1211 2840,1211 2930,1211 3020,1205 3109,1205 3199,1205 3288,1199 3378,1199 3467,1199 3557,1199 3646,1193 3736,1187"/>
                <TextEquiv>
                    <Unicode>ge, Casanova! Dort kommt sie. Verrate dich nicht 1 Nimm deine</Unicode>
                </TextEquiv>
            </TextLine>
            <TextLine id="tr_2_tl_5" custom="readingOrder {index:4;}">
                <Coords points="822,1483 3458,1464 3768,1425 3772,1269 822,1368"/>
                <Baseline points="841,1438 913,1432 1002,1426 1092,1420 1181,1414 1271,1414 1360,1414 1450,1414 1539,1414 1629,1408 1718,1414 1808,1408 1897,1402 1987,1402 2077,1402 2166,1396 2256,1396 2345,1396 2435,1390 2524,1390 2614,1390 2703,1384 2793,1384 2882,1384 2972,1384 3061,1378 3151,1378 3240,1372 3330,1372 3419,1372 3509,1372 3598,1366 3688,1360 3777,1372"/>
                <TextEquiv>
                    <Unicode>Augen in Acht! Nie, Casanova nie, höre wohl, was ich sage, nie hab</Unicode>
                </TextEquiv>
            </TextLine>
            <TextLine id="tr_2_tl_6" custom="readingOrder {index:5;}">
                <Coords points="822,1674 3745,1609 3806,1414 825,1544"/>
                <Baseline points="847,1605 859,1605 948,1593 1038,1593 1128,1593 1217,1587 1307,1587 1396,1581 1486,1581 1575,1581 1665,1587 1754,1581 1844,1575 1933,1575 2023,1575 2112,1569 2202,1569 2291,1563 2381,1563 2470,1563 2560,1563 2649,1563 2739,1563 2829,1557 2918,1557 3008,1557 3097,1551 3187,1551 3276,1545 3366,1545 3455,1539 3545,1539 3634,1533 3724,1527 3813,1521"/>
                <TextEquiv>
                    <Unicode>ich ein reineres Wesen gekannt. Ahnte sie, was ich eben habe hö-</Unicode>
                </TextEquiv>
            </TextLine>
            <TextLine id="tr_2_tl_7" custom="readingOrder {index:6;}">
                <Coords points="825,1842 3519,1807 3691,1765 3695,1635 825,1700"/>
                <Baseline points="847,1778 931,1772 1020,1772 1110,1772 1199,1772 1289,1766 1378,1766 1468,1760 1557,1760 1647,1760 1736,1754 1826,1754 1915,1754 2005,1754 2094,1748 2184,1742 2273,1742 2363,1742 2453,1742 2542,1736 2632,1730 2721,1736 2811,1730 2900,1724 2990,1724 3079,1724 3169,1724 3258,1718 3348,1718 3437,1712 3527,1712 3616,1712 3706,1718"/>
                <TextEquiv>
                    <Unicode>ren müssen, sie erschiene sich wie beschmutzt; und du würdest</Unicode>
                </TextEquiv>
            </TextLine>
            <TextLine id="tr_2_tl_8" custom="readingOrder {index:7;}">
                <Coords points="848,2052 3810,1964 3867,1796 852,1857"/>
                <Baseline points="871,1945 919,1945 1008,1945 1098,1945 1187,1939 1277,1939 1366,1939 1456,1939 1545,1933 1635,1933 1724,1933 1814,1927 1903,1921 1993,1921 2082,1921 2172,1915 2262,1915 2351,1909 2441,1909 2530,1909 2620,1903 2709,1903 2799,1897 2888,1897 2978,1897 3067,1897 3157,1897 3246,1891 3336,1886 3425,1886 3515,1880 3604,1880 3694,1880 3783,1874 3873,1880"/>
                <TextEquiv>
                    <Unicode>sie, so langdu hier bist, mit keinem Blick mehr zu sehen bekommen.</Unicode>
                </TextEquiv>
            </TextLine>
            <TextLine id="tr_2_tl_9" custom="readingOrder {index:8;}">
                <Coords points="833,2174 3103,2117 3577,2193 3814,2121 3814,2025 3260,1945 837,2075"/>
                <Baseline points="859,2124 865,2124 954,2124 1044,2118 1133,2118 1223,2112 1313,2112 1402,2106 1492,2106 1581,2106 1671,2106 1760,2106 1850,2100 1939,2100 2029,2094 2118,2094 2208,2088 2297,2088 2387,2088 2476,2082 2566,2088 2655,2082 2745,2077 2834,2077 2924,2077 3014,2071 3103,2071 3193,2065 3282,2065 3372,2065 3461,2065 3551,2065 3640,2082 3730,2088 3819,2088"/>
                <TextEquiv>
                    <Unicode>Sprich mit ihr. Ja, sprich mit Ihr - du wirst sie,du wirst</Unicode>
                </TextEquiv>
            </TextLine>
            <TextLine id="tr_2_tl_10" custom="readingOrder {index:9;}">
                <Coords points="825,2381 1689,2323 1739,2369 2113,2304 2232,2350 2297,2327 2300,2193 1853,2224 1739,2163 1605,2209 1357,2186 1269,2247 829,2174"/>
                <Baseline points="847,2303 877,2303 966,2303 1056,2297 1145,2297 1235,2291 1324,2291 1414,2285 1504,2285 1593,2285 1683,2279 1772,2279 1862,2279 1951,2273 2041,2273 2130,2267 2220,2267 2309,2256"/>
                <TextEquiv>
                    <Unicode>m ich um Verzeihung bitten."</Unicode>
                </TextEquiv>
            </TextLine>
        </TextRegion>
        <TextRegion id="tr_1" custom="readingOrder {index:1;}">
            <Coords points="865,2361 3903,2361 3903,4802 865,4802"/>
            <TextLine id="tr_1_tl_1" custom="readingOrder {index:0;}">
                <Coords points="1265,2530 3714,2503 3775,2289 1838,2400 1689,2323 1269,2346"/>
                <Baseline points="1289,2470 1366,2464 1456,2458 1545,2458 1635,2458 1724,2453 1814,2458 1903,2453 1993,2453 2082,2447 2172,2447 2262,2441 2351,2441 2441,2441 2530,2441 2620,2435 2709,2435 2799,2429 2888,2429 2978,2429 3067,2429 3157,2423 3246,2423 3336,2417 3425,2417 3515,2417 3604,2411 3694,2411 3783,2411"/>
                <TextEquiv>
                    <Unicode>Marcolina, mit den Kindern.kam heran; diese liefen an</Unicode>
                </TextEquiv>
            </TextLine>
            <TextLine id="tr_1_tl_2" custom="readingOrder {index:1;}">
                <Coords points="959,2572 1001,2572 1024,2553 1043,2560 1062,2549 1108,2564 1208,2518 1234,2530 1242,2411 1185,2407 1154,2369 1058,2400 1013,2388 971,2396"/>
                <Baseline points="984,2500 1068,2500 1157,2494 1247,2482"/>
                <TextEquiv>
                    <Unicode>G.H.F.P.</Unicode>
                </TextEquiv>
            </TextLine>
            <TextLine id="tr_1_tl_3" custom="readingOrder {index:2;}">
                <Coords points="848,2725 3657,2683 3722,2511 848,2576"/>
                <Baseline points="871,2655 954,2649 1044,2649 1133,2649 1223,2649 1313,2644 1402,2644 1492,2638 1581,2638 1671,2638 1760,2638 1850,2632 1939,2632 2029,2632 2118,2626 2208,2626 2297,2626 2387,2620 2476,2620 2566,2620 2655,2614 2745,2614 2834,2614 2924,2614 3014,2608 3103,2608 3193,2602 3282,2602 3372,2596 3461,2596 3551,2596 3640,2596 3730,2590"/>
                <TextEquiv>
                    <Unicode>ihr vorbei ins Haus, sie selber aber, wie um dem Gast eine Höf-</Unicode>
                </TextEquiv>
            </TextLine>
            <TextLine id="tr_1_tl_4" custom="readingOrder {index:3;}">
                <Coords points="841,2923 3435,2874 3898,2816 3901,2667 844,2755"/>
                <Baseline points="865,2834 948,2834 1038,2829 1128,2823 1217,2823 1307,2823 1396,2823 1486,2823 1575,2823 1665,2817 1754,2817 1844,2817 1933,2817 2023,2811 2112,2811 2202,2805 2291,2805 2381,2805 2470,2805 2560,2805 2649,2799 2739,2799 2829,2799 2918,2793 3008,2787 3097,2787 3187,2787 3276,2787 3366,2781 3455,2781 3545,2781 3634,2781 3724,2775 3813,2769 3903,2763"/>
                <TextEquiv>
                    <Unicode>lichkeit zu erweisen, blieb vor ihm stehen, während Amalia, wie mit</Unicode>
                </TextEquiv>
            </TextLine>
            <TextLine id="tr_1_tl_5" custom="readingOrder {index:4;}">
                <Coords points="844,3080 3749,3034 3844,2874 848,2946"/>
                <Baseline points="871,3020 895,3020 984,3014 1074,3014 1163,3014 1253,3008 1342,3008 1432,3002 1521,3002 1611,3002 1700,2996 1790,2996 1880,2996 1969,2996 2059,2990 2148,2990 2238,2990 2327,2990 2417,2984 2506,2984 2596,2978 2685,2978 2775,2978 2864,2972 2954,2972 3043,2966 3133,2966 3222,2966 3312,2966 3401,2966 3491,2966 3581,2966 3670,2960 3760,2954 3849,2954"/>
                <TextEquiv>
                    <Unicode>Absicht, sich entfernte. Und nun war es Casanova in der Tat, als</Unicode>
                </TextEquiv>
            </TextLine>
            <TextLine id="tr_1_tl_6" custom="readingOrder {index:5;}">
                <Coords points="856,3248 3623,3210 3772,3053 856,3099"/>
                <Baseline points="877,3199 913,3193 1002,3187 1092,3187 1181,3187 1271,3187 1360,3187 1450,3181 1539,3181 1629,3181 1718,3181 1808,3175 1897,3169 1987,3169 2077,3169 2166,3169 2256,3169 2345,3169 2435,3163 2524,3163 2614,3163 2703,3157 2793,3157 2882,3151 2972,3151 3061,3151 3151,3151 3240,3145 3330,3145 3419,3139 3509,3139 3598,3139 3688,3133 3777,3133"/>
                <TextEquiv>
                    <Unicode>wehte es ihm von diesen blassen, halb geöffneten Lippen, dieser</Unicode>
                </TextEquiv>
            </TextLine>
            <TextLine id="tr_1_tl_7" custom="readingOrder {index:6;}">
                <Coords points="841,3462 3336,3416 3886,3328 3890,3195 844,3294"/>
                <Baseline points="865,3378 943,3372 1032,3372 1122,3366 1211,3366 1301,3360 1390,3360 1480,3360 1569,3354 1659,3354 1748,3348 1838,3348 1927,3348 2017,3348 2106,3348 2196,3348 2285,3342 2375,3342 2464,3342 2554,3336 2644,3330 2733,3330 2823,3330 2912,3330 3002,3330 3091,3324 3181,3324 3270,3324 3360,3324 3449,3324 3539,3318 3628,3318 3718,3318 3807,3312 3897,3312"/>
                <TextEquiv>
                    <Unicode>glatten, von dunkelblondem, nun aufgestecktem Haar umrahmten Stirn</Unicode>
                </TextEquiv>
            </TextLine>
            <TextLine id="tr_1_tl_8" custom="readingOrder {index:7;}">
                <Coords points="848,3619 3458,3577 3733,3554 3737,3424 848,3451"/>
                <Baseline points="871,3563 877,3563 966,3551 1056,3545 1145,3545 1235,3545 1324,3539 1414,3539 1504,3539 1593,3533 1683,3533 1772,3533 1862,3527 1951,3527 2041,3521 2130,3521 2220,3521 2309,3521 2399,3521 2488,3515 2578,3515 2667,3509 2757,3509 2846,3509 2936,3509 3025,3509 3115,3503 3205,3503 3294,3503 3384,3503 3473,3497 3563,3497 3652,3503 3742,3503"/>
                <TextEquiv>
                    <Unicode>wie ein Hauch von Herbheit und Keuschheit entgegen;- was er</Unicode>
                </TextEquiv>
            </TextLine>
            <TextLine id="tr_1_tl_9" custom="readingOrder {index:8;}">
                <Coords points="864,3772 3783,3760 3848,3588 864,3626"/>
                <Baseline points="883,3724 901,3730 990,3724 1080,3718 1169,3718 1259,3712 1348,3712 1438,3712 1527,3706 1617,3706 1706,3706 1796,3706 1886,3700 1975,3700 2065,3700 2154,3694 2244,3694 2333,3694 2423,3688 2512,3694 2602,3688 2691,3688 2781,3682 2870,3676 2960,3676 3049,3676 3139,3676 3228,3682 3318,3676 3407,3676 3497,3670 3587,3664 3676,3664 3766,3664 3855,3658"/>
                <TextEquiv>
                    <Unicode>selten einer Frau, was er auch ihr gegenüber früher im geschlos-</Unicode>
                </TextEquiv>
            </TextLine>
            <TextLine id="tr_1_tl_10" custom="readingOrder {index:9;}">
                <Coords points="879,4001 3871,3901 3837,3733 883,3791"/>
                <Baseline points="901,3903 925,3903 1014,3897 1104,3891 1193,3891 1283,3885 1372,3885 1462,3885 1551,3879 1641,3885 1730,3879 1820,3879 1909,3873 1999,3873 2088,3873 2178,3867 2267,3873 2357,3867 2447,3867 2536,3867 2626,3861 2715,3855 2805,3855 2894,3855 2984,3849 3073,3849 3163,3849 3252,3849 3342,3849 3431,3849 3521,3843 3610,3843 3700,3843 3789,3837 3879,3837"/>
                <TextEquiv>
                    <Unicode>senen Raum nicht verspürt - eine Art von Andacht, von Hingegeben</Unicode>
                </TextEquiv>
            </TextLine>
            <TextLine id="tr_1_tl_11" custom="readingOrder {index:10;}">
                <Coords points="864,4158 3814,4096 3817,3944 867,4005"/>
                <Baseline points="889,4070 960,4070 1050,4070 1139,4070 1229,4070 1319,4070 1408,4064 1498,4064 1587,4064 1677,4058 1766,4058 1856,4058 1945,4058 2035,4058 2124,4052 2214,4046 2303,4046 2393,4046 2482,4046 2572,4040 2661,4040 2751,4040 2840,4034 2930,4034 3020,4028 3109,4028 3199,4022 3288,4028 3378,4022 3467,4022 3557,4022 3646,4022 3736,4016 3825,4016"/>
                <TextEquiv>
                    <Unicode>heit, ohne jedes Verlangen floss durch seine Seele. Und mit An-</Unicode>
                </TextEquiv>
            </TextLine>
            <TextLine id="tr_1_tl_12" custom="readingOrder {index:11;}">
                <Coords points="848,4276 963,4352 3309,4314 3722,4284 3856,4085 848,4158"/>
                <Baseline points="871,4249 907,4249 996,4249 1086,4249 1175,4249 1265,4243 1354,4243 1444,4237 1533,4237 1623,4231 1712,4231 1802,4225 1891,4225 1981,4225 2071,4225 2160,4225 2250,4219 2339,4225 2429,4219 2518,4213 2608,4213 2697,4213 2787,4213 2876,4207 2966,4207 3055,4207 3145,4207 3234,4207 3324,4201 3413,4195 3503,4195 3592,4189 3682,4183 3772,4183 3861,4183"/>
                <TextEquiv>
                    <Unicode>stand, ja in einem Ton von Ehrerbietung, wie man sie Höhergebore-</Unicode>
                </TextEquiv>
            </TextLine>
            <TextLine id="tr_1_tl_13" custom="readingOrder {index:12;}">
                <Coords points="864,4521 3848,4452 3852,4268 867,4337"/>
                <Baseline points="883,4428 907,4428 996,4428 1086,4428 1175,4428 1265,4422 1354,4416 1444,4410 1533,4416 1623,4410 1712,4404 1802,4404 1891,4404 1981,4404 2071,4404 2160,4404 2250,4404 2339,4398 2429,4392 2518,4392 2608,4392 2697,4392 2787,4386 2876,4386 2966,4380 3055,4380 3145,4380 3234,4380 3324,4380 3413,4374 3503,4368 3592,4368 3682,4362 3772,4362 3861,4362"/>
                <TextEquiv>
                    <Unicode>nen gegenüber an den Tag zu legen liebt und der ihr schmeicheln</Unicode>
                </TextEquiv>
            </TextLine>
            <TextLine id="tr_1_tl_14" custom="readingOrder {index:13;}">
                <Coords points="883,4673 3775,4647 3814,4456 887,4521"/>
                <Baseline points="907,4619 954,4607 1044,4601 1133,4595 1223,4595 1313,4589 1402,4589 1492,4589 1581,4583 1671,4583 1760,4583 1850,4577 1939,4577 2029,4571 2118,4571 2208,4571 2297,4571 2387,4571 2476,4565 2566,4571 2655,4565 2745,4565 2834,4559 2924,4559 3014,4559 3103,4553 3193,4547 3282,4547 3372,4547 3461,4547 3551,4547 3640,4541 3730,4535 3819,4541"/>
                <TextEquiv>
                    <Unicode>musste, stellte er die Frage an sie, ob sie die kommenden Abend-</Unicode>
                </TextEquiv>
            </TextLine>
            <TextLine id="tr_1_tl_15" custom="readingOrder {index:14;}">
                <Coords points="879,4799 2075,4903 2595,4765 3783,4834 3840,4647 879,4723"/>
                <Baseline points="901,4792 984,4786 1074,4786 1163,4780 1253,4780 1342,4780 1432,4774 1521,4774 1611,4768 1700,4768 1790,4768 1880,4762 1969,4762 2059,4756 2148,4756 2238,4756 2327,4756 2417,4756 2506,4750 2596,4750 2685,4750 2775,4744 2864,4744 2954,4738 3043,4732 3133,4738 3222,4738 3312,4732 3401,4732 3491,4732 3581,4726 3670,4726 3760,4726 3849,4715"/>
                <TextEquiv>
                    <Unicode>stunden wieder dem Studium zu widnen beabsichtige. Sie erwider-</Unicode>
                </TextEquiv>
            </TextLine>
        </TextRegion>
    </Page>
</PcGts>
