4216 5336
897 240 1171 473 1,7
762 548 3765 728 es bereit sein.“ - „Weise man denn überhaupt“, fragte Olivo wich-
762 676 3769 905 tig und stirnrunzelnd, auf welche Seite wir uns schlagen werden,
773 830 3705 1059 auf die spanische oder auf die französischen. -.Das dürfte dem
762 995 3701 1261 Leutenant Lorenzi gleich sein“, meinte der Abbate. „Venn er nur
773 1190 3604 1456 endlich dazu kommt sein Heldentum zu erproben". -.Das hat er
762 1396 3611 1599 schon getan“, sagte Amalia. „Bei Pavia,vor drei Jahren hat er
762 1592 2586 1806 mitgefochten.“ Maroolina aber schwieg.
1261 1678 3667 1967 Casanova wusste genug. Er trat an Marcolinens Seite
785 1918 3716 2155 und umfasste den Garten mit einem grossen Blick. Er sah nichts
785 2110 3611 2275 als die ausgedehnte wilde Wiese, auf der die Kinder spielten,
796 2233 3731 2470 und die von einer Reihe hoher dichter Bäume gegen die Mauer zu
796 2429 3645 2654 abgeschlossen war..Was für ein prächtiger Besitz“, wandte er
807 2620 3769 2838 sich an Olivo. „Ich wäre neugierig ihn näher kennen zu lernen“.
818 2834 3788 3007 „Und ich, Chevalier“, erwiderte Olivo, wünsche mir kein grösseres
826 2973 3844 3209 Vergnügen als Sie über meine Weinberge und durch meine Felder zu
803 3123 3634 3393 führen. Ja, wenn ich die Wahrheit sagen soll, fragen Sie doch
807 3352 3818 3529 Amalia, in den Jahren, seit das kleine Gütohen mir gehört, hab ich
822 3480 3761 3709 mir nichts sehnlicher gewünscht, als Sie endlich auf meinem ei-
822 3664 3690 3934 genen Grund und Boden als Gast zu begrüssen. Zehnmal war ich
818 3855 3731 4118 daran Ihnen zu schreiben, Sie einzuladen. Aber war man denn je
826 4013 3806 4234 sicher, dass eine Nachricht Sie erreichen würde? Erzählte einem
837 4223 3848 4429 irgend wer, man hätte Sie kürzlich in Lissabon gesehen - so konn-
822 4411 3836 4602 te man sicher sein, dass Sie indess nach Varschau oder nach Wien
841 4565 3758 4854 abgereist seien. Und nun, da ich Sie wie durch ein Wunder oben
