4216 5320
806 496 3762 840 sendfültiger Gestalt". Olivo erzählte wieder und mit noch grös-
825 742 3690 1011 serer Ausführlichkeit als vorher, wie er nach und nach diesen
818 927 3785 1173 schönen Besitz erworben und wie ein paar glückliche Ernte- und
810 1101 3694 1355 Lesejahre ihn zum wohlhabenden, ja zum reichen Manne gemacht.
818 1302 3713 1525 Casanova aber hing seinen eigenen Gedanken nach und griff nur
833 1465 3698 1688 selten ein Wort Olivos auf, um ich durch irgend eine höfliche
821 1612 3755 1904 Zwischenfrage seine Aufmerksamkeit zu beweisen. Erst als Olivo
840 1824 3706 2051 von allem möglichen schwatzend auf seine Familie und endlich
852 1995 3777 2203 auf Marcolina geraten war, horchte Casanova auf. Aber er erfuhr
852 2146 3823 2422 nicht viel mehr als er schon vorher gewusst hatte, da sie schon
852 2332 3849 2604 als Kind, noch im Hause ihres Vaters, der Olivos stiefbruder, früh
863 2491 3808 2793 verwitwet und Arzt in Bologna gewesen war, durch die zeitig er-
863 2680 3834 2930 wachenden Fähigkeiten ihres Verstandes ihre Umgebung in Erstau-
863 2873 3891 3119 nen gesetzt, hatte man indess Musse genug gehabt, sich an ihre Art
893 3032 3891 3308 zu gewöhnen. Vor wenigen Jahren war ihr Vater gestorben und seit-
871 3217 3838 3471 her lebte sie in der Familie eines berühmten Professors der ho-
893 3418 3724 3607 hen Schule von Bologna, oben jenes Morgagni, der sich vermass,
882 3554 3899 3834 ste zu einer grossen Gelehrten heranzubilden; in den Sommermona-
553 3581 1136 3747 seine Schülerin.
901 3740 3842 3997 ten war sie stets beim Oheim zu Gaste. Eine Anzahl Bewerbungen
889 3921 3876 4205 um ihre Hand, die eines Bologneser Kaufmanna, eines gutsbesitzers
905 4103 3732 4315 aus der Nachbarschaft und zuletzt die des Leutenant Lorenzi
965 4285 1177 4406 to habe
916 4243 3880 4474 hatte sie zurückgewiesen und soheine tatsächlich gewillt, ihr Da-
878 4428 3921 4735 sein völlig dem Dienst der Wissenschaft zu widmen. Führend Oliver
