4136 5208
2929 177 3106 354 1
3419 426 3660 566 140
723 667 3592 884 Blick, der zu Casanovas schlimmster Qual alles, was noch gut in
735 852 3632 1028 ihm war, für eine kurze Veile neu entzündete, wan dte er sich ab;
731 1016 3483 1225 ohne sich noch einmal nach Marcolinen umzusehen, ging er ans
719 1205 3676 1386 Fenster, raffte den Vorhang zur Seite, öffnete Fenster und Gitter,
719 1330 3696 1571 warf einen Blick in den dämmernden Garten, der noch zu schlummern
723 1539 3596 1776 schien, und schwang sich über die Brüstung ins Freie. Da er die
731 1715 3519 1928 Möglichkeit erwog, dass irgendwer im Hause schon erwacht sein
711 1916 3547 2109 und ihn von einem Fenster aus erblicken könnte, vermied er die
711 2089 3584 2290 Wiese und liess sich von der Allee in ihren schützenden Schat-
707 2250 3483 2459 ten aufnehmen. Er trat durch die Gartentür ins Freie hinaus,
707 2358 3543 2631 und hatte kaum hinter sich zugeschlossen, als ihm jemand entge-
695 2583 3576 2796 gentrat und den Weg verstellte. Der Ruderer... war sein erster
687 2784 3917 2957 Gedanke. Denn nun wusste er plötzlich, dass der Gondelführer im
956 2860 1394 2985 memoire.
687 2949 3535 3166 Traum kein anderer gewesen war als Lorenzi. Da stand er. Sein
683 3077 3535 3318 roter Waffenrock mit der silbernen Verschnürung brannte durch
687 3306 3584 3487 den Morgen. Welche prächtige uniform, dachte Casanova in seinem
695 3479 3511 3676 verwirrten und ermüdeten Gehirn, sieht sie nicht aus wie neuf-
679 3632 3680 3841 Und ist sicher nicht bezahlt... Diese nüchternen Erwägungen brach-
691 3837 3656 4054 ten ihn völlig zur Besinnung, und sobald er sich der Lage bewusst
683 4001 3455 4182 war, fühlte er sich froh. Er nahm seine stolzeste Haltung an,
671 4174 3443 4379 fasste den negengriff unter dem hüllenden Mantel fester und
671 4371 3644 4568 sagte im liebenswürdigsten Ton: „Finden Sie nicht,Herr Leutenant
647 4512 3664 4717 Lorenzi, dass Ihnen dieser Einfall etwas verspätet kommt?“- „Doch
