4152 5256
1268 496 3510 735 Im 2itternden Dunst des Mittags, Über graugrünes
1257 610 3813 806 „Das ist sonst nicht Marcolinens Art“, wandte sich Oli-
780 735 3684 886 werk emporragend, wurd ein viereckiges Türschen sichtbar. Bald
799 822 3737 1003 vo an seinen Gast; meistens sitzt sie schon um sechs Uhr oder
814 920 3620 1090 bog der Wagen von der Landstrasse auf einen Seitenweg; links
780 1003 3798 1185 noch früher im Garten und studiert bis zur Mittagszeit. Gestern
833 1109 3752 1253 stiegen Weinhügel gelinde an, rechte über den Rand einer Garten-
810 1155 3847 1363 freilich hatten wir Gäste, und es dauerte etwas länger als gewöhn-
2382 1268 3756 1405 Räume. Der Wagen hielt an ei-
803 1318 2347 1431 mauer neigten sich Kronen uralten
799 1348 3775 1522 lich; auch ein kleines spielchen wurde gemacht, -nicht eines wie
814 1454 3635 1617 nem Tor, dessen verwitterte Holzflügel weit offen standen, die
810 1537 3639 1723 es der Herr Chevalier gewöhnt sein mögen - wir sind harmlose
822 1628 3650 1783 Fahrgäste stiegen aus, der Kutscher, auf einen Wink Olivos, fuhr
791 1704 3775 1848 Leute und wollen einander nicht das Geld abnehmen. Und da auch
2870 1798 3438 1920 Kastanienbäu
2541 1821 2806 1939 G.C.F.P.
1670 1825 2514 1954 xxx. xxx in breiter xxx
1352 1844 1598 1961 Stall
825 1874 1132 1976 G.C.H.F.S
814 1867 3703 2071 unser würdiger Abbate sich zu beteiligen pflegt, so können Sie
2226 1992 3135 2120 sich auf den ersten
1545 2014 2188 2120 nicht dagegen, dass
825 2052 1083 2154 P.F.F:D.
822 2064 3775 2287 sich wohl denken, Herr Chevalier, dass es nicht sehr sündhaft da-
2563 2166 2881 2313 manova
841 2207 1106 2325 G.F.P.
822 2294 1416 2412 bei zugeht.'
2995 2253 3722 2431 Cokwerk; ebenso
2631 2294 2896 2446 G.C.H.F.P.F:F:D'H:D:H:
1443 2287 2461 2480 Zerbrochenen Fenster
1287 2404 3729 2560 Als vom Abbate die Rede war, lachten die Mädchen und
3067 2499 3711 2620 Plattform des
2253 2525 2613 2643 Dufaszur
1333 2525 2223 2658 ihm nicht, dass die
852 2541 1174 2677 entging
818 2578 3805 2779 hatten einander weiss Gott was zu erzählen, worüber es noch mehr
905 2681 3453 2847 reiten aber niedern Turms, der etwas plump auf dem Gebäu
810 2764 3711 2942 zu lachen gab als vorher. Casanova aber nickte nur zerstreut;
3457 2859 3718 2965 a ee
1443 2874 3154 3014 abbröckelte. Hingegen zeigte die Haus
844 2915 1306 3029 tL* und des
825 2949 3847 3093 in der Phantasie sah er das Fräulein Marcolina, das er noch nicht
848 3044 3722 3199 Schnitzerei und in den Flug tretend erkannte Casanova sofort,
833 3139 3646 3358 kannte, in ihrem weissen Bette liegend, dem Fenster gegenüber,
3260 3222 3521 3313 Herrn Vater /
2828 3226 3180 3336 Wohlerhe
1090 3249 2306 3362 das Innere des Hauses sich
825 3321 3760 3495 die Decke heruntergestreift, halb entblössten Leibe, mit schlaf-
3377 3411 3544 3506 votre
1844 3415 3211 3563 Zustand befand, als dessen Ä
856 3476 1689 3559 denfalls weit bess
837 3514 3798 3673 trunkenen Händen sich gegen die hereinfliegenden Beeren und Ha-
878 3627 1632 3737 vermuten lassen.
841 3658 3824 3843 selnüsse während;- und eine törichte Glut flug durch seine Sin-
2238 3748 3722 3881 laut, dass es von den gewölbten
1492 3786 2204 3907 alia", rief Olive
841 3839 3877 4021 ne. Dass Marcolina die Geliebte des Leutenants Lorenzi war, daran
1049 3960 3699 4082 ern wiederhallte. Komm herunter so geschwind du kannst!
841 4006 3798 4222 zweifelte er so wenig, als hätte er selbst sie beide in zärtlich
3158 4112 3726 4218 einen Gaet!
1037 4131 3018 4260 d. Kentlinging. Amalia, und was
1461 4176 3794 4362 gung gesehen, und er war so bereit den unbekannten
947 4248 1337 4392 er Unseh=
2817 4290 3302 4407 Stiege er.
3385 4282 3801 4388 hienen, ohne
1692 4313 2495 4434 xxxhen vorher oben xxx
1318 4354 1522 4449 da wir wir
852 4381 3847 4551 Lorenzi zu hassen, als ihm nach der niemals geschauten Marolina
1867 4475 3650 4650 Von Sonne in das Dämmer Tratenden sofort
939 4513 1583 4627 Wir die aus der
856 4604 1439 4744 verlangte.-
2276 4585 3230 4827 scharfe Augen sich bei
1526 4642 1700 4831 de ses
