4264 5320
3543 269 3732 477 104
810 458 3785 738 die gibst du dem Mann: er möge sich beeilen, dass der Brief noch
818 636 3770 939 heute richtig von Mantua nach Venedig abginge - und meiner Wir-
829 780 3634 1098 tin möge er bestellen, dass ich... heute Abend wieder daheim
825 961 3777 1234 bin".-.Heute Abend?“ rief Olivo. „Unmöglich! - „Nun, wir werden
855 1188 3876 1438 sehen", sagte Casanova herablassend.-.und hier, Teresina, ein Gold-
863 1336 3649 1609 stück für dich... und auf Olivos Einrede: „Leg es in deine
863 1484 3774 1775 Sparbüchse, Teresina; der Brief, den du in Händen hast, ist seine
871 1730 3853 1976 paar tausend goldstücke wert".- Terosina lief und Casanova nick-
886 1892 3853 2135 te xxxx; es machte ihm einen ganz besonderen Spass, das Dirn-
1011 1927 1431 2055 vergntigt
886 2002 3838 2301 chen, deren Mutter und Grossmutter ihm auch schon gehört hatten,
897 2256 3301 2472 vor ihren eigenen Vater für ihre Gunst zu bezahlen.
708 2282 1181 2430 m. Angericht
1347 2403 3864 2657 Als er mit Olivo in den Saal trat, war das Spiel schon
905 2600 3917 2854 im Gange. Die amphatische Begrüssung der Andern erwiderte er mit
912 2755 3747 3017 heiterer Würde und nahm gegenüber dem Marchese Platz, der die
908 2945 3906 3176 Bank hielt. Die Fenster waren gegen den Garten zu offen; Casano-
924 3047 3864 3327 va hörte Stimmen, die sich näherten; Marcolina und Amalia kamen
954 3282 3993 3528 vorüber, blickten flüchtig in den Saal, verschwanden und waren dann
935 3388 3849 3717 nicht mehr zu sehen. Während der Marchese die Karten auflegte,
961 3618 3853 3891 wand e sich Lorenzi mit grosser Höflichkeit an Casanova. „Ich
965 3762 3804 4080 mache Ihnen mein Kompliment, Chevalier, sie waren besser unter-
958 3997 3986 4243 richtet als ich es gewesen bin: unser Regiment marschiert in der
969 4164 3974 4410 Tat bereits morgen vor Abend aus.“ Der Marchese schien erstaunt.
980 4326 3948 4591 „Und das sagen sie uns erst jetzt, Lorenzi?“- „Bs ist wohl nicht
988 4527 3997 4773 so wichtig!"- „Für mich nicht so sehr“, meinte der Marchese, aber
