4360 5384
883 510 3818 933 zu Gast gewesen war. Dass sich in ihrem Blick nichts von jener
2988 761 3399 887 bequint.
2105 807 2299 929 also
883 845 3882 1115 Leuchten zeigte, wie es xxxx früher so oft gesehen, auch wenn
902 1028 3951 1306 er als Nichtgekannter im berückenden Glanz seiner jugend oder in
914 1195 3856 1424 der gefährlichen Schönheit seiner Mannesjahre erschienen war,
1374 1378 1743 1488 Casaun.
921 1401 3810 1637 das musste er freilich als eine längst nicht mehr neue grfah-
1968 1511 2588 1625 du dit côtées fait
929 1465 3909 1804 rung hinnehmen. Aber auch jetzt noch genügte meist die Nennung
929 1667 3962 1953 seines Namens, um auf Frauenlippen den Ausdruck einer verspäteten
929 1850 3958 2147 Bewunderung oder doch wenigstens ein leises Zucken des Bedauerns
1793 2063 2166 2189 gestand
940 2040 3978 2307 hervorzurufen, das xxxxst, wie gern man ihm ein paar Jahre früher
940 2238 3947 2520 begegnet wäre. Doch als ihn jetzt Olivo seiner Nichte als Herrn
952 2421 3875 2702 Casanova, Chevalier von Seingalt vorstellte, lächelte sie nicht
959 2603 3867 2862 anders, als wenn man ihr irgend einen gleichgiltigen Namen ge
963 2779 3879 3026 nannt hätte, in dem kein Klang von jbenteuern und Geheimnissen
978 2942 3825 3228 nachzitterte. Und selbst als er neben ihr Platz nahm, ihr die
974 3060 3947 3365 Hand küsste, und aus seinen Augen ein Funkenregen von Entzücken
1005 3292 3867 3597 und Begier über sie niederging, verrist ihre Miene nichts von
982 3418 3879 3749 der leisen Befriedigung, die doch als bescheidene Antwort auf
1012 3650 3841 3928 eine so glühende Huldigung zu erwarten gewesen wäre.
1336 3818 4035 4096 Nach wenigen höfl ich einleitenden Worten liess Casano-
1001 3997 4069 4320 na seine Nachbarin merken, dass er von ihren gelehrten Bestrebun-
1005 4198 3974 4434 gen in Kenntnis gesetzt vor und fragte sie, mit welcher Wissen-
997 4377 3955 4594 schaft sie sich denn besonders abgebe? Sie erwiderte, dass sie
1024 4541 4084 4887 vor allen das Studium der höheren Mathematik betreibe, in das sie
