4120 5192
2425 154 2744 375 17 /
2016 150 2192 360 1,1
1134 191 1577 439 Votre très avoir février à l'abordue.
3108 165 3315 409 P.S.
3506 353 3709 571 137
822 484 3660 683 zu, der unten in der Gondel wartete; er hatte noch keinen Men-
833 691 3682 848 schen auf Erden so gehasst wie den, und er schwör sich zu eine
815 815 3742 1059 ausgesuchte Rache an ihm zu nehmen. Aber war es nicht auch eine
803 1032 3746 1220 Narrheit, dass er Marcolina im Kloster von Murano gesucht hatte,
807 1209 3641 1378 da sie doch zu voltaire gereist war? Wie gut, dass er fliegen
815 1378 3626 1565 konnte, einen Wagen hätte er doch nicht mehr bezahlen können.
822 1550 3660 1749 Udd er schwamm davon; aber nun das gar kein solches Glück
815 1719 3600 1937 mehr, als er gedacht hatte; es wurde kalt und immer kälter, er
2616 1892 2834 1989 weit
432 1952 676 2155 maisonnier ou l'autre
822 1881 3784 2095 trieb im offenen Meer,, weit von Murano, von Venedig - kein Schiff
807 2072 3701 2320 ringsum, seine schwere goldgestickte Gewandung zog ihn nach un-
822 2245 3814 2406 ten; er versuchte sich ihrer zu entledigen, doch es war unmöglich,
792 2406 3667 2643 da er sein Manuscript in der Hand hielt, das er Herrn Voltaire
792 2601 3604 2785 überreichen musste,-or bekam Wasser in den Mund, in die Nase,
807 2774 3701 2958 Todesangst überfiel ihn,er griff um sich, er röchelte, er schrie
807 2962 2271 3146 und öffnete mühselig die Augen.
1261 3119 3866 3303 Durch einen schmalen Spalt zwischen Vorhang und Penster-
796 3296 3637 3483 rand war ein strahl der Dämmerung hereingebrochen. Marcolina,
803 3461 3619 3634 in ihr weisses Nachtgewand gehüllt, das sie mit beiden Händen
792 3649 3660 3836 über der Brust zusammenhielt, stand an Fussende des Bottes und
777 3818 3795 4009 betrachtete Casanova mit einem Blick unnennbaren Grauens, der ihn
796 3990 3690 4204 sofort und völlig wach machte. Unwillkürlich, wie mit einer Ge-
792 4189 3720 4396 berde des Flehens, streckte er die Arme nach ihr aus. Marcolina,
777 4366 3619 4561 wie zur Erwiderung, wehrte mit einer Bewegung ihrer Linken ab,
2241 4535 2590 4662 vend, und
3161 4531 3686 4737 dem Bedürf-
