4232 5320
3378 307 3560 652 63
2093 481 2306 742 :a ea
1192 672 3805 967 Die Ricardi bestanden darauf, dass weitergespielt stürde.
749 874 3677 1095 Der Marchese, sehr aufgeräumt, gab ihnen eine Bank. Sie rückten
742 1052 3731 1270 mit den Goldstücken heraus, die Casanova sie hatte gewinnen las-
761 1173 3642 1510 sen. In zwei Minuten hatte der Marchese sie ihnen abgenommen
765 1378 3665 1603 und lehnte es entschieden ab, mit ihnen weiter zu spielen, wenn
780 1510 3607 1809 sie nicht Bargeld vorzuweisen hätten. Sie rangen die Hände.
765 1751 3638 1976 Der Aeltere begann zu weinen wie ein Kind. Der Andere küsste
780 1871 3653 2182 ihn wie zur Beruhigung auf beide Wangen. Der Marchese fragte,
808 2097 3665 2341 ob sein Wagen schon wieder zurückgekommen sei. Der Abbate be-
792 2279 3684 2512 jahte; er hatte ihn vor einer halben Stunde vorfahren gehört.
800 2462 3770 2698 Der Marchese lud den Abbate und die Brüder Ricardi xxx in sei-
815 2613 3816 2924 nen Wagen ein; er wollte sie vor ihren Wohnhäusern absetzen, und
815 2826 2089 3075 alle verliessen das Haus.-
1297 2931 3723 3195 Als die Andern fort waren, nahm Olivo Casanovas Arm,
827 3052 1157 3226 Cassion
831 3137 3832 3370 und versicherte ihm immer wieder, mit Thränen in der Stimme, dass
839 3335 3684 3576 alles in diesem Hause ihm, Casanova gehöre und dass er damit
839 3459 3836 3747 schalten möge, wie es ihm beliebe. Sie kamen an Marcolinens Fen-
862 3692 3785 3933 ster vorbei. Ja var nicht nur verschlossen, auch ein Gitter war
870 3879 3735 4077 vorgeschoben und innen senkte sich ein Vorhang herab. Es gab
850 3999 3929 4329 Weiten, dachte Casanova, wo all das nicht### nützte oder wo es wenig-
862 4170 3921 4453 stens nichts zu bedeuten hatte. Sie traten ins Haus. Olivo liess
870 4383 3805 4640 es sich nicht nehmen den Gast über die etwas knarrende Treppe
874 4504 3995 4841 bis in das Turngemach zu begleiten, wo er ihn zum Abschied umarmte.
