4120 5320
705 467 3638 820 Lebhaftigkeit aufglänzte, wie zugleich seine ganze Fracheinung
724 755 3593 969 in eine Art von heiteren Aufruhr zu geraten schien. Er erhob
735 869 3730 1180 sich zu rusch, sank sofort zurück, stand wieder auf, versetzte dem
720 1103 3688 1325 Kutscher einen Stoss in den Rücken, um ihn zum Halten zu veran-
720 1295 3700 1509 lassen, drehte sich in dem weiterrollenden Wagen um, um Casanova
724 1432 3742 1693 nicht aus dem Gesicht zu verlieren, winkte ihm mit beiden Händen
724 1616 3723 1835 zu und rief endlich mit einer dünnen hellen Stimme dreimal des-
751 1796 3608 2041 sen Namen in die Luft. Erst an der Stimme hatte Casanova ihn
755 1949 3738 2191 erkannt, trat auf den Wagen zu, der stehen geblieben war, ergriff
743 2164 3826 2386 lächelnd die beiden sich ihm entgegenstreckenden Hände und sagte:
751 2367 3719 2608 „Ist es möglich, Olivo - Sie sind es?“ - „Ja, ich bin es,Herr Ca-
766 2539 3581 2731 sanova, so erkennen xxx mich also wieder?“- „Warum sollt ich
751 2677 3631 2934 nicht? Sie haben zwar seit Ihrem Hochzeitstag, an dem ich Sie
747 2869 3681 3098 zuletzt gesehen, an Umfang ein wenig zugenommen,- aber auch ich
770 3087 3727 3298 mag mich in den fünfzehn Jahren nicht unerheblich verändert ha-
774 3267 3727 3470 ben, wenn auch nicht in gleicher Weise".- „Kaum“, rief Olivo,. so
762 3424 3612 3658 gut wie gar nicht. Herr Casanova» Uebrigens sind es sechzehn
777 3558 3807 3811 Jahre, vor wenigen Tagen waren es sechzehn. Und wie Sie sich wohl
774 3796 3723 3983 denken können, haben wir, gerade bei dieser Gelegenheit, ein hüb-
770 3976 3635 4198 sches Teilchen lang von Ihnen gesprochen, Amalia und ich...“-
762 4048 3838 4347 „Virklich“, sagte Casanova herzlich. Sie erinnern sich sich noch manch-
774 4297 3811 4523 mal meiner— „Olivos Augen wurden feucht. Noch immer hielt er Ca-
820 4485 3753 4772 sanovas Hände in den seinen, und drückte sie nun gerührt.-.Vie
