4184 5304
3475 224 3695 482 12s
763 501 3684 675 weniger Zuang an, aber alles, was er erzählte, brachte er ohne jaa
728 641 3714 876 de Zweideutigkeit und vor allem ohne jede Eitelkeit vor, so dass
755 789 3744 1036 man eher den Bericht eines gefühlvollen Narren der Liebe als den
755 979 3536 1222 eines gefährlich-wilden Verführers und Abenteurera zu hören
755 1131 3756 1392 vermeinte.- Er sprach von der wunderbaren unbekannten, die Wochen
744 1301 3691 1574 lang mitihm als Offizier verkleidet herumgereist und eines Mor-
763 1502 3657 1753 gens dann plötzlich von seiner Seite verschwunden war; von der
770 1760 3604 1908 Tochter des adeligen Schuhflicker in Madrid, die ihn zwischen
2614 1844 2978 1961 wieder
1453 1878 1696 1992 here
785 1859 3718 2079 der einen und der andenen Umarmung immer zum frommen Katholiken
770 2117 3627 2269 hatte bekehren wollen; von der schönen yüdin La in Turin, die
914 2231 1248 2356 prächtiger
789 2261 3695 2489 purchcitger zu Pferde gesessen war als irgend eine pürstin; von
785 2458 3794 2606 der lieblich-unschuldigen Manon Balletti, der einzigen, die er bei-
774 2610 3752 2762 nahe geheiratet hätte, von jener schlechten Sängerin in Warschau,
785 2811 3790 2952 die er ausgepfiffe n,worauf er sich mit ihrem Geliebten, dem Kron-
778 2989 3566 3141 general Branitzky hatte duellieren und aus Warschau fliehen
793 3088 3786 3312 müssen; von der bösen Charpillon, die ihn in London so jämmerlich
778 3335 3627 3486 zum Narren gehalten; von einer nächtlichen Sturmfahrt, die ihm
785 3414 3725 3669 fast das Leben gekostet, durch die Lagunen nach Murano zu seiner
804 3596 3672 3877 angebeteten Nonne, von dem spieler Crooeder, nachdem er in Spa
808 3767 3771 3991 ein Vermögen verloren, auf der Landstrasse tränenvollen Abschied
804 3942 3851 4200 von ihm genommen, sich auf den Weg nach Petersburg gemacht hat-
804 4124 3642 4351 te- so wie er dagestan den war, in seidenen Strümpfen, in einem
804 4351 3710 4537 apfelgrünen Samtrock und ein Rohrstöckchen in der Hand. Er er-
816 4571 3763 4792 zählte von Schauspielerinnen, Sänger innen, Modistinnen Gräfinnen.
