4168 5288
2194 199 2494 403 1m.
3479 334 3679 545 61.
783 468 3786 740 rief der Marchese hohnlachend, der übrigens ein paar Dukaten zu-
809 679 3813 959 rückgewonnen hatte, das ist nicht übel! Der Leutenant wohnt näm-
802 886 3740 1113 lich bei mir!“wandts er sich zu den Andern.. Und meine Gattin
825 1059 3675 1312 ist voraus nach Hanse gefahren. Gute Unterhaltung, Lorenzit".
844 1235 3779 1469 „Sie wissen sehr gut“, erwiderte Lorenzi ohne eine Miene zu ver-
825 1408 3725 1623 ziehen, dass ich geradenwegs nach Mantua reite und nicht nach
832 1607 3740 1849 Ihrem Schloss, wo Sie so gütig waren, mir gestern unterkunft zu
825 1745 3890 2003 gewähren."- „Reiten Sie, wohin Sie wollen, zum Teufel meinetwegen!"
821 1972 3740 2160 Lorenzi empfahl sich von den Andern aufs Höflichste und ging.
852 2164 3882 2352 ohne dem Marchese eine gebührende Antwort zu erteilen, was Casano-
832 2298 3756 2513 va in Verwunderung setzte. Er legte weiter die Kanton auf und
832 2474 3760 2701 gewann, so dass der Marchase bald mit ein paar hundert Dukaten
855 2612 3675 2885 in seiner Schuld stand. Wozuf fragte sich Casanova anfangs.
848 2789 3771 3027 Allmählig aber nahm ihn der Reiz des Spiels doch wieder gefan-
863 2996 3878 3234 gen. Es geht nicht übel, dachte er... Nun sind es bald tausend...
863 3169 3921 3391 es können auch zweitausend werden. Der Marchese wird seine Schuld
852 3380 3821 3610 bezahlen. Mit einem kleinen Vermögen in Venedig Einzug halten,
859 3552 3894 3775 das wäre so übel nicht. Doch warum nach Venedig? Man wird wieder
863 3675 3894 3948 reich, man wird wieder jung. Reichtum ist alles. Nun werd ich sie
859 3913 3790 4132 mir doch wenigstens wieder kaufen können. Wen? Ich will keine
855 4047 3771 4297 Andere... Nackt steht sie am Fenster - ganz gewiss...wartet am
863 4231 3940 4504 Ende... ahnt, dass ich kommen werde... Steht am Penster, um mich toll
855 4427 3790 4676 zu machen. Und ich bin da. Indess teilte er weiter die Karten
