<?xml version="1.0" encoding="UTF-8" standalone="yes"?>
<PcGts xmlns="http://schema.primaresearch.org/PAGE/gts/pagecontent/2013-07-15" xmlns:xsi="http://www.w3.org/2001/XMLSchema-instance" xsi:schemaLocation="http://schema.primaresearch.org/PAGE/gts/pagecontent/2013-07-15 http://schema.primaresearch.org/PAGE/gts/pagecontent/2013-07-15/pagecontent.xsd">
    <Metadata>
        <Creator>prov=READ-COOP:name=TrHtr:version=2.1.0:model_id=51170:date=14_08_2023_14:32</Creator>
        <Created>2023-05-10T14:09:24.725+02:00</Created>
        <LastChange>2023-08-14T14:32:33.593+02:00</LastChange>
        <TranskribusMetadata docId="1428605" pageId="55417271" pageNr="99" tsid="132808650" status="IN_PROGRESS" userId="64420" imgUrl="https://files.transkribus.eu/Get?id=MQIVQTHEOCBXTESAHSSNDZUI&amp;fileType=view" xmlUrl="https://files.transkribus.eu/Get?id=OOWQXXCJHWYVVTONFWYOUXOA" imageId="44691375"/>
    </Metadata>
    <Page imageFilename="1428605_0099.jpg" imageWidth="4232" imageHeight="5320">
        <ReadingOrder>
            <OrderedGroup id="ro_1711788512486" caption="Regions reading order">
                <RegionRefIndexed index="0" regionRef="tr_2"/>
                <RegionRefIndexed index="1" regionRef="tr_1"/>
            </OrderedGroup>
        </ReadingOrder>
        <TextRegion id="tr_2" custom="readingOrder {index:0;}">
            <Coords points="782,308 3737,308 3737,1992 782,1992"/>
            <TextLine id="tr_2_tl_1" custom="readingOrder {index:0;}">
                <Coords points="1490,440 1524,433 1551,452 1578,440 1597,456 1655,425 1670,444 1693,444 1712,467 1758,483 1777,253 1750,249 1712,214 1605,268 1559,237 1505,237"/>
                <Baseline points="1516,382 1600,370 1689,364 1779,358"/>
                <TextEquiv>
                    <Unicode>V.J.</Unicode>
                </TextEquiv>
            </TextLine>
            <TextLine id="tr_2_tl_2" custom="readingOrder {index:1;}">
                <Coords points="2467,421 2509,421 2532,440 2574,394 2581,402 2601,402 2620,383 2643,383 2635,237 2581,234 2570,245 2524,211 2512,218 2486,211 2459,222"/>
                <Baseline points="2489,370 2579,376 2651,376"/>
                <TextEquiv>
                    <Unicode>: 1: 1</Unicode>
                </TextEquiv>
            </TextLine>
            <TextLine id="tr_2_tl_3" custom="readingOrder {index:2;}">
                <Coords points="762,751 3654,712 3692,490 762,678"/>
                <Baseline points="782,746 829,746 919,746 1009,740 1098,734 1188,734 1277,728 1367,728 1456,722 1546,722 1636,716 1725,716 1815,710 1904,710 1994,704 2083,704 2173,698 2262,698 2352,692 2442,686 2531,680 2621,680 2710,674 2800,674 2889,668 2979,668 3069,662 3158,656 3248,656 3337,650 3427,650 3516,650 3606,644 3695,638"/>
                <TextEquiv>
                    <Unicode>erwähnen darf, als einundachtzigjähriger Greis nach aller mensch-</Unicode>
                </TextEquiv>
            </TextLine>
            <TextLine id="tr_2_tl_4" custom="readingOrder {index:3;}">
                <Coords points="777,946 3382,885 3658,762 3462,689 2888,797 781,820"/>
                <Baseline points="800,925 889,925 979,919 1068,913 1158,913 1247,913 1337,907 1427,901 1516,901 1606,901 1695,895 1785,895 1874,889 1964,889 2053,883 2143,883 2233,877 2322,877 2412,871 2501,865 2591,859 2680,859 2770,853 2860,847 2949,847 3039,847 3128,841 3218,841 3307,835 3397,835 3486,829 3576,823 3666,818"/>
                <TextEquiv>
                    <Unicode>licher Berechnung auf die Freude verzichten müsste, Sie jemals</Unicode>
                </TextEquiv>
            </TextLine>
            <TextLine id="tr_2_tl_5" custom="readingOrder {index:4;}">
                <Coords points="762,1134 3554,1057 3658,1046 3661,908 766,1038"/>
                <Baseline points="782,1098 800,1098 889,1104 979,1098 1068,1092 1158,1092 1247,1086 1337,1080 1427,1080 1516,1080 1606,1074 1695,1068 1785,1068 1874,1062 1964,1062 2053,1056 2143,1056 2233,1050 2322,1050 2412,1044 2501,1044 2591,1038 2680,1032 2770,1032 2860,1032 2949,1026 3039,1026 3128,1021 3218,1021 3307,1015 3397,1009 3486,1009 3576,1003 3666,997"/>
                <TextEquiv>
                    <Unicode>in meinem Leben wiederzusehen. Da Ihre Anstellung aus begreif-</Unicode>
                </TextEquiv>
            </TextLine>
            <TextLine id="tr_2_tl_6" custom="readingOrder {index:5;}">
                <Coords points="758,1306 3608,1260 3665,1076 762,1214"/>
                <Baseline points="782,1277 806,1277 895,1271 985,1271 1074,1265 1164,1265 1253,1259 1343,1259 1432,1253 1522,1253 1612,1247 1701,1247 1791,1241 1880,1241 1970,1235 2059,1229 2149,1229 2239,1224 2328,1224 2418,1224 2507,1218 2597,1212 2686,1212 2776,1206 2865,1206 2955,1200 3045,1200 3134,1200 3224,1194 3313,1188 3403,1188 3492,1182 3582,1176 3672,1170"/>
                <TextEquiv>
                    <Unicode>lichen Gründen nicht so sehr einen öffentlichen als einen ver-</Unicode>
                </TextEquiv>
            </TextLine>
            <TextLine id="tr_2_tl_7" custom="readingOrder {index:6;}">
                <Coords points="774,1498 3183,1375 3336,1444 3573,1417 3577,1295 777,1367"/>
                <Baseline points="794,1456 806,1456 895,1450 985,1450 1074,1450 1164,1444 1253,1438 1343,1438 1432,1438 1522,1427 1612,1427 1701,1421 1791,1421 1880,1421 1970,1415 2059,1415 2149,1415 2239,1409 2328,1409 2418,1403 2507,1397 2597,1391 2686,1391 2776,1391 2865,1385 2955,1379 3045,1379 3134,1373 3224,1373 3313,1367 3403,1367 3492,1361 3582,1367"/>
                <TextEquiv>
                    <Unicode>traulichen Charakter tragen soll, bitte ich Sie Ihre Antwort,</Unicode>
                </TextEquiv>
            </TextLine>
            <TextLine id="tr_2_tl_8" custom="readingOrder {index:7;}">
                <Coords points="785,1670 3619,1589 3627,1406 789,1566"/>
                <Baseline points="806,1624 853,1624 943,1624 1032,1618 1122,1612 1212,1612 1301,1612 1391,1606 1480,1606 1570,1600 1659,1600 1749,1594 1839,1588 1928,1588 2018,1588 2107,1582 2197,1582 2286,1576 2376,1576 2465,1570 2555,1570 2645,1570 2734,1564 2824,1558 2913,1558 3003,1552 3092,1546 3182,1546 3272,1546 3361,1540 3451,1540 3540,1540 3630,1540"/>
                <TextEquiv>
                    <Unicode>die ich mich anheischig mache dem hohen Rate in der nächsten,</Unicode>
                </TextEquiv>
            </TextLine>
            <TextLine id="tr_2_tl_9" custom="readingOrder {index:8;}">
                <Coords points="770,1881 3041,1735 3727,1785 3730,1624 777,1716"/>
                <Baseline points="794,1797 871,1803 961,1797 1050,1797 1140,1791 1229,1791 1319,1785 1409,1785 1498,1779 1588,1779 1677,1773 1767,1773 1856,1773 1946,1767 2036,1761 2125,1761 2215,1755 2304,1749 2394,1749 2483,1749 2573,1743 2662,1743 2752,1743 2842,1737 2931,1731 3021,1725 3110,1725 3200,1719 3289,1719 3379,1719 3469,1713 3558,1713 3648,1707 3737,1701"/>
                <TextEquiv>
                    <Unicode>heute über acht Tage stattfindenden Sitzung mitzuteilen, an mich</Unicode>
                </TextEquiv>
            </TextLine>
            <TextLine id="tr_2_tl_10" custom="readingOrder {index:9;}">
                <Coords points="793,2030 3669,1930 3715,1762 797,1900"/>
                <Baseline points="812,1982 853,1976 943,1976 1032,1970 1122,1970 1212,1964 1301,1958 1391,1952 1480,1952 1570,1952 1659,1946 1749,1946 1839,1940 1928,1940 2018,1934 2107,1934 2197,1928 2286,1928 2376,1922 2465,1922 2555,1916 2645,1916 2734,1910 2824,1910 2913,1904 3003,1904 3092,1898 3182,1892 3272,1892 3361,1892 3451,1886 3540,1880 3630,1874 3719,1874"/>
                <TextEquiv>
                    <Unicode>persönlich zu adressieren; und zwar mit möglichster Beschleuni-</Unicode>
                </TextEquiv>
            </TextLine>
        </TextRegion>
        <TextRegion id="tr_1" custom="readingOrder {index:1;}">
            <Coords points="782,1997 3946,1997 3946,4631 782,4631"/>
            <TextLine id="tr_1_tl_1" custom="readingOrder {index:0;}">
                <Coords points="797,2195 3773,2129 3830,1957 800,2068"/>
                <Baseline points="818,2167 877,2161 967,2149 1056,2149 1146,2143 1235,2143 1325,2137 1415,2131 1504,2131 1594,2131 1683,2125 1773,2119 1862,2119 1952,2113 2042,2113 2131,2107 2221,2101 2310,2101 2400,2095 2489,2095 2579,2095 2668,2089 2758,2089 2848,2083 2937,2083 3027,2077 3116,2071 3206,2071 3295,2065 3385,2065 3475,2059 3564,2053 3654,2053 3743,2047 3833,2047"/>
                <TextEquiv>
                    <Unicode>gung, da, wie ich schon oben andeutete, täglich Gesuche von zum Teil</Unicode>
                </TextEquiv>
            </TextLine>
            <TextLine id="tr_1_tl_2" custom="readingOrder {index:1;}">
                <Coords points="793,2352 3543,2306 3604,2187 797,2237"/>
                <Baseline points="812,2322 835,2322 925,2322 1015,2316 1104,2316 1194,2310 1283,2304 1373,2304 1462,2298 1552,2298 1641,2298 1731,2292 1821,2286 1910,2280 2000,2280 2089,2280 2179,2274 2268,2274 2358,2274 2448,2268 2537,2262 2627,2262 2716,2262 2806,2256 2895,2250 2985,2250 3074,2245 3164,2239 3254,2239 3343,2233 3433,2233 3522,2233 3612,2233"/>
                <TextEquiv>
                    <Unicode>höchet vertrauenswürdigen Personen an uns gelangen, die sich,</Unicode>
                </TextEquiv>
            </TextLine>
            <TextLine id="tr_1_tl_3" custom="readingOrder {index:2;}">
                <Coords points="758,2555 3681,2455 3684,2283 1122,2444 766,2367"/>
                <Baseline points="782,2513 823,2495 913,2495 1003,2489 1092,2489 1182,2489 1271,2483 1361,2477 1450,2471 1540,2465 1630,2465 1719,2465 1809,2459 1898,2459 1988,2454 2077,2454 2167,2448 2256,2448 2346,2442 2436,2442 2525,2436 2615,2430 2704,2430 2794,2424 2883,2424 2973,2424 3063,2418 3152,2418 3242,2406 3331,2406 3421,2406 3510,2406 3600,2406 3689,2412"/>
                <TextEquiv>
                    <Unicode>sogar ohne auf einen regelmässigen Gehalt Anspruch zu machen,</Unicode>
                </TextEquiv>
            </TextLine>
            <TextLine id="tr_1_tl_4" custom="readingOrder {index:3;}">
                <Coords points="797,2708 3160,2662 3715,2616 3719,2516 800,2612"/>
                <Baseline points="823,2668 859,2668 949,2668 1038,2668 1128,2662 1218,2657 1307,2657 1397,2651 1486,2645 1576,2645 1665,2645 1755,2639 1844,2633 1934,2633 2024,2633 2113,2627 2203,2621 2292,2621 2382,2615 2471,2609 2561,2609 2651,2603 2740,2603 2830,2597 2919,2597 3009,2591 3098,2591 3188,2585 3277,2579 3367,2579 3457,2573 3546,2573 3636,2573 3725,2579"/>
                <TextEquiv>
                    <Unicode>dem hohen Rat aus Liebe zum Vaterland freiwillig zur Verfügung</Unicode>
                </TextEquiv>
            </TextLine>
            <TextLine id="tr_1_tl_5" custom="readingOrder {index:4;}">
                <Coords points="823,2899 1620,2834 2003,2926 2256,2819 3504,2765 3761,2834 3841,2589 3282,2712 827,2777"/>
                <Baseline points="847,2848 883,2848 973,2842 1062,2842 1152,2836 1241,2830 1331,2830 1421,2824 1510,2824 1600,2818 1689,2818 1779,2812 1868,2806 1958,2806 2047,2800 2137,2800 2227,2794 2316,2788 2406,2788 2495,2782 2585,2782 2674,2776 2764,2776 2854,2776 2943,2770 3033,2770 3122,2764 3212,2758 3301,2752 3391,2752 3480,2752 3570,2746 3660,2746 3749,2740 3839,2740"/>
                <TextEquiv>
                    <Unicode>stellen. Freilich gibt eskaum einen unter diesen, der es an Erfah-</Unicode>
                </TextEquiv>
            </TextLine>
            <TextLine id="tr_1_tl_6" custom="readingOrder {index:5;}">
                <Coords points="823,3095 3642,3003 3646,2850 831,2941"/>
                <Baseline points="847,3015 877,3015 967,3015 1056,3015 1146,3015 1235,3009 1325,3003 1415,3003 1504,2997 1594,2991 1683,2991 1773,2991 1862,2985 1952,2985 2042,2979 2131,2979 2221,2973 2310,2967 2400,2967 2489,2967 2579,2961 2668,2955 2758,2955 2848,2949 2937,2949 3027,2943 3116,2943 3206,2937 3295,2931 3385,2931 3475,2925 3564,2925 3654,2925"/>
                <TextEquiv>
                    <Unicode>rung und Geist mit Ihnen, xxx mein lieber Casanova, aufzunehmen</Unicode>
                </TextEquiv>
            </TextLine>
            <TextLine id="tr_1_tl_7" custom="readingOrder {index:6;}">
                <Coords points="831,3198 3681,3194 3727,3003 831,3114"/>
                <Baseline points="853,3194 865,3194 955,3194 1044,3188 1134,3188 1224,3182 1313,3182 1403,3176 1492,3176 1582,3170 1671,3170 1761,3164 1850,3164 1940,3158 2030,3158 2119,3152 2209,3152 2298,3146 2388,3140 2477,3140 2567,3140 2657,3134 2746,3134 2836,3128 2925,3122 3015,3122 3104,3116 3194,3116 3283,3110 3373,3110 3463,3104 3552,3098 3642,3098 3731,3092"/>
                <TextEquiv>
                    <Unicode>imstande wäre; und wenn sie zu alldem noch meine Sympathie für</Unicode>
                </TextEquiv>
            </TextLine>
            <TextLine id="tr_1_tl_8" custom="readingOrder {index:7;}">
                <Coords points="839,3436 3623,3344 3684,3194 843,3286"/>
                <Baseline points="859,3379 913,3379 1003,3373 1092,3367 1182,3367 1271,3361 1361,3361 1450,3355 1540,3355 1630,3355 1719,3349 1809,3343 1898,3337 1988,3337 2077,3337 2167,3331 2256,3331 2346,3331 2436,3325 2525,3319 2615,3319 2704,3313 2794,3313 2883,3307 2973,3301 3063,3295 3152,3295 3242,3295 3331,3289 3421,3283 3510,3283 3600,3277 3689,3277"/>
                <TextEquiv>
                    <Unicode>Sie ein wenig in Betracht ziehen, so kann ich kaum daran zwei-</Unicode>
                </TextEquiv>
            </TextLine>
            <TextLine id="tr_1_tl_9" custom="readingOrder {index:8;}">
                <Coords points="2631,3455 2815,3409 2922,3428 2964,3405 2991,3436 3060,3393 3370,3401 3378,3305 3102,3344 2941,3324 2861,3363 2765,3317 2639,3344"/>
                <Baseline points="2657,3403 2668,3403 2758,3397 2848,3397 2937,3391 3027,3379 3116,3379 3206,3373 3295,3373 3385,3367"/>
                <TextEquiv>
                    <Unicode>und wohlgeneigter</Unicode>
                </TextEquiv>
            </TextLine>
            <TextLine id="tr_1_tl_10" custom="readingOrder {index:9;}">
                <Coords points="839,3589 2666,3577 3654,3493 3658,3401 843,3478"/>
                <Baseline points="859,3552 883,3552 973,3552 1062,3546 1152,3540 1241,3540 1331,3540 1421,3534 1510,3534 1600,3528 1689,3528 1779,3522 1868,3516 1958,3516 2047,3510 2137,3510 2227,3510 2316,3504 2406,3504 2495,3498 2585,3498 2674,3492 2764,3492 2854,3486 2943,3480 3033,3480 3122,3475 3212,3475 3301,3469 3391,3469 3480,3469 3570,3463 3660,3463"/>
                <TextEquiv>
                    <Unicode>fin, dass Sie dem Rufe, der von so hoher stelle an Sie ergeht,</Unicode>
                </TextEquiv>
            </TextLine>
            <TextLine id="tr_1_tl_11" custom="readingOrder {index:10;}">
                <Coords points="831,3746 3619,3704 3734,3692 3738,3585 2746,3516 2179,3638 835,3658"/>
                <Baseline points="853,3731 877,3731 967,3731 1056,3725 1146,3719 1235,3719 1325,3713 1415,3713 1504,3713 1594,3707 1683,3707 1773,3707 1862,3701 1952,3695 2042,3689 2131,3689 2221,3689 2310,3683 2400,3678 2489,3678 2579,3672 2668,3672 2758,3672 2848,3666 2937,3660 3027,3660 3116,3660 3206,3654 3295,3648 3385,3648 3475,3642 3564,3642 3654,3636 3743,3630"/>
                <TextEquiv>
                    <Unicode>freudig Folge leisten werden. Bis dahin bin ich in unveränder-</Unicode>
                </TextEquiv>
            </TextLine>
            <TextLine id="tr_1_tl_12" custom="readingOrder {index:11;}">
                <Coords points="850,3930 2581,3857 2800,3918 3075,3872 3079,3769 2401,3799 2271,3719 2022,3799 1919,3730 1398,3845 854,3845"/>
                <Baseline points="871,3916 937,3910 1026,3904 1116,3904 1206,3898 1295,3898 1385,3898 1474,3892 1564,3887 1653,3887 1743,3881 1833,3881 1922,3881 2012,3875 2101,3875 2191,3869 2280,3863 2370,3863 2459,3857 2549,3857 2639,3851 2728,3851 2818,3851 2907,3845 2997,3839 3086,3839"/>
                <TextEquiv>
                    <Unicode>licher Freundschaft Ihr anhängl icher Bragadino.</Unicode>
                </TextEquiv>
            </TextLine>
            <TextLine id="tr_1_tl_13" custom="readingOrder {index:12;}">
                <Coords points="827,4144 3757,4060 3811,3933 835,3968"/>
                <Baseline points="853,4078 859,4078 949,4084 1038,4078 1128,4078 1218,4078 1307,4072 1397,4072 1486,4072 1576,4066 1665,4066 1755,4060 1844,4060 1934,4060 2024,4054 2113,4048 2203,4048 2292,4042 2382,4042 2471,4036 2561,4030 2651,4030 2740,4030 2830,4024 2919,4024 3009,4018 3098,4012 3188,4012 3277,4006 3367,4006 3457,4006 3546,4000 3636,3994 3725,3994 3815,3988"/>
                <TextEquiv>
                    <Unicode>Nachschrift. Es wird mir angenehm sein Ihnen sofort mach Ankün-</Unicode>
                </TextEquiv>
            </TextLine>
            <TextLine id="tr_1_tl_14" custom="readingOrder {index:13;}">
                <Coords points="862,4274 3761,4247 3933,4213 3937,4071 866,4140"/>
                <Baseline points="883,4269 901,4263 991,4263 1080,4263 1170,4257 1259,4257 1349,4257 1438,4251 1528,4245 1618,4245 1707,4239 1797,4239 1886,4233 1976,4227 2065,4227 2155,4227 2245,4221 2334,4215 2424,4215 2513,4209 2603,4209 2692,4209 2782,4203 2871,4203 2961,4197 3051,4197 3140,4191 3230,4191 3319,4185 3409,4185 3498,4185 3588,4179 3678,4179 3767,4173 3857,4167 3946,4161"/>
                <TextEquiv>
                    <Unicode>digung Ihres Entschlusses einen Wechsel im Betrage von zweihundert</Unicode>
                </TextEquiv>
            </TextLine>
            <TextLine id="tr_1_tl_15" custom="readingOrder {index:14;}">
                <Coords points="2290,4309 2325,4324 2348,4313 2363,4328 2520,4309 2570,4324 2670,4316 2673,4221 2551,4228 2470,4263 2409,4236 2386,4240 2367,4221 2294,4251"/>
                <Baseline points="2310,4304 2316,4304 2406,4304 2495,4304 2585,4298 2674,4298"/>
                <TextEquiv>
                    <Unicode>Mautua.</Unicode>
                </TextEquiv>
            </TextLine>
            <TextLine id="tr_1_tl_16" custom="readingOrder {index:15;}">
                <Coords points="850,4470 3658,4416 3661,4278 854,4336"/>
                <Baseline points="871,4442 895,4442 985,4442 1074,4436 1164,4436 1253,4430 1343,4424 1432,4424 1522,4424 1612,4418 1701,4412 1791,4412 1880,4406 1970,4406 2059,4400 2149,4400 2239,4394 2328,4394 2418,4394 2507,4388 2597,4382 2686,4382 2776,4376 2865,4376 2955,4370 3045,4370 3134,4370 3224,4364 3313,4364 3403,4358 3492,4358 3582,4352 3672,4346"/>
                <TextEquiv>
                    <Unicode>Lire auf das Bankhaus Valori in Meiland zur Bestreitung der</Unicode>
                </TextEquiv>
            </TextLine>
            <TextLine id="tr_1_tl_17" custom="readingOrder {index:16;}">
                <Coords points="854,4650 1589,4615 1766,4711 2474,4719 2620,4661 2624,4477 1681,4535 1375,4447 1046,4550 858,4519"/>
                <Baseline points="877,4621 931,4621 1021,4615 1110,4615 1200,4615 1289,4609 1379,4609 1468,4603 1558,4603 1647,4597 1737,4591 1827,4585 1916,4585 2006,4579 2095,4579 2185,4573 2274,4573 2364,4567 2454,4567 2543,4567 2633,4567"/>
                <TextEquiv>
                    <Unicode>Reisekosten auszustellen. Der Obige."</Unicode>
                </TextEquiv>
            </TextLine>
        </TextRegion>
    </Page>
</PcGts>
