4184 5272
3352 271 3548 535 114
724 645 3680 848 gentlich niemals besass. Ich weiss es, Lorenzi,“ setzte er rasch
724 814 3702 1056 hinzu, als sei er einer Entgegnung gewärtig und wollte ihr zuvor-
724 1022 3672 1199 kommen. Sie haben gar keine Vorurteile, so wenig als ich sie ha-
724 1188 3589 1384 be oder jemals hatte; und was ich von ihnen zu verlangen wil-
739 1357 3653 1527 lens bin, ist nichts anderes, als was ich selbst an Ihrer Stelle
739 1534 3698 1715 unter den gleichen umständen zu erfüllen mich keinen Augenblick
735 1689 3713 1881 besonnen hätte,- wie ich mich auch tatsächlich nie gescheut habe,
743 1908 3544 2100 wenn es das Schicksal oder auch nur meine Laune so forderte,
754 2070 3729 2273 eine Schurkerei zu begehen oder vielmehr das, was die Narren die-
739 2202 3615 2398 ser Erde so zu nennen pflegen. Dafür war ich aber auch, gleich
750 2409 3691 2605 Ihnen, Lorenzi, in jeder Stunde bereit mein Leben für weniger als
750 2590 3559 2748 nichts aufs Spiel zu setzen und das macht alles wieder wett.
750 2745 3661 2967 Ich bin es auch jetzt - für den Fall, dass Ihnen mein Vorschlag
743 2933 3676 3144 nicht gefiele. Wir sind aus gleichem Stoff gemacht, Lorenzi, Brü-
750 3110 3529 3295 der im Geiste, und so dürfen sich unsere Seelen ohne falsche
754 3291 3680 3502 Scham, stolz und naokt, gegenüberstehen. Hier sind meine zweitau¬
750 3491 3559 3649 send Dukaten - vielmehr die Ihren - wenn sie es ermöglichen,
769 3642 3619 3834 dass ich die heutige Nacht an Ihrer Stelle mit Marcolina ver-
762 3804 3702 4019 bringe. Wir wollen nicht stehen bleiben, Lorenzi, wir vollen wei-
750 4008 1482 4211 ter spazieren.
1221 4128 3721 4354 Sie gingen inden Feldern, unter den niedrigen Obstbäu-
762 4313 3796 4520 men, zwischen denen die Rebenranken beerenbeladen sich hin schlan-
754 4532 3680 4735 gen; und Casanova sprach ohne Pause weiter. „Antworten Sie mir
