4232 5336
3372 334 3556 598 28
691 552 3541 882 lieber ein wenig ruhn oder sich im Schatten ergehen wollen?
2302 786 2494 909 G.C.F.P.
706 855 3710 1017 Und aus ihren Augen schimmerte zu Casanova ein schüchternes Fle-
694 1047 3660 1193 hen hin, als müsste während eines solchen Lustwandelns draussen
714 1197 3629 1354 im Garten ihr Schicksal sich zum zweiten Mal entscheiden.- Nie-
2540 1327 2701 1427 G.F.P.
702 1331 3606 1573 mand hatte gegen Amaliens Vorschlag etwas einzuwenden, und man
714 1565 3763 1757 begab sich ins Freie. Marcolina, den Andern voraus, lief im Sonnen-
721 1699 3629 1937 schein über die Wiese zu den Kindern, die dort mit Federbällen
1546 1868 1815 1976 l'a eut e
725 1922 3602 2110 spielten und nahm sofort am Spiele teil. Sie war kaum grösser
733 2072 3725 2294 als das älteste der drei Mädchen und wie ihr nun das freigelock-
737 2256 3602 2467 te Haar um die Schultern flatterte, sah sie selber einem kinde
717 2451 3618 2655 gleich. Olivo und der Abbate liessen sich in der Allee, in der
725 2636 3737 2858 Nähe des Hauses, auf einer steinernen Bank nieder. Amalia wandel-
740 2804 3706 3027 te an Casanovas Seite weiter. Als sie von den Andern nicht mehr
721 2996 3625 3203 gehört werden konnte, begann sie im Tonfall von einst, als wäre
1308 3111 1792 3238 pis Casauray
737 3130 2931 3384 ihre Stimme niemals in einem andern erklungen:
1220 3276 3648 3479 „So bist du wieder da, Casanova! Wie hab' ich diesen
729 3449 3648 3694 Tag ersehnt. Dass er einmal kommen würde, hab' ich gewusst.“ -
3295 3572 3664 3702 G:H:D: nach:
748 3687 3737 3867 „Es ist ein zufall, dass ich da bin“, sagte Casanova kalt. Amalia
748 3783 3656 4051 lächelte nur. „Nenn es wie du willst. Du bist da! Ich habe in
3387 3936 3664 4063 ernden
1983 3982 2156 4093 e V. A.
740 3997 3829 4197 diesen sechzehn Jahren von nichts anderem geträumt als von diesem
748 4143 3729 4369 Tag!“- „Be ist anzunehmen“, entgegnete Casanova,.dass du im Lau-
3000 4300 3391 4431 n Stuhl
2313 4320 2720 4446 erde. Ueber
1024 4339 1868 4477 chende des Bettes an
752 4400 3702 4607 fe dieser Zeit von mancherlei anderem geträumt und - nicht nur
1792 4504 2313 4642 ###leierartige
1208 4531 1634 4653 h lichtsa.
756 4588 3698 4822 geträumt hast." Amalia schüttelte den Kopf..Du weisst, dass es
2164 4692 2543 4822 kte. Und
825 4726 1201 4930 fragte.
