4152 5256
737 616 3634 855 pen, schenkte sich ein Glas Wein ein aus einer Flasche, die auf
749 851 3809 1038 dem Tisch stand; es schmeckte lau und sümlich. Angewidert wandte
741 1042 3623 1205 er den Kopf nach der Seite; von der Vand, aus dem Spiegel über
737 1175 3710 1365 der Kommode, starrte ihm ein bleiches altes Gesicht entgegen mit
749 1342 3657 1551 wirrem über die Stirne fliessenden Haar. In selbstquälerischer
741 1540 3630 1730 Lust liess er seine Mundwinkel noch schlaffer herabsinken, als
1429 1650 2041 1775 abguetinante
760 1714 3573 1893 gükte es eine klägliche Rolle auf dem Theater durchzuführen,
749 1878 3657 2072 fuhr sich ins Haar, dass die Strähne noch ungeordneter fielen,
756 2026 3615 2239 streckte seinem Spiegelbild die Zunge heraus, krächzte mit ab-
772 2205 3775 2429 sichtlich heiserer Stimme eine Reihe alberner Schimpfworte gegen
768 2437 3790 2611 sich selbst und blies endlich, wie ein ungezogenen Kind die Blät-
779 2608 3687 2783 ter seines Manuscriptes vom Tisch herunter. Dann begann er von
772 2733 3759 2976 neuem Marcolina zu beschimpfen, und nachdem er sie mit den unflü-
783 2916 3805 3121 tigsten Worten bedacht, zischte er zwischen den Zähnen: Denkst du,
772 3144 3752 3318 die Freude währt lang? Du wirst fett und runzlig und alt werden
768 3318 3672 3497 wie die andern Weiber, die mit mir zugleich jung gewesen sind.-
768 3463 3638 3668 ein altes Weib mit schlaffen Brüsten, mit trocknemgrauen Haar,
772 3657 3543 3828 zahnlos und von üblem Duft... und endlich wirst du sterben!
768 3809 3805 4037 Auch jung kannst du sterben! Und wirst verwesen! Und Speise sein
768 3984 3600 4238 für Würmer.- Um eine letzte Rache an ihr zu nehmen,versuchte
787 4162 3657 4375 er sich sie als Tote vorzustellen. Er sah sie weise gekleidet
779 4352 3668 4565 im offenen Sarge liegen, doch war er unfähig sich irgendwelche
787 4531 3714 4733 Zeichen der Zerstörung an ihr zu denken; sondern ihre wahrhaft
