4184 5288
3360 234 3554 539 se
646 472 3539 745 der Bäume hinzuziehen suchte. Dort drängte sie sich heftig an
646 670 3594 951 ihn, Lorenzi aber riss sich ungebärdig von ihr los und eilte den
892 721 1216 844 Abbate
654 828 3689 1106 Hause zu. Er traf am Eingang mit Casanova zusammen und, mit einer
733 911 1157 1042 che sätz
654 1022 3539 1296 Art von spöttischer Höflichkeit liess er ihm den Vortritt, was
725 1078 1058 1209 nicht
2267 1169 3606 1391 und Casanova und gleich darauf xxx
737 1260 1113 1379 blickte
666 1244 1910 1470 Casanova ohne Dank annahm.
1129 1320 3546 1621 Der Marchese legte die erste Bank. Olivo, die Brüder
1434 1419 1664 1530 "F.H.P.
666 1561 3562 1827 Ricardi und der Abbate setzten so geringe Münzen ein, dass das
1541 1577 1874 1712 d'aram, de
777 1601 1284 1732 an, als Ihge
682 1704 3590 1981 ganze Spiel auf Casanova - auch heute, da sein ganzes Vermögen
678 1862 3863 2156 nur in ein paar Dukaten bestand - wie ein Spaas wirkte. Es erschien
1189 1965 1351 2076 G.H.F.P.
789 1965 1042 2080 J e de
705 2080 3737 2338 ihm umso lächerlicher, als der Marchese mit einer so grossartigen
773 2136 1098 2267 dete, un
717 2207 3760 2532 Miene das Geld einstrich und auszahlte, als wenn es um hohe Sum-
963 2314 1466 2425 Wacht hina
701 2405 3646 2718 men ginge. Plötzlich warf Lorenzi, der sich bisher nicht betei-
717 2584 3626 2865 ligt hatte, einen Dukaten hin, gewann, liess den so verdoppelten
725 2817 3598 3031 Einsatz stehen, gewann ein zweites und drittes Mal und so mit
725 2972 3764 3214 geringen Unterbrechungen immer weiter. Die andern Herren setzten
737 3130 3772 3404 indess ihre kleinen Minzen wie zuvor und inabesondere die beiden
1046 3202 1201 3309 e de
741 3325 3848 3558 Ricardi zeigten sich höchst ungehalten, wenn der Marchese sie nicht
741 3515 3701 3737 mit der gleichen Rücksichtnahme zu behandeln schien, wie den
749 3681 3749 3903 Leutenant Lorenzi. Die Brüderspielten gemeinsam auf das gleiche
761 3725 1137 3844 nicht.
789 3891 1997 4030 te, sie auf einen Satz zu '
765 3840 3539 4097 Blatt; dem einen, älteren, der die Karten empfing, perlte der
757 4022 3729 4272 Schweise von der stirn, der andere, hinter ihm stehend, redete un-
796 4073 1530 4192 sein, ein glückv.
785 4232 1787 4383 wofür, ob für seine be-
769 4196 3752 4466 ablässig auf ihn ein wie mit wichtigen unfehlbaren Ratschlägen.
785 4394 3745 4624 Vonn er den schweigsamen Bruder einziehen sah, keuchteten seine
789 4414 1862 4537 bevorstehenden Anblick
789 4573 3832 4894 Augen, im andern Falle richteten sie sich verzweifelt gen Himmel.
856 4593 1637 4743 ich entschieden. O
