4296 5304
916 429 3793 709 Geschärten zu verlassen. Was hatte er auch in Olivos Haus zu
927 647 3889 904 suchen? Sechzehn Jahre waren eine lange Zeit! Amalia war indem
900 874 3923 1073 gewiss nicht junger und schöner geworden; bei dem dreizehnjähri-
912 1038 3881 1241 gen Töchterlein würde er in seinen Jahren kaum sonderlichen An-
927 1176 3839 1402 wert finden; und Herrn Olivo selbst, der damals ein magrer, der
923 1402 3931 1590 Studien beflissener Jüngling gewesen war, als bäurisch behäbigen
923 1536 3797 1785 Hausvater in ländlicher Umgebung zu bewundern, das lookte ihn
927 1770 3904 1939 nicht genug, als dass er darum eine Reise hätte aufschieben sol-
1866 1919 2103 2050 wieder
923 1908 3866 2130 len, die ihn Venedig um zehn oder zwanzig Meilen näher brachte.
923 2088 3866 2314 Olivo aber, der nicht gesonnen schien, Casanovas Veigerung ohne-
939 2272 3870 2490 weiters hinzunehmen, bestand darauf, ihn vorerst einmal im Vagen
939 2452 3835 2655 nach dem Gasthof zu bringen, was ihm Casanova füglich nicht ab-
935 2598 3923 2831 schlagen konnte. Er nahm neben Ihm Platz und wenige Minuten da-
931 2804 3900 3011 rauf waren sie am Ziel. Die Wirtin, eine stattliche Frau in der
958 2969 3931 3184 Mitte der Dreissig, begrüsste in der Einfahrt Casanova mit einem
1398 3176 1609 3299 in
927 3165 3839 3372 Blick, der das zwischen ihnen bestehende zärtliche Verhältnis
950 3360 3900 3559 auch für Olivo ohne weiteres ersichtlich machen musste. Diesem
946 3506 3981 3739 aber reichte sie die Hand als einem guten Bekannten, von dem sie-
946 3689 3881 3923 wie sie Casanova gegenüber gleich bemerkte - eine gewisse, auf
939 3870 4007 4115 seinem Gut wachsende, sehr preiswürdige, süsselich-herbe Weinsorte.
2881 4030 3969 4264 beklagte vich rohst bei
3808 4122 3988 4245 eto
939 4073 3134 4272 regelmässig zu beziehen pflegte. Olivo xxx
935 4203 4019 4444 klagen, dass der Chevalier von Seingalt (denn so hatte die Virtin
2563 4398 2965 4536 te nicht
2804 4398 3996 4613 dig sich gleichfalls diesen
939 4421 2720 4647 Casanova begrüet, und Olivo hätte es
