4200 5320
1173 253 1508 513 :1:1
2689 241 3051 502 :
3443 268 3752 520 110
800 528 3828 796 sehr gross. Beide Steine stammen aus einem Schmuck, den ich selbst
811 705 3749 981 einmal meiner Frau geschenkt habe. Und da ich doch nicht anneh-
811 909 3775 1150 men kann, dass die Marchesa diese reine für den Leutenant Loren-
822 1075 3715 1248 zi zu Ringen hat fassen lassen, so können sie,-so kann offenbar
815 1263 3677 1410 der ganze Schmuck nur gestohlen sein. Also - das Pfand genügt
826 1350 3666 1595 mir, Herr Leutenant, bis auf Weiteres".-  „Lorenzi!“ rief Olivo,
833 1531 3749 1761 von uns allen haben Sie das Wort, dass keine Seele jemals erfah-
822 1693 3726 1954 ren wird, was soeben hier vorgegangen ist."- „Und was auch Herr
833 1871 3764 2123 Lorenzi begangen haben mag,“ sagte Casanova.. Sie, Herr Marchese,
845 2063 3775 2304 sind der grössere Schuft".- „Das will ich hoffen“, erwiderte der
845 2248 3760 2538 Marchese. „Wenn man einmal so alt ist wie unser Einer, Herr Che¬
849 2459 3783 2636 valier von Seingalt, darf man sich wenigstens in der Schurkerei
864 2617 3775 2810 von niemandem andern übertreffen lassen. Guten Abend, meine Her-
856 2813 3734 2998 rem'. Er stand auf, niemand erwiderte seinen Gruss und er ging.
852 2998 3688 3172 Für eine kurze Weile ward es so still, dass wieder das Lachen
867 3183 3832 3330 der Kinder vom Garten her wie in übertriebener Lautheit vernahm-
867 3341 3858 3511 lich wurde. Wer hätte auch das Wort zu finden vermocht, das jetzt
852 3541 3873 3696 bis in Lorenzie Seele gedrungen wäre, der noch immer mit über dem
867 3737 3809 3862 Tisch erhobenen Arm dastand wie vorher? Casanova, der als Einzi-
875 3907 3805 4126 ger auf seinem Platz sitzen geblieben war,fand ein unwillkürli-
875 4088 3820 4216 ches künstlerisches Gefallen an dieser zwar sinnlos gewordenen.
871 4197 3828 4405 gleichsam versteinerten, aber drohend-edlen Geste, die den ganzen
894 4360 3786 4578 jüngling in ein Standbild zu verwandeln schien. Endlich wandte
882 4522 3703 4774 sich Olivo an ihn, wie mit einer Geberde der Beschwichtigung.
