4152 5208
3594 350 3787 625 133
885 565 3772 852 Erfüllung war an Marcolinens Herzen. gr hielt die Frau in sei-
874 815 3846 1027 nen Armen, an die er sich verschwenden durfte, um sich unerschöpf-
882 1008 3698 1198 lich zu fühlen;- an deren Brüsten der Augenblick des letzten
874 1164 3772 1384 Hingegebenseins und des neuen Verlangens in einen einzigen von
874 1339 3854 1540 ungeahnten Seelenwonne zusammenfloss. War an diesen Lippen nicht
874 1521 3657 1719 Leben und Sterben, Zeit und Ewigkeit gines? War er nicht ein
885 1670 3765 1871 Gott - Jugend und Alter nur eine Fabel, von Menschen erfunden?-
874 1867 3865 2050 Heimat und Fremde, Glanz und glend, Ruhm und Vergessensein - wesen
882 2035 3753 2217 lose Unterscheidungen zum Gebrauch von Ruhelosen, von Einsamen,
878 2228 3835 2411 von Eiteln – und sinnlos geworden, wenn man Casanova war und Mar-
885 2396 3772 2593 oolina gefunden? Unwürdig, ja lächerd icher von Minute zu Minute
893 2548 3809 2745 erschien es ihm sich, einem Vorsatz getreu, den er früher, xxx als
874 2719 3668 2916 Kleinmütiger gefasst, aus dieser Wundernacht stumm, unerkannt,
882 2890 3806 3084 wie ein Dieb zu flüchten. Im untrüglichen Gefühl ebenso der Be-
3623 3062 3899 3225 sition
874 3084 3746 3322 glückende zu sein als er der Beglückte war, glaubte er sich zu
2046 3236 3262 3355 reinen namen zu neuwen.
874 3270 3765 3452 dem Wagnis entschlossen, sich zu erkennen zu gehen, wenn er sich
882 3445 3806 3627 auch immer noch bewusst war, damit ein grosses Spiel zu spielen,
874 3601 3687 3817 das er, wenn er es verlor, bereit sein musste,mit dem Leben zu
874 3772 3772 3980 bezahlen. Noch war undurchdringl iche Dunkelheit um ihn, und bis
863 3947 3835 4174 durch den dichten Vorhang das erste Dämmern brach, durfte er ein
867 4148 3813 4330 geständnis hinauszögern, an dessen Aufnahme durch Marcolina sein
1205 4285 1663 4431 a sein leben
2158 4300 2332 4401 nicht
856 4308 3716 4497 Schicksal hing. Aber war denn gerade dieses stummselige-stiss-
874 4512 3742 4754 verlorene zusammen sein dazu gemacht, ihm Marcolina von kuss zu
