4184 5288
2858 240 3232 483 Votre très de la
3304 266 3475 548 60
681 499 3601 818 verloren, Auch Casanowa liess, wie Lorenzi es getan, den verdop-
666 773 3605 1043 pelten einsatz stehen, und auch ihm blieb das Glück éb treu wie
678 910 3673 1188 dem Leutenant. Um die Uebrigen kümmerte sich der Marchese nicht
3338 1104 3506 1222 G.C.F.P.
678 1108 3696 1355 mehr, der schweigsame Ricardi stand beleidigt auf, der andere rang
697 1294 3631 1530 die Hände - dann standen sie zusammen in einer Ecke des Saales
700 1462 3582 1724 wie vernichtet. Der Abbate und Olivo fanden sich leichter ab;
689 1644 3521 1903 der erste aus Süssigkeiten und wiederholte seine Sprüchlein,
704 1838 3639 2052 der andere schaute dem Fall der Karten in Erregung zu. Endlich
689 2006 3662 2234 hatte der Marchese fünfhundert Dukaten verloren, in die sich Ca-
716 2185 3681 2428 sanova und Lorenzi teilten. Die Marchesa erhob sich und gab dem
712 2356 3582 2584 Leutenant einen Wink mit den Augen, ehe sie den Saal verliess,
708 2524 3597 2786 Amalia geleitete sie. Die Marchesa wiegte sich in den Hüften,
719 2702 3616 2965 was Casanova anwiderte; Amalia sohlich an ihrer Seite wie ein
723 2878 3624 3114 demütigen ältliches Weib. Da der Marchese sein ganzes Bargeld
719 3037 3681 3277 verloren hatte, übernahm Casanova die Bank; er bestand, zum Miss-
735 3315 3696 3467 vergnügen des Marchese darauf, dass die Andern wieder am Spiele
723 3410 3627 3643 teilnähmen. Sofort waren die Brüder Ricardi zur stelle, gierig
723 3593 3639 3818 und erregt; der Abbate schüttelte den Kopf, er hatte genug, und
3597 3730 3863 3886 Joh S.H. S.
738 3768 3601 4023 Olivo spielte nur mit, um sich dem Wunsch seines edlen Gastes
723 3920 3723 4198 nicht zu versagen. Lorenzi hat to weiter Blück; als er im Ganzen
681 4141 3551 4400 die summe von vierhundert Dukaten gewonnen, stand er auf und
738 4301 3802 4556 sagte:. Morgen bin ich gern bereit Revanche zu geben. Jetzt bitte
746 4495 3799 4792 ich um die Erlaubnis nach Haus reiten zu dürfen".- „Nach Hause“,
