4216 5320
3506 257 3729 534 ile
738 458 3612 761 daas sie keinen andern als Sie in ihren Armen empfängt. Diese
750 644 3726 863 Täuschung vorzubereiten ist Ihre Sache, sie aufrecht zu erhalten,
742 837 3718 1098 die meine. Ohne besondere Schwierigkeit werden sie ihr begreif-
742 1011 3665 1219 lich machen können, dass Sie genötigt sind sie vor Eintritt der
750 1193 3635 1382 Morgendämnerung zu verlassen; und um einen Vorwand dafür, dass
769 1374 3642 1568 diesmal nur stumme Zärtlichkeiten sie beglücken sollen, werden
761 1537 3608 1772 Sie auch nicht verlegen sein. Um im übrigen auch jede Gefahr
776 1700 3699 1935 einer nachträglichen Entdeckung auszuschliessen, werde ich mich
788 1870 3601 2086 im gegebenen Moment anstellen, als hörte ich ein verdächtiges
780 2010 3654 2260 Geräusch vor dem Fenster, meinen Mantel nehmen - oder vielmehr
799 2234 3718 2453 den Ihren, den Sie mir zu diesem Zweck natürlich leihen müssen
806 2423 3661 2639 und durchs Fenster verschwinden - auf Nimmerwiedersehen. Denn
803 2597 3631 2813 selbstverständlich werde ich dem Anschein nach bereits heute
803 2764 3658 2987 Abend abreisen, dann unter dem Vorgeben, ich hätte wichtige Pa-
803 2923 3707 3165 piere vergessen, den Kutscher auf halbem Wege zur Umkehr veran-
806 3120 3786 3313 lassen und mich durch die Hintertür - den Nachschlüssel stellen
810 3268 3809 3517 Sie mir zur Verfügung, Lorenzi, in den Garten, ans Fenster Marcoli-
814 3472 3775 3703 nens schleichen, das sich um Mitternacht auftun wird. Meines Ge-
825 3650 3782 3839 wands, auch der Schuhe und Strümpfe, werde ich mich im Wagen ent-
822 3843 3684 4029 ledigt haben und nur mit dem Mantel angetan sein, so dass bei
833 3983 3877 4210 meinem fluchtartigen entweichen nichts zurückbleibt, was mich oder
833 4191 3870 4366 Sie verraten könnte. Den Mantel aber werden sie zugleich mit den
833 4347 3790 4608 zweitausend Dukaten morgen Früh fünf Uhr in meinen Gasthof zu
852 4540 3775 4737 Mantua in Empfang nehmen, so dass Sie dem Marchese noch vor der
