<?xml version="1.0" encoding="UTF-8" standalone="yes"?>
<PcGts xmlns="http://schema.primaresearch.org/PAGE/gts/pagecontent/2013-07-15" xmlns:xsi="http://www.w3.org/2001/XMLSchema-instance" xsi:schemaLocation="http://schema.primaresearch.org/PAGE/gts/pagecontent/2013-07-15 http://schema.primaresearch.org/PAGE/gts/pagecontent/2013-07-15/pagecontent.xsd">
    <Metadata>
        <Creator>prov=READ-COOP:name=TrHtr:version=2.1.0:model_id=51170:date=14_08_2023_14:32</Creator>
        <Created>2023-05-10T14:09:10.734+02:00</Created>
        <LastChange>2023-08-14T14:32:08.624+02:00</LastChange>
        <TranskribusMetadata docId="1428605" pageId="55416701" pageNr="19" tsid="132808564" status="IN_PROGRESS" userId="64420" imgUrl="https://files.transkribus.eu/Get?id=OPUYPUJPVSUSYGQAFRXKVLNI&amp;fileType=view" xmlUrl="https://files.transkribus.eu/Get?id=SPPDLJNEQQJWTDIDNAFKZHYC" imageId="44690805"/>
    </Metadata>
    <Page imageFilename="1428605_0019.jpg" imageWidth="4136" imageHeight="5272">
        <ReadingOrder>
            <OrderedGroup id="ro_1711788405339" caption="Regions reading order">
                <RegionRefIndexed index="0" regionRef="tr_2"/>
                <RegionRefIndexed index="1" regionRef="tr_1"/>
            </OrderedGroup>
        </ReadingOrder>
        <TextRegion id="tr_2" custom="readingOrder {index:0;}">
            <Coords points="758,576 3755,576 3755,2314 758,2314"/>
            <TextLine id="tr_2_tl_1" custom="readingOrder {index:0;}">
                <Coords points="1215,738 2938,650 3499,711 3714,688 3722,488 2941,531 2768,442 2072,538 1661,400 1227,434"/>
                <Baseline points="1241,704 1307,698 1397,698 1486,692 1576,692 1665,686 1755,686 1844,680 1934,680 2024,680 2113,674 2203,674 2292,674 2382,668 2471,668 2561,662 2650,662 2740,656 2830,656 2919,656 3009,650 3098,650 3188,644 3277,644 3367,638 3456,632 3546,632 3636,626 3725,626"/>
                <TextEquiv>
                    <Unicode>Im zitternden Dunst des Mittags, über graugrünes Laub-</Unicode>
                </TextEquiv>
            </TextLine>
            <TextLine id="tr_2_tl_2" custom="readingOrder {index:1;}">
                <Coords points="1284,819 1861,811 1884,788 1980,819 2030,800 2030,707 1849,734 1776,696 1600,723 1546,696 1284,742"/>
                <Baseline points="1307,800 1319,800 1409,800 1498,794 1588,794 1677,794 1767,788 1856,788 1946,788 2035,788"/>
                <TextEquiv>
                    <Unicode>wahrt hatten sehr</Unicode>
                </TextEquiv>
            </TextLine>
            <TextLine id="tr_2_tl_3" custom="readingOrder {index:2;}">
                <Coords points="742,900 3522,850 3657,823 3660,673 2326,669 1980,815 746,827"/>
                <Baseline points="764,877 800,883 889,883 979,883 1068,883 1158,877 1247,877 1337,871 1426,871 1516,871 1606,865 1695,865 1785,859 1874,859 1964,853 2053,853 2143,853 2232,847 2322,841 2412,841 2501,835 2591,835 2680,829 2770,829 2859,829 2949,829 3039,823 3128,817 3218,823 3307,817 3397,811 3486,811 3576,800 3665,800"/>
                <TextEquiv>
                    <Unicode>werk emporragend, ward ein viersekiges Türmohen sichtbar. Bald</Unicode>
                </TextEquiv>
            </TextLine>
            <TextLine id="tr_2_tl_4" custom="readingOrder {index:3;}">
                <Coords points="742,831 1154,819 1154,681 1046,677 969,704 942,688 907,704 742,661"/>
                <Baseline points="764,811 806,806 895,806 985,806 1074,806 1164,806"/>
                <TextEquiv>
                    <Unicode>Fähigkeit</Unicode>
                </TextEquiv>
            </TextLine>
            <TextLine id="tr_2_tl_5" custom="readingOrder {index:4;}">
                <Coords points="738,1004 1949,988 1953,881 1565,923 1496,892 1407,934 1346,888 742,904"/>
                <Baseline points="758,991 794,985 883,991 973,985 1062,985 1152,985 1241,979 1331,979 1420,979 1510,979 1600,973 1689,967 1779,967 1868,961 1958,967"/>
                <TextEquiv>
                    <Unicode>dringen, hatte sie früher xxx</Unicode>
                </TextEquiv>
            </TextLine>
            <TextLine id="tr_2_tl_6" custom="readingOrder {index:5;}">
                <Coords points="757,1073 3261,1065 3634,1011 3637,877 2234,857 1934,988 761,1007"/>
                <Baseline points="782,1056 865,1068 955,1068 1044,1062 1134,1062 1223,1056 1313,1056 1403,1056 1492,1050 1582,1044 1671,1044 1761,1044 1850,1044 1940,1038 2029,1038 2119,1032 2209,1032 2298,1026 2388,1026 2477,1026 2567,1020 2656,1014 2746,1014 2836,1014 2925,1009 3015,1009 3104,1009 3194,1009 3283,1009 3373,997 3462,991 3552,991 3642,991"/>
                <TextEquiv>
                    <Unicode>bog der Wagen von der Landstrasse auf einen Seitenweg: links</Unicode>
                </TextEquiv>
            </TextLine>
            <TextLine id="tr_2_tl_7" custom="readingOrder {index:6;}">
                <Coords points="1500,1173 1557,1157 1634,1173 1726,1146 1780,1169 1796,1154 1884,1165 1888,1080 1846,1061 1796,1084 1707,1061 1680,1077 1607,1080 1573,1061 1526,1096 1503,1096"/>
                <Baseline points="1522,1146 1612,1146 1701,1146 1791,1146 1880,1140 1892,1146"/>
                <TextEquiv>
                    <Unicode>das die</Unicode>
                </TextEquiv>
            </TextLine>
            <TextLine id="tr_2_tl_8" custom="readingOrder {index:7;}">
                <Coords points="750,1219 827,1180 1015,1184 1069,1161 1104,1184 1154,1184 1261,1154 1261,1084 1230,1092 1161,1057 1077,1104 954,1077 907,1104 881,1084 754,1111"/>
                <Baseline points="776,1152 865,1158 955,1164 1044,1158 1134,1158 1223,1152 1271,1152"/>
                <TextEquiv>
                    <Unicode>Cinqe aaae</Unicode>
                </TextEquiv>
            </TextLine>
            <TextLine id="tr_2_tl_9" custom="readingOrder {index:8;}">
                <Coords points="773,1253 3649,1203 3737,1007 2096,1046 1623,1177 1346,1073 773,1200"/>
                <Baseline points="794,1241 877,1241 967,1241 1056,1241 1146,1235 1235,1235 1325,1229 1415,1229 1504,1229 1594,1223 1683,1223 1773,1223 1862,1223 1952,1217 2041,1212 2131,1212 2221,1206 2310,1206 2400,1206 2489,1194 2579,1194 2668,1194 2758,1194 2847,1188 2937,1188 3027,1188 3116,1182 3206,1182 3295,1176 3385,1170 3474,1170 3564,1164 3653,1158 3743,1164"/>
                <TextEquiv>
                    <Unicode>stiegen Weinhügel gelinde an, rechte über den Rand einer Garten-</Unicode>
                </TextEquiv>
            </TextLine>
            <TextLine id="tr_2_tl_10" custom="readingOrder {index:9;}">
                <Coords points="757,1377 1261,1338 1450,1365 1550,1338 1550,1246 1238,1246 1215,1269 1065,1246 1007,1288 761,1242"/>
                <Baseline points="782,1349 841,1343 931,1343 1020,1337 1110,1337 1200,1331 1289,1331 1379,1331 1468,1331 1558,1331"/>
                <TextEquiv>
                    <Unicode>Amalia war keines</Unicode>
                </TextEquiv>
            </TextLine>
            <TextLine id="tr_2_tl_11" custom="readingOrder {index:10;}">
                <Coords points="765,1438 3710,1396 3749,1184 1780,1227 1450,1365 769,1369"/>
                <Baseline points="788,1420 800,1415 889,1415 979,1415 1068,1415 1158,1415 1247,1415 1337,1415 1426,1409 1516,1409 1606,1403 1695,1397 1785,1397 1874,1397 1964,1397 2053,1391 2143,1385 2232,1385 2322,1379 2412,1379 2501,1379 2591,1379 2680,1373 2770,1373 2859,1367 2949,1367 3039,1367 3128,1361 3218,1361 3307,1355 3397,1355 3486,1355 3576,1343 3665,1343 3755,1343"/>
                <TextEquiv>
                    <Unicode>mauer neigten sich Kronen uralter Bäume. Der Wagen hielt an ei-</Unicode>
                </TextEquiv>
            </TextLine>
            <TextLine id="tr_2_tl_12" custom="readingOrder {index:11;}">
                <Coords points="761,1615 3603,1573 3630,1415 2007,1392 765,1557"/>
                <Baseline points="782,1600 859,1600 949,1600 1038,1600 1128,1594 1217,1594 1307,1588 1397,1588 1486,1582 1576,1582 1665,1582 1755,1576 1844,1576 1934,1576 2024,1576 2113,1576 2203,1570 2292,1570 2382,1564 2471,1564 2561,1564 2650,1558 2740,1552 2830,1552 2919,1546 3009,1546 3098,1546 3188,1540 3277,1540 3367,1534 3456,1534 3546,1534 3636,1516"/>
                <TextEquiv>
                    <Unicode>nem Tor, desen verwitterte Holzflügel weit offen standen, die</Unicode>
                </TextEquiv>
            </TextLine>
            <TextLine id="tr_2_tl_13" custom="readingOrder {index:12;}">
                <Coords points="761,1553 857,1553 919,1530 954,1553 1000,1530 1184,1542 1227,1526 1230,1442 1154,1430 1119,1453 1084,1426 1027,1415 957,1430 930,1457 904,1457 877,1430 815,1446 765,1438"/>
                <Baseline points="782,1528 788,1528 877,1522 967,1528 1056,1522 1146,1522 1235,1522"/>
                <TextEquiv>
                    <Unicode>sich schlän</Unicode>
                </TextEquiv>
            </TextLine>
            <TextLine id="tr_2_tl_14" custom="readingOrder {index:13;}">
                <Coords points="815,1711 1823,1711 1965,1696 1969,1592 819,1615"/>
                <Baseline points="835,1689 871,1695 961,1701 1050,1695 1140,1695 1229,1695 1319,1689 1409,1683 1498,1689 1588,1689 1677,1683 1767,1683 1779,1683 1868,1683 1958,1683 1976,1683"/>
                <TextEquiv>
                    <Unicode>welche Ueberraechung, welche</Unicode>
                </TextEquiv>
            </TextLine>
            <TextLine id="tr_2_tl_15" custom="readingOrder {index:14;}">
                <Coords points="773,1788 3672,1757 3676,1584 2480,1565 1915,1699 773,1730"/>
                <Baseline points="794,1779 817,1773 907,1773 997,1773 1086,1773 1176,1767 1265,1767 1355,1767 1444,1761 1534,1761 1623,1755 1713,1755 1803,1755 1892,1749 1982,1743 2071,1743 2161,1743 2250,1743 2340,1737 2430,1737 2519,1731 2609,1731 2698,1725 2788,1725 2877,1725 2967,1719 3056,1719 3146,1713 3236,1713 3325,1713 3415,1713 3504,1707 3594,1701 3683,1695"/>
                <TextEquiv>
                    <Unicode>Fahrgäste stiegen aus, der Kutscher, auf einen Wink Olivos, fuhr</Unicode>
                </TextEquiv>
            </TextLine>
            <TextLine id="tr_2_tl_16" custom="readingOrder {index:15;}">
                <Coords points="761,1911 930,1884 1280,1888 1303,1907 1338,1880 1488,1873 1492,1815 1411,1792 1215,1826 1142,1792 1019,1815 765,1776"/>
                <Baseline points="782,1880 871,1874 961,1874 1050,1874 1140,1874 1229,1868 1319,1868 1409,1868 1498,1862"/>
                <TextEquiv>
                    <Unicode>genheit aus, eil'</Unicode>
                </TextEquiv>
            </TextLine>
            <TextLine id="tr_2_tl_17" custom="readingOrder {index:16;}">
                <Coords points="788,1980 3322,1969 3591,1907 3599,1723 1972,1761 788,1907"/>
                <Baseline points="811,1952 823,1946 913,1952 1003,1952 1092,1952 1182,1946 1271,1946 1361,1946 1450,1940 1540,1934 1629,1934 1719,1928 1809,1928 1898,1928 1988,1922 2077,1922 2167,1916 2256,1916 2346,1916 2435,1916 2525,1922 2615,1910 2704,1910 2794,1904 2883,1904 2973,1904 3062,1898 3152,1898 3242,1892 3331,1886 3421,1886 3510,1880 3600,1880"/>
                <TextEquiv>
                    <Unicode>weiter, dem Stalle zu. Ein breiter Weg unter Kastanienbäumen</Unicode>
                </TextEquiv>
            </TextLine>
            <TextLine id="tr_2_tl_18" custom="readingOrder {index:17;}">
                <Coords points="923,2065 992,2072 1019,2057 1057,2080 1134,2061 1388,2061 1388,1965 1307,1949 1196,1976 1157,1957 1107,1980 1038,1957 977,1980 923,1969"/>
                <Baseline points="943,2041 1032,2047 1122,2047 1212,2047 1301,2047 1391,2041 1397,2041"/>
                <TextEquiv>
                    <Unicode>Begrüsten</Unicode>
                </TextEquiv>
            </TextLine>
            <TextLine id="tr_2_tl_19" custom="readingOrder {index:18;}">
                <Coords points="781,2138 3707,2096 3737,1876 1646,1942 1273,2080 788,1980"/>
                <Baseline points="806,2131 877,2131 967,2131 1056,2131 1146,2125 1235,2125 1325,2119 1415,2119 1504,2113 1594,2107 1683,2107 1773,2107 1862,2101 1952,2101 2041,2101 2131,2095 2221,2095 2310,2095 2400,2089 2489,2089 2579,2083 2668,2083 2758,2077 2847,2077 2937,2071 3027,2071 3116,2065 3206,2065 3295,2065 3385,2059 3474,2059 3564,2047 3653,2047 3743,2041"/>
                <TextEquiv>
                    <Unicode>führte zu dem Schlösschen, das sich auf den ersten Anblick etwas</Unicode>
                </TextEquiv>
            </TextLine>
            <TextLine id="tr_2_tl_20" custom="readingOrder {index:19;}">
                <Coords points="784,2307 3553,2272 3707,2245 3710,2107 788,2130"/>
                <Baseline points="806,2304 853,2304 943,2304 1032,2298 1122,2304 1212,2298 1301,2292 1391,2292 1480,2286 1570,2286 1659,2286 1749,2280 1838,2280 1928,2280 2018,2274 2107,2274 2197,2268 2286,2268 2376,2262 2465,2262 2555,2262 2644,2256 2734,2256 2824,2250 2913,2244 3003,2244 3092,2238 3182,2238 3271,2238 3361,2232 3450,2232 3540,2232 3630,2227 3719,2215"/>
                <TextEquiv>
                    <Unicode>kahl, ja vernachlässigt darbot. Was Casanova vor allem ins Auge</Unicode>
                </TextEquiv>
            </TextLine>
        </TextRegion>
        <TextRegion id="tr_1" custom="readingOrder {index:1;}">
            <Coords points="782,2344 3910,2344 3910,4804 782,4804"/>
            <TextLine id="tr_1_tl_1" custom="readingOrder {index:0;}">
                <Coords points="788,2511 3349,2476 3680,2422 3684,2253 792,2307"/>
                <Baseline points="811,2477 823,2471 913,2477 1003,2477 1092,2477 1182,2471 1271,2465 1361,2465 1450,2465 1540,2459 1629,2453 1719,2453 1809,2453 1898,2447 1988,2447 2077,2441 2167,2441 2256,2441 2346,2435 2435,2435 2525,2430 2615,2430 2704,2430 2794,2424 2883,2418 2973,2418 3062,2412 3152,2412 3242,2406 3331,2406 3421,2406 3510,2400 3600,2394 3689,2394"/>
                <TextEquiv>
                    <Unicode>fiel, war ein zerbrochenes Fenster im ersten Stockwerk; ebenso</Unicode>
                </TextEquiv>
            </TextLine>
            <TextLine id="tr_1_tl_2" custom="readingOrder {index:1;}">
                <Coords points="788,2688 3341,2584 3680,2657 3684,2419 792,2542"/>
                <Baseline points="811,2650 823,2650 913,2656 1003,2656 1092,2650 1182,2650 1271,2644 1361,2644 1450,2638 1540,2638 1629,2633 1719,2633 1809,2633 1898,2627 1988,2627 2077,2621 2167,2621 2256,2615 2346,2615 2435,2615 2525,2609 2615,2609 2704,2603 2794,2597 2883,2597 2973,2597 3062,2591 3152,2591 3242,2585 3331,2579 3421,2579 3510,2579 3600,2573 3689,2573"/>
                <TextEquiv>
                    <Unicode>entging es ihm nicht, dass die Umfassung auf der Plattform des</Unicode>
                </TextEquiv>
            </TextLine>
            <TextLine id="tr_1_tl_3" custom="readingOrder {index:2;}">
                <Coords points="804,2845 3726,2811 3799,2676 3349,2584 807,2688"/>
                <Baseline points="823,2824 847,2824 937,2824 1026,2824 1116,2824 1206,2818 1295,2818 1385,2812 1474,2812 1564,2812 1653,2806 1743,2806 1832,2800 1922,2800 2012,2800 2101,2794 2191,2794 2280,2788 2370,2788 2459,2788 2549,2782 2638,2782 2728,2776 2818,2776 2907,2770 2997,2764 3086,2764 3176,2764 3265,2758 3355,2758 3445,2758 3534,2752 3624,2752 3713,2746 3803,2746"/>
                <TextEquiv>
                    <Unicode>breiten aber niedern Turms, der etwas plump auf dem Gebäude sam,</Unicode>
                </TextEquiv>
            </TextLine>
            <TextLine id="tr_1_tl_4" custom="readingOrder {index:3;}">
                <Coords points="796,3030 3287,2995 3795,2941 3799,2811 1992,2803 796,2957"/>
                <Baseline points="817,3009 847,3009 937,3009 1026,3003 1116,3003 1206,3003 1295,2997 1385,2997 1474,2991 1564,2991 1653,2985 1743,2979 1832,2979 1922,2979 2012,2979 2101,2979 2191,2973 2280,2973 2370,2967 2459,2961 2549,2961 2638,2961 2728,2955 2818,2955 2907,2949 2997,2943 3086,2943 3176,2937 3265,2931 3355,2937 3445,2931 3534,2931 3624,2925 3713,2919 3803,2925"/>
                <TextEquiv>
                    <Unicode>da und dort abbröckelte. Hingegen zeigte die Haustüre eine edle</Unicode>
                </TextEquiv>
            </TextLine>
            <TextLine id="tr_1_tl_5" custom="readingOrder {index:4;}">
                <Coords points="815,2949 834,2949 842,2957 861,2941 877,2941 892,2953 915,2945 942,2957 950,2949 957,2957 965,2949 988,2957 996,2853 977,2853 969,2845 957,2853 938,2841 930,2849 904,2849 857,2876 850,2868 819,2872"/>
                <Baseline points="841,2931 913,2931 1003,2925"/>
                <TextEquiv>
                    <Unicode>G.H.F.F:F:S</Unicode>
                </TextEquiv>
            </TextLine>
            <TextLine id="tr_1_tl_6" custom="readingOrder {index:5;}">
                <Coords points="807,3211 3695,3161 3703,2953 811,3018"/>
                <Baseline points="829,3188 841,3182 931,3182 1020,3182 1110,3182 1200,3176 1289,3176 1379,3170 1468,3170 1558,3170 1647,3170 1737,3164 1826,3158 1916,3158 2006,3152 2095,3152 2185,3146 2274,3146 2364,3140 2453,3140 2543,3140 2633,3134 2722,3134 2812,3128 2901,3128 2991,3122 3080,3122 3170,3116 3259,3116 3349,3116 3439,3110 3528,3110 3618,3110 3707,3104"/>
                <TextEquiv>
                    <Unicode>Schnitzerei und in den Plur tretend erkannte Casanova sofort,</Unicode>
                </TextEquiv>
            </TextLine>
            <TextLine id="tr_1_tl_7" custom="readingOrder {index:6;}">
                <Coords points="850,3299 1488,3284 1603,3326 1603,3207 1523,3184 1453,3203 1407,3172 1157,3230 1034,3191 850,3214"/>
                <Baseline points="871,3277 895,3277 985,3283 1074,3277 1164,3277 1253,3265 1343,3271 1432,3271 1522,3271 1612,3265"/>
                <TextEquiv>
                    <Unicode>deiner Verspäterung</Unicode>
                </TextEquiv>
            </TextLine>
            <TextLine id="tr_1_tl_8" custom="readingOrder {index:7;}">
                <Coords points="807,3372 3745,3341 3810,3088 3614,3180 2272,3157 807,3318"/>
                <Baseline points="829,3361 859,3361 949,3361 1038,3361 1128,3361 1217,3355 1307,3355 1397,3349 1486,3349 1576,3343 1665,3343 1755,3337 1844,3337 1934,3331 2024,3331 2113,3325 2203,3325 2292,3325 2382,3325 2471,3319 2561,3313 2650,3313 2740,3313 2830,3307 2919,3307 3009,3301 3098,3301 3188,3295 3277,3295 3367,3289 3456,3289 3546,3289 3636,3289 3725,3283 3815,3277"/>
                <TextEquiv>
                    <Unicode>dass das Innere des Hauses sich in einem wohlerhaltenen und je-</Unicode>
                </TextEquiv>
            </TextLine>
            <TextLine id="tr_1_tl_9" custom="readingOrder {index:8;}">
                <Coords points="2715,3445 2745,3441 2761,3453 2776,3437 2807,3445 2830,3430 2861,3441 2891,3437 2891,3345 2861,3349 2838,3326 2807,3334 2761,3311 2715,3318"/>
                <Baseline points="2734,3421 2824,3421 2901,3421"/>
                <TextEquiv>
                    <Unicode>noch</Unicode>
                </TextEquiv>
            </TextLine>
            <TextLine id="tr_1_tl_10" custom="readingOrder {index:9;}">
                <Coords points="1730,3460 2615,3457 2615,3345 2534,3326 2003,3387 1734,3341"/>
                <Baseline points="1755,3445 1815,3445 1904,3445 1994,3439 2083,3439 2173,3439 2262,3433 2352,3433 2441,3433 2531,3433 2621,3433"/>
                <TextEquiv>
                    <Unicode>trotz der Verspätung</Unicode>
                </TextEquiv>
            </TextLine>
            <TextLine id="tr_1_tl_11" custom="readingOrder {index:10;}">
                <Coords points="757,3491 1684,3472 1684,3387 1650,3376 1561,3407 1403,3372 1342,3411 1077,3361 884,3407 838,3368 761,3387"/>
                <Baseline points="782,3468 800,3468 889,3468 979,3462 1068,3462 1158,3456 1247,3456 1337,3456 1426,3456 1516,3450 1606,3450 1695,3450"/>
                <TextEquiv>
                    <Unicode>hoffentlich gibt es</Unicode>
                </TextEquiv>
            </TextLine>
            <TextLine id="tr_1_tl_12" custom="readingOrder {index:11;}">
                <Coords points="811,3572 3745,3522 3803,3326 815,3503"/>
                <Baseline points="835,3546 853,3546 943,3546 1032,3546 1122,3546 1212,3546 1301,3540 1391,3534 1480,3528 1570,3528 1659,3528 1749,3522 1838,3522 1928,3522 2018,3516 2107,3516 2197,3516 2286,3510 2376,3510 2465,3510 2555,3510 2644,3504 2734,3498 2824,3498 2913,3498 3003,3492 3092,3492 3182,3486 3271,3486 3361,3480 3450,3474 3540,3474 3630,3474 3719,3468 3809,3462"/>
                <TextEquiv>
                    <Unicode>denfalls weit besserem Zustand befand, als dessen Aunseres hätte</Unicode>
                </TextEquiv>
            </TextLine>
            <TextLine id="tr_1_tl_13" custom="readingOrder {index:12;}">
                <Coords points="3061,3676 3157,3653 3284,3703 3426,3645 3453,3672 3495,3660 3541,3687 3568,3660 3680,3637 3684,3518 3614,3530 3518,3487 3484,3514 3345,3514 3261,3545 3141,3510 3064,3541"/>
                <Baseline points="3086,3612 3152,3606 3242,3606 3331,3606 3421,3600 3510,3594 3600,3594 3689,3588"/>
                <TextEquiv>
                    <Unicode>setzt, Marcol in</Unicode>
                </TextEquiv>
            </TextLine>
            <TextLine id="tr_1_tl_14" custom="readingOrder {index:13;}">
                <Coords points="1284,3641 1596,3641 1711,3699 1965,3668 2019,3722 2072,3722 2072,3549 1934,3568 1776,3530 1703,3564 1550,3537 1426,3572 1365,3541 1284,3568"/>
                <Baseline points="1307,3630 1367,3630 1456,3630 1546,3630 1635,3624 1725,3630 1815,3630 1904,3624 1994,3624 2083,3624"/>
                <TextEquiv>
                    <Unicode>uns natürlich nicht</Unicode>
                </TextEquiv>
            </TextLine>
            <TextLine id="tr_1_tl_15" custom="readingOrder {index:14;}">
                <Coords points="819,3668 954,3660 973,3645 1069,3664 1157,3645 1238,3660 1242,3564 1092,3557 1065,3576 1027,3560 992,3572 930,3557 823,3572"/>
                <Baseline points="841,3648 895,3636 985,3636 1074,3636 1164,3630 1253,3630"/>
                <TextEquiv>
                    <Unicode>Wir haben</Unicode>
                </TextEquiv>
            </TextLine>
            <TextLine id="tr_1_tl_16" custom="readingOrder {index:15;}">
                <Coords points="819,3726 915,3753 1265,3718 1419,3749 1461,3718 1565,3737 1623,3714 1623,3657 1280,3637 1246,3668 1161,3645 819,3668"/>
                <Baseline points="841,3713 913,3719 1003,3719 1092,3713 1182,3713 1271,3713 1361,3707 1450,3707 1540,3707 1629,3701"/>
                <TextEquiv>
                    <Unicode>vermuten lassen.</Unicode>
                </TextEquiv>
            </TextLine>
            <TextLine id="tr_1_tl_17" custom="readingOrder {index:16;}">
                <Coords points="1400,3826 1423,3833 1442,3822 1450,3830 1484,3830 1511,3818 1542,3818 1561,3830 1596,3822 1600,3741 1565,3749 1538,3730 1526,3741 1515,3730 1492,3726 1484,3733 1469,3726 1442,3753 1403,3753"/>
                <Baseline points="1420,3809 1426,3809 1516,3809 1606,3803"/>
                <TextEquiv>
                    <Unicode>nun</Unicode>
                </TextEquiv>
            </TextLine>
            <TextLine id="tr_1_tl_18" custom="readingOrder {index:17;}">
                <Coords points="807,3880 877,3853 900,3876 923,3864 965,3903 992,3887 1038,3903 1073,3880 1188,3907 1192,3730 1084,3722 1061,3741 954,3733 930,3749 869,3733 811,3757"/>
                <Baseline points="829,3827 835,3827 925,3827 1014,3827 1104,3827 1194,3815"/>
                <TextEquiv>
                    <Unicode>aa und 1</Unicode>
                </TextEquiv>
            </TextLine>
            <TextLine id="tr_1_tl_19" custom="readingOrder {index:18;}">
                <Coords points="1284,3922 3480,3880 3680,3857 3684,3687 2184,3737 1823,3672 1569,3830 1288,3845"/>
                <Baseline points="1307,3892 1361,3892 1450,3886 1540,3886 1629,3880 1719,3880 1809,3880 1898,3874 1988,3874 2077,3868 2167,3868 2256,3868 2346,3862 2435,3862 2525,3862 2615,3856 2704,3856 2794,3851 2883,3851 2973,3851 3062,3851 3152,3845 3242,3839 3331,3839 3421,3833 3510,3833 3600,3833 3689,3833"/>
                <TextEquiv>
                    <Unicode>„Amalia“, rief Olivo laut, dass es von den gewölbten</Unicode>
                </TextEquiv>
            </TextLine>
            <TextLine id="tr_1_tl_20" custom="readingOrder {index:19;}">
                <Coords points="1346,3999 1396,3999 1411,4010 1423,3999 1434,4010 1500,3999 1519,4014 1569,3995 1600,4003 1657,3995 1657,3914 1592,3907 1557,3918 1515,3895 1496,3910 1480,3903 1457,3926 1423,3930 1384,3899 1346,3907"/>
                <Baseline points="1367,3982 1456,3988 1546,3988 1635,3982 1665,3982"/>
                <TextEquiv>
                    <Unicode>Casance</Unicode>
                </TextEquiv>
            </TextLine>
            <TextLine id="tr_1_tl_21" custom="readingOrder {index:20;}">
                <Coords points="807,4126 3757,4072 3830,3883 1784,3883 1419,4014 1223,3891 811,3937"/>
                <Baseline points="829,4071 883,4071 973,4071 1062,4071 1152,4071 1241,4071 1331,4065 1420,4065 1510,4059 1600,4059 1689,4059 1779,4059 1868,4059 1958,4054 2047,4048 2137,4048 2227,4042 2316,4042 2406,4042 2495,4042 2585,4036 2674,4030 2764,4030 2853,4030 2943,4024 3033,4018 3122,4018 3212,4018 3301,4012 3391,4012 3480,4012 3570,4006 3659,4006 3749,4006 3839,4000"/>
                <TextEquiv>
                    <Unicode>Mauern wiederhallte. „Komm herunter so geschwind du kannst! Ich</Unicode>
                </TextEquiv>
            </TextLine>
            <TextLine id="tr_1_tl_22" custom="readingOrder {index:21;}">
                <Coords points="857,4195 896,4195 915,4214 927,4203 973,4195 1042,4218 1084,4187 1107,4195 1111,4114 1061,4091 1023,4091 1011,4103 988,4083 938,4118 915,4099 861,4114"/>
                <Baseline points="877,4179 937,4185 1026,4179 1116,4173"/>
                <TextEquiv>
                    <Unicode>leider</Unicode>
                </TextEquiv>
            </TextLine>
            <TextLine id="tr_1_tl_23" custom="readingOrder {index:22;}">
                <Coords points="815,4272 3860,4214 3864,4083 1319,4076 815,4222"/>
                <Baseline points="835,4262 919,4262 1009,4257 1098,4257 1188,4251 1277,4251 1367,4251 1456,4245 1546,4245 1635,4245 1725,4245 1815,4239 1904,4233 1994,4233 2083,4227 2173,4227 2262,4227 2352,4227 2441,4221 2531,4221 2621,4215 2710,4215 2800,4209 2889,4209 2979,4203 3068,4203 3158,4197 3247,4197 3337,4197 3427,4197 3516,4191 3606,4191 3695,4185 3785,4179 3874,4179"/>
                <TextEquiv>
                    <Unicode>hab dir einen Gast mitgebracht, Amalia, und was für einen Gaeti' -</Unicode>
                </TextEquiv>
            </TextLine>
            <TextLine id="tr_1_tl_24" custom="readingOrder {index:23;}">
                <Coords points="807,4449 3660,4410 3826,4379 3833,4191 1696,4256 1473,4368 807,4395"/>
                <Baseline points="829,4436 883,4436 973,4430 1062,4430 1152,4430 1241,4424 1331,4424 1420,4424 1510,4418 1600,4412 1689,4412 1779,4412 1868,4412 1958,4406 2047,4406 2137,4406 2227,4400 2316,4400 2406,4394 2495,4394 2585,4394 2674,4388 2764,4388 2853,4382 2943,4382 3033,4376 3122,4370 3212,4370 3301,4364 3391,4364 3480,4364 3570,4364 3659,4364 3749,4364 3839,4346"/>
                <TextEquiv>
                    <Unicode>Aber Amalia war schon vorher oben auf der Stiege erschienen, ohne</Unicode>
                </TextEquiv>
            </TextLine>
            <TextLine id="tr_1_tl_25" custom="readingOrder {index:24;}">
                <Coords points="938,4379 965,4387 980,4372 1054,4372 1073,4383 1127,4356 1165,4376 1257,4353 1303,4368 1303,4268 1211,4256 1180,4276 1169,4264 1157,4276 1107,4268 1061,4291 1015,4268 969,4303 938,4299"/>
                <Baseline points="961,4352 1050,4358 1140,4352 1229,4352 1313,4352"/>
                <TextEquiv>
                    <Unicode>einigt xxx</Unicode>
                </TextEquiv>
            </TextLine>
            <TextLine id="tr_1_tl_26" custom="readingOrder {index:25;}">
                <Coords points="1184,4552 1699,4545 1726,4522 1853,4541 1857,4433 1788,4464 1734,4468 1711,4445 1646,4472 1476,4437 1380,4472 1327,4445 1269,4468 1184,4437"/>
                <Baseline points="1206,4531 1235,4531 1325,4531 1415,4531 1504,4519 1594,4519 1683,4519 1773,4519 1862,4519"/>
                <TextEquiv>
                    <Unicode>dvo., und hoffe,</Unicode>
                </TextEquiv>
            </TextLine>
            <TextLine id="tr_1_tl_27" custom="readingOrder {index:26;}">
                <Coords points="815,4649 3772,4591 3899,4453 2507,4406 1165,4560 823,4437"/>
                <Baseline points="835,4615 865,4609 955,4615 1044,4615 1134,4615 1223,4609 1313,4603 1403,4603 1492,4603 1582,4597 1671,4597 1761,4597 1850,4597 1940,4591 2029,4585 2119,4585 2209,4579 2298,4579 2388,4573 2477,4567 2567,4567 2656,4561 2746,4561 2836,4555 2925,4555 3015,4555 3104,4555 3194,4549 3283,4549 3373,4543 3462,4537 3552,4543 3642,4537 3731,4537 3821,4537 3910,4525"/>
                <TextEquiv>
                    <Unicode>für die aus der vollen Sonne in das Dämmer Tretenden sofort sich</Unicode>
                </TextEquiv>
            </TextLine>
            <TextLine id="tr_1_tl_28" custom="readingOrder {index:27;}">
                <Coords points="996,4745 1142,4722 1192,4749 1269,4722 1288,4741 1315,4718 1426,4733 1430,4606 1338,4633 1277,4629 1238,4660 1207,4652 1150,4687 1080,4645 1034,4672 1000,4664"/>
                <Baseline points="1020,4722 1080,4716 1170,4716 1259,4710 1349,4704 1438,4710"/>
                <TextEquiv>
                    <Unicode>so zufrie¬</Unicode>
                </TextEquiv>
            </TextLine>
            <TextLine id="tr_1_tl_29" custom="readingOrder {index:28;}">
                <Coords points="977,4845 3572,4772 3576,4576 2019,4595 1669,4722 980,4718"/>
                <Baseline points="997,4788 1068,4794 1158,4794 1247,4794 1337,4788 1426,4788 1516,4782 1606,4776 1695,4776 1785,4776 1874,4776 1964,4770 2053,4770 2143,4764 2232,4764 2322,4752 2412,4758 2501,4746 2591,4746 2680,4752 2770,4746 2859,4740 2949,4734 3039,4734 3128,4728 3218,4728 3307,4728 3397,4728 3486,4728 3576,4728"/>
                <TextEquiv>
                    <Unicode>er zu sein. Casanova, dessen scharfe Augen sich bis heute</Unicode>
                </TextEquiv>
            </TextLine>
        </TextRegion>
    </Page>
</PcGts>
