<?xml version="1.0" encoding="UTF-8" standalone="yes"?>
<PcGts xmlns="http://schema.primaresearch.org/PAGE/gts/pagecontent/2013-07-15" xmlns:xsi="http://www.w3.org/2001/XMLSchema-instance" xsi:schemaLocation="http://schema.primaresearch.org/PAGE/gts/pagecontent/2013-07-15 http://schema.primaresearch.org/PAGE/gts/pagecontent/2013-07-15/pagecontent.xsd">
    <Metadata>
        <Creator>prov=READ-COOP:name=TrHtr:version=2.1.0:model_id=51170:date=14_08_2023_14:32</Creator>
        <Created>2023-05-10T14:09:29.763+02:00</Created>
        <LastChange>2023-08-14T14:32:42.174+02:00</LastChange>
        <TranskribusMetadata docId="1428605" pageId="55417451" pageNr="128" tsid="132808682" status="IN_PROGRESS" userId="64420" imgUrl="https://files.transkribus.eu/Get?id=VTEMDBHSQCEIYILJAKQSONFV&amp;fileType=view" xmlUrl="https://files.transkribus.eu/Get?id=GZQVIVIWKQHQZVAXHBHNCLVK" imageId="44691555"/>
    </Metadata>
    <Page imageFilename="1428605_0128.jpg" imageWidth="4200" imageHeight="5320">
        <ReadingOrder>
            <OrderedGroup id="ro_1711788548757" caption="Regions reading order">
                <RegionRefIndexed index="0" regionRef="tr_2"/>
                <RegionRefIndexed index="1" regionRef="tr_1"/>
            </OrderedGroup>
        </ReadingOrder>
        <TextRegion id="tr_2" custom="readingOrder {index:0;}">
            <Coords points="800,391 3892,391 3892,2517 800,2517"/>
            <TextLine id="tr_2_tl_1" custom="readingOrder {index:0;}">
                <Coords points="3484,553 3531,557 3551,577 3598,573 3618,557 3670,573 3697,292 3681,292 3642,261 3606,265 3583,245 3555,257 3516,241"/>
                <Baseline points="3516,459 3606,453 3695,441"/>
                <TextEquiv>
                    <Unicode>12e</Unicode>
                </TextEquiv>
            </TextLine>
            <TextLine id="tr_2_tl_2" custom="readingOrder {index:1;}">
                <Coords points="786,857 2887,739 3693,818 3697,620 790,687"/>
                <Baseline points="806,770 841,776 931,770 1021,764 1110,758 1200,758 1289,764 1379,758 1468,752 1558,752 1647,752 1737,752 1827,752 1916,752 2006,746 2095,746 2185,746 2274,746 2364,740 2454,740 2543,740 2633,734 2722,734 2812,728 2901,728 2991,728 3080,722 3170,722 3260,722 3349,722 3439,722 3528,716 3618,710 3707,710"/>
                <TextEquiv>
                    <Unicode>Tänzerinnen, Kammermädchen; von spielern, Offizieren, Fürsten, Ge-</Unicode>
                </TextEquiv>
            </TextLine>
            <TextLine id="tr_2_tl_3" custom="readingOrder {index:2;}">
                <Coords points="778,1043 2003,940 2224,1019 2528,924 3519,995 3717,976 3721,810 778,873"/>
                <Baseline points="800,949 865,943 955,943 1044,943 1134,943 1224,931 1313,937 1403,931 1492,931 1582,925 1671,931 1761,925 1850,925 1940,925 2030,925 2119,925 2209,919 2298,919 2388,913 2477,913 2567,913 2657,913 2746,907 2836,901 2925,901 3015,901 3104,901 3194,895 3283,895 3373,895 3463,895 3552,889 3642,883 3731,871"/>
                <TextEquiv>
                    <Unicode>sandt an, Finanzleuten, Musikanten und Abenteugrer und so wunder-</Unicode>
                </TextEquiv>
            </TextLine>
            <TextLine id="tr_2_tl_4" custom="readingOrder {index:3;}">
                <Coords points="790,1169 2915,1189 3188,1082 3745,1114 3780,972 790,1035"/>
                <Baseline points="812,1122 835,1116 925,1116 1015,1116 1104,1116 1194,1110 1283,1110 1373,1110 1462,1104 1552,1104 1641,1104 1731,1104 1821,1098 1910,1098 2000,1098 2089,1092 2179,1092 2268,1092 2358,1092 2448,1086 2537,1086 2627,1086 2716,1080 2806,1080 2895,1074 2985,1074 3074,1074 3164,1074 3254,1068 3343,1068 3433,1068 3522,1062 3612,1062 3701,1056 3791,1044"/>
                <TextEquiv>
                    <Unicode>sam ward ihm selbst der Sinn von dem wieder neu gefühlten Zauber</Unicode>
                </TextEquiv>
            </TextLine>
            <TextLine id="tr_2_tl_5" custom="readingOrder {index:4;}">
                <Coords points="774,1406 3314,1252 3618,1323 3575,1126 778,1173"/>
                <Baseline points="800,1289 847,1289 937,1289 1026,1283 1116,1283 1206,1283 1295,1283 1385,1283 1474,1283 1564,1277 1653,1277 1743,1277 1833,1271 1922,1271 2012,1271 2101,1265 2191,1265 2280,1265 2370,1265 2459,1265 2549,1265 2639,1259 2728,1253 2818,1247 2907,1247 2997,1247 3086,1247 3176,1247 3266,1247 3355,1241 3445,1241 3534,1235 3624,1235"/>
                <TextEquiv>
                    <Unicode>seiner eigenen Vergangenheit umfangen,so volletändig war der</Unicode>
                </TextEquiv>
            </TextLine>
            <TextLine id="tr_2_tl_6" custom="readingOrder {index:5;}">
                <Coords points="786,1505 3456,1477 3764,1418 3768,1304 786,1394"/>
                <Baseline points="806,1468 818,1462 907,1462 997,1462 1086,1462 1176,1456 1265,1456 1355,1456 1444,1450 1534,1450 1624,1450 1713,1450 1803,1444 1892,1444 1982,1444 2071,1438 2161,1438 2250,1438 2340,1432 2430,1432 2519,1432 2609,1432 2698,1427 2788,1427 2877,1421 2967,1421 3057,1415 3146,1409 3236,1409 3325,1409 3415,1415 3504,1409 3594,1403 3683,1403 3773,1391"/>
                <TextEquiv>
                    <Unicode>Triumph all des herrlichen durchlebten, doch unwiderruflich Gewe-</Unicode>
                </TextEquiv>
            </TextLine>
            <TextLine id="tr_2_tl_7" custom="readingOrder {index:6;}">
                <Coords points="2998,1521 3026,1521 3045,1537 3065,1517 3081,1525 3160,1521 3180,1501 3223,1517 3278,1509 3282,1442 3239,1446 3207,1422 3152,1462 3128,1446 3097,1458 3042,1450 3026,1430 3002,1430"/>
                <Baseline points="3021,1498 3110,1492 3200,1492 3289,1492"/>
                <TextEquiv>
                    <Unicode>seiner</Unicode>
                </TextEquiv>
            </TextLine>
            <TextLine id="tr_2_tl_8" custom="readingOrder {index:7;}">
                <Coords points="786,1655 1714,1738 1896,1643 3196,1600 3516,1695 3887,1521 790,1556"/>
                <Baseline points="812,1641 847,1636 937,1636 1026,1630 1116,1630 1206,1630 1295,1630 1385,1630 1474,1624 1564,1624 1653,1618 1743,1618 1833,1618 1922,1618 2012,1612 2101,1612 2191,1612 2280,1606 2370,1606 2459,1606 2549,1600 2639,1600 2728,1600 2818,1594 2907,1594 2997,1594 3086,1594 3176,1594 3266,1588 3355,1588 3445,1582 3534,1576 3624,1570 3713,1564 3803,1564 3892,1558"/>
                <TextEquiv>
                    <Unicode>senen über das armselig Schattenhafte, das sich doch Gegenwärtigkeit</Unicode>
                </TextEquiv>
            </TextLine>
            <TextLine id="tr_2_tl_9" custom="readingOrder {index:8;}">
                <Coords points="928,1781 948,1781 984,1754 1015,1758 1035,1746 1047,1754 1086,1746 1153,1750 1185,1762 1189,1691 1169,1691 1165,1679 1153,1683 1078,1643 1039,1675 999,1683 960,1647 940,1647"/>
                <Baseline points="955,1767 1015,1737 1104,1737 1194,1737"/>
                <TextEquiv>
                    <Unicode>nisten</Unicode>
                </TextEquiv>
            </TextLine>
            <TextLine id="tr_2_tl_10" custom="readingOrder {index:9;}">
                <Coords points="928,1900 3812,1809 3816,1679 932,1718"/>
                <Baseline points="955,1767 1044,1791 1134,1797 1224,1797 1313,1797 1403,1791 1492,1791 1582,1791 1671,1785 1761,1785 1850,1785 1940,1779 2030,1785 2119,1785 2209,1779 2298,1779 2388,1773 2477,1773 2567,1773 2657,1767 2746,1773 2836,1767 2925,1761 3015,1761 3104,1761 3194,1755 3283,1755 3373,1755 3463,1755 3552,1755 3642,1749 3731,1743 3821,1749"/>
                <TextEquiv>
                    <Unicode>dürfte, dass er eben im Begriffe war, die Geschichte eines</Unicode>
                </TextEquiv>
            </TextLine>
            <TextLine id="tr_2_tl_11" custom="readingOrder {index:10;}">
                <Coords points="786,2026 1698,2078 2046,1995 2188,2074 2959,1955 3219,2030 3717,1947 3721,1770 3077,1884 786,1920"/>
                <Baseline points="806,1976 859,1982 949,1976 1038,1976 1128,1976 1218,1976 1307,1976 1397,1970 1486,1970 1576,1970 1665,1964 1755,1964 1844,1964 1934,1964 2024,1958 2113,1958 2203,1952 2292,1952 2382,1952 2471,1952 2561,1952 2651,1946 2740,1946 2830,1940 2919,1940 3009,1940 3098,1940 3188,1934 3277,1934 3367,1934 3457,1928 3546,1922 3636,1922 3725,1916"/>
                <TextEquiv>
                    <Unicode>hübschen blassen Mädohens zu berichten, das ihm im Dämmer einer</Unicode>
                </TextEquiv>
            </TextLine>
            <TextLine id="tr_2_tl_12" custom="readingOrder {index:11;}">
                <Coords points="798,2200 3804,2149 3808,2026 798,2070"/>
                <Baseline points="818,2155 859,2155 949,2149 1038,2149 1128,2143 1218,2143 1307,2143 1397,2143 1486,2137 1576,2137 1665,2131 1755,2131 1844,2131 1934,2131 2024,2125 2113,2125 2203,2119 2292,2119 2382,2119 2471,2119 2561,2119 2651,2113 2740,2113 2830,2113 2919,2107 3009,2107 3098,2107 3188,2101 3277,2101 3367,2101 3457,2101 3546,2095 3636,2095 3725,2095 3815,2083"/>
                <TextEquiv>
                    <Unicode>Kirche zu Mantua seinen Liebeskummer anvertraut hatte, ohne daran</Unicode>
                </TextEquiv>
            </TextLine>
            <TextLine id="tr_2_tl_13" custom="readingOrder {index:12;}">
                <Coords points="794,2398 3310,2362 3729,2311 3733,2157 798,2279"/>
                <Baseline points="818,2334 871,2328 961,2328 1050,2322 1140,2322 1229,2322 1319,2322 1409,2322 1498,2316 1588,2310 1677,2316 1767,2310 1856,2310 1946,2304 2036,2304 2125,2304 2215,2298 2304,2298 2394,2304 2483,2298 2573,2298 2662,2292 2752,2292 2842,2292 2931,2286 3021,2286 3110,2286 3200,2286 3289,2280 3379,2280 3469,2280 3558,2274 3648,2274 3737,2268"/>
                <TextEquiv>
                    <Unicode>zu denken, dass ihm dieses selbe Geschöpf, um sechzehn Jahre ge-</Unicode>
                </TextEquiv>
            </TextLine>
            <TextLine id="tr_2_tl_14" custom="readingOrder {index:13;}">
                <Coords points="806,2520 1094,2599 3583,2504 3737,2362 806,2433"/>
                <Baseline points="829,2501 877,2507 967,2501 1056,2501 1146,2495 1235,2495 1325,2495 1415,2495 1504,2489 1594,2489 1683,2489 1773,2489 1862,2483 1952,2477 2042,2477 2131,2477 2221,2477 2310,2477 2400,2471 2489,2471 2579,2465 2668,2465 2758,2465 2848,2465 2937,2465 3027,2459 3116,2459 3206,2459 3295,2459 3385,2459 3475,2459 3564,2454 3654,2448 3743,2436"/>
                <TextEquiv>
                    <Unicode>altert, als die Frau seines Freundes Olivo hier am Tische gegen-</Unicode>
                </TextEquiv>
            </TextLine>
        </TextRegion>
        <TextRegion id="tr_1" custom="readingOrder {index:1;}">
            <Coords points="812,2571 4000,2571 4000,4625 812,4625"/>
            <TextLine id="tr_1_tl_1" custom="readingOrder {index:0;}">
                <Coords points="790,2714 1169,2793 2007,2670 2287,2753 2544,2658 3745,2674 3745,2560 3267,2496 2895,2591 794,2603"/>
                <Baseline points="812,2680 889,2674 979,2674 1068,2674 1158,2674 1247,2674 1337,2668 1427,2668 1516,2668 1606,2668 1695,2662 1785,2662 1874,2662 1964,2657 2053,2657 2143,2657 2233,2651 2322,2651 2412,2651 2501,2651 2591,2645 2680,2645 2770,2645 2860,2639 2949,2639 3039,2633 3128,2639 3218,2633 3307,2633 3397,2633 3486,2633 3576,2627 3666,2627 3755,2621"/>
                <TextEquiv>
                    <Unicode>über sass;- als mit plumpem Schritt die Magd eintrat und melde-</Unicode>
                </TextEquiv>
            </TextLine>
            <TextLine id="tr_1_tl_2" custom="readingOrder {index:1;}">
                <Coords points="802,2876 3425,2895 3792,2852 3792,2741 802,2797"/>
                <Baseline points="823,2860 847,2860 937,2860 1026,2860 1116,2854 1206,2854 1295,2854 1385,2848 1474,2848 1564,2848 1653,2848 1743,2848 1833,2842 1922,2842 2012,2842 2101,2842 2191,2836 2280,2836 2370,2836 2459,2830 2549,2830 2639,2830 2728,2824 2818,2824 2907,2824 2997,2824 3086,2818 3176,2818 3266,2818 3355,2818 3445,2812 3534,2812 3624,2812 3713,2806 3803,2800"/>
                <TextEquiv>
                    <Unicode>te, dass vor dem Tore der Wagen bereit stehe. Und sofort, mit sei-</Unicode>
                </TextEquiv>
            </TextLine>
            <TextLine id="tr_1_tl_3" custom="readingOrder {index:2;}">
                <Coords points="790,3093 3259,3065 3697,3014 3741,2899 794,2951"/>
                <Baseline points="812,3027 883,3033 973,3027 1062,3033 1152,3027 1241,3027 1331,3027 1421,3027 1510,3027 1600,3021 1689,3021 1779,3021 1868,3015 1958,3015 2047,3015 2137,3015 2227,3015 2316,3009 2406,3009 2495,3003 2585,3003 2674,3003 2764,3003 2854,2997 2943,2997 3033,2997 3122,2997 3212,2997 3301,2991 3391,2991 3480,2985 3570,2985 3660,2979 3749,2973"/>
                <TextEquiv>
                    <Unicode>ner unvergleichlichen Gabe, sich in Traun und Wachen, wann immer</Unicode>
                </TextEquiv>
            </TextLine>
            <TextLine id="tr_1_tl_4" custom="readingOrder {index:3;}">
                <Coords points="806,3298 2974,3172 3563,3247 3685,3235 3689,3093 810,3109"/>
                <Baseline points="829,3212 919,3212 1009,3212 1098,3212 1188,3206 1277,3206 1367,3206 1456,3200 1546,3200 1636,3194 1725,3194 1815,3188 1904,3188 1994,3188 2083,3188 2173,3188 2262,3182 2352,3182 2442,3182 2531,3182 2621,3182 2710,3176 2800,3176 2889,3176 2979,3170 3069,3170 3158,3170 3248,3170 3337,3170 3427,3164 3516,3164 3606,3164 3695,3164"/>
                <TextEquiv>
                    <Unicode>es nötig war, ohne Zögern zurechtzufinden, erhob sich Casanova,</Unicode>
                </TextEquiv>
            </TextLine>
            <TextLine id="tr_1_tl_5" custom="readingOrder {index:4;}">
                <Coords points="1750,3298 1785,3290 1841,3322 1947,3278 1995,3314 2180,3286 2252,3302 2271,3282 2402,3271 2402,3207 2279,3200 2244,3227 2208,3200 2097,3203 2050,3227 1995,3203 1939,3227 1884,3203 1856,3231 1813,3200 1750,3223"/>
                <Baseline points="1773,3277 1785,3277 1874,3277 1964,3272 2053,3266 2143,3266 2233,3266 2322,3260 2412,3254"/>
                <TextEquiv>
                    <Unicode>Er forderte den</Unicode>
                </TextEquiv>
            </TextLine>
            <TextLine id="tr_1_tl_6" custom="readingOrder {index:5;}">
                <Coords points="814,3480 3891,3401 3993,3227 818,3302"/>
                <Baseline points="841,3385 865,3379 955,3379 1044,3379 1134,3379 1224,3373 1313,3373 1403,3373 1492,3373 1582,3373 1671,3373 1761,3367 1850,3367 1940,3361 2030,3367 2119,3361 2209,3361 2298,3361 2388,3361 2477,3355 2567,3355 2657,3355 2746,3349 2836,3349 2925,3349 3015,3349 3104,3349 3194,3343 3283,3337 3373,3337 3463,3337 3552,3337 3642,3331 3731,3331 3821,3331 3910,3337 4000,3337"/>
                <TextEquiv>
                    <Unicode>um Abschied zu nehmen, olivo beregten vor Nührung die Worte###</Unicode>
                </TextEquiv>
            </TextLine>
            <TextLine id="tr_1_tl_7" custom="readingOrder {index:6;}">
                <Coords points="814,3650 1217,3567 2789,3626 3626,3523 3626,3421 818,3484"/>
                <Baseline points="835,3558 859,3558 949,3558 1038,3558 1128,3552 1218,3552 1307,3546 1397,3546 1486,3546 1576,3546 1665,3546 1755,3540 1844,3546 1934,3540 2024,3546 2113,3540 2203,3540 2292,3540 2382,3540 2471,3540 2561,3534 2651,3534 2740,3528 2830,3528 2919,3528 3009,3522 3098,3522 3188,3522 3277,3522 3367,3522 3457,3516 3546,3516 3636,3510"/>
                <TextEquiv>
                    <Unicode>Gasanova fordesta ihn nochmals mit Herzlichkeit auf, ihn mit</Unicode>
                </TextEquiv>
            </TextLine>
            <TextLine id="tr_1_tl_8" custom="readingOrder {index:7;}">
                <Coords points="802,3828 3342,3772 3788,3721 3792,3587 802,3658"/>
                <Baseline points="823,3737 841,3737 931,3737 1021,3731 1110,3731 1200,3731 1289,3731 1379,3731 1468,3725 1558,3725 1647,3725 1737,3719 1827,3719 1916,3719 2006,3719 2095,3713 2185,3719 2274,3713 2364,3713 2454,3713 2543,3707 2633,3707 2722,3707 2812,3701 2901,3701 2991,3701 3080,3701 3170,3695 3260,3695 3349,3695 3439,3695 3528,3695 3618,3689 3707,3689 3797,3678"/>
                <TextEquiv>
                    <Unicode>Frau und Kindern in Venedig zu besuchten und umarmte ihn; als er</Unicode>
                </TextEquiv>
            </TextLine>
            <TextLine id="tr_1_tl_9" custom="readingOrder {index:8;}">
                <Coords points="814,3918 984,4017 1722,4013 3780,3875 3729,3749 818,3816"/>
                <Baseline points="835,3916 925,3916 1015,3910 1104,3910 1194,3910 1283,3904 1373,3904 1462,3904 1552,3904 1641,3898 1731,3898 1821,3898 1910,3892 2000,3892 2089,3892 2179,3892 2268,3887 2358,3887 2448,3887 2537,3881 2627,3881 2716,3881 2806,3875 2895,3881 2985,3875 3074,3875 3164,3869 3254,3869 3343,3869 3433,3869 3522,3863 3612,3863 3701,3863 3791,3851"/>
                <TextEquiv>
                    <Unicode>sich mit der gleichen Absicht Amalien näherte, wehrte sie leicht</Unicode>
                </TextEquiv>
            </TextLine>
            <TextLine id="tr_1_tl_10" custom="readingOrder {index:9;}">
                <Coords points="818,4151 2635,4151 3397,4049 3681,4128 3760,3946 822,4029"/>
                <Baseline points="841,4090 901,4090 991,4090 1080,4084 1170,4084 1259,4084 1349,4078 1438,4078 1528,4078 1618,4078 1707,4072 1797,4072 1886,4072 1976,4072 2065,4066 2155,4066 2245,4066 2334,4066 2424,4066 2513,4060 2603,4060 2692,4060 2782,4054 2871,4054 2961,4048 3051,4048 3140,4048 3230,4042 3319,4042 3409,4042 3498,4042 3588,4036 3678,4036 3767,4036"/>
                <TextEquiv>
                    <Unicode>ab und reichte ihm nur die Hand, die er ehrerbietig küsste. Wie</Unicode>
                </TextEquiv>
            </TextLine>
            <TextLine id="tr_1_tl_11" custom="readingOrder {index:10;}">
                <Coords points="818,4294 944,4373 2473,4254 3180,4325 3749,4246 3820,4136 818,4187"/>
                <Baseline points="841,4257 871,4263 961,4263 1050,4263 1140,4257 1229,4257 1319,4257 1409,4251 1498,4257 1588,4251 1677,4245 1767,4245 1856,4245 1946,4245 2036,4239 2125,4239 2215,4239 2304,4239 2394,4239 2483,4239 2573,4239 2662,4233 2752,4227 2842,4227 2931,4227 3021,4221 3110,4221 3200,4221 3289,4215 3379,4215 3469,4209 3558,4209 3648,4209 3737,4209 3827,4209"/>
                <TextEquiv>
                    <Unicode>er sich nun zu Marolina wandte, sagte diese: „All das, was Sie und</Unicode>
                </TextEquiv>
            </TextLine>
            <TextLine id="tr_1_tl_12" custom="readingOrder {index:11;}">
                <Coords points="818,4483 2236,4511 2528,4416 3255,4499 3863,4416 3867,4325 822,4317"/>
                <Baseline points="841,4442 919,4436 1009,4436 1098,4436 1188,4430 1277,4430 1367,4430 1456,4424 1546,4424 1636,4424 1725,4424 1815,4418 1904,4418 1994,4418 2083,4412 2173,4412 2262,4412 2352,4412 2442,4412 2531,4412 2621,4406 2710,4400 2800,4400 2889,4400 2979,4400 3069,4400 3158,4394 3248,4394 3337,4388 3427,4388 3516,4388 3606,4382 3695,4382 3785,4382 3875,4376"/>
                <TextEquiv>
                    <Unicode>uns heute Abend erzählt haben — und noch viel mehr - sollten die</Unicode>
                </TextEquiv>
            </TextLine>
            <TextLine id="tr_1_tl_13" custom="readingOrder {index:12;}">
                <Coords points="818,4704 2433,4752 2911,4598 3847,4586 3851,4483 822,4499"/>
                <Baseline points="841,4615 907,4615 997,4615 1086,4609 1176,4609 1265,4603 1355,4603 1444,4603 1534,4603 1624,4603 1713,4603 1803,4597 1892,4591 1982,4591 2071,4591 2161,4585 2250,4585 2340,4585 2430,4585 2519,4585 2609,4585 2698,4579 2788,4579 2877,4579 2967,4573 3057,4573 3146,4567 3236,4567 3325,4561 3415,4561 3504,4561 3594,4561 3683,4555 3773,4555 3863,4555"/>
                <TextEquiv>
                    <Unicode>Sie niederschreiben. Herr Chevalier, so wie Sie es mit Ihrer</Unicode>
                </TextEquiv>
            </TextLine>
        </TextRegion>
    </Page>
</PcGts>
