4088 5208
3543 336 3741 553 112
803 452 3592 668 tig“, so setzte Casanova ein, „dass ich gesonnen bin yhnen die
792 631 3555 862 Summe Geldes anzubieten, die Sie dem Marchese schuldig sind;
803 829 3771 1001 nicht leihweise, denn das - Sie werden mir verzeihen - hielte ich
799 993 3782 1165 für ein allzu riskantes geschäft, sondern als - freilich geringen
799 1180 3652 1385 Gegenwert für eine Gefälligkeit, die Sie mir zu erweisen viel-
792 1337 3644 1516 leicht imstande wären".- „Ich höre“, sagte Lorenzi kalt.- „Ehe
799 1505 3581 1703 ich mich weiter äussere,“ erwiderte Casanova in selben Tone,
806 1721 3625 1893 „bin ich genötigt eine Bedingung zu stellen, von deren Annahme
792 1863 3670 2046 durch Sie ich die Fortsetzung dieser Unterhaltung abhängig ma-
799 2054 3793 2251 che".-.Nennen Sie Ihre Bedingung".- „Ich verlange Ihr Ehrenwort,
799 2240 3652 2446 dass Sie mich anhören, ohne mich zu unterbrechen, auch wenn das,
799 2419 3596 2599 was ich ihnen zu sagen habe, Ihr Befremden oder Ihr Misfallen
792 2599 3670 2774 oder gar Ihre Empörung erregen sollte. Es steht vollkommen bei
792 2733 3588 2957 Ihnen, Herr Leutenant Lorenzi, ob Sie nachher meinen Vorschlag
784 2931 3592 3144 annehmen wollen, über dessen Ungewöhnlichkeit ich mich keiner
780 3099 3764 3297 Täuschung hingebe, oder nicht; aber die Antwort, die ich von Ihnen
784 3274 3573 3461 erwarte, ist entweder ein Ja oder ein Nein; und wie immer sie
784 3424 3685 3637 ausfallen sollte, -von dem, was hier verhandelt wurde, zwischen
769 3640 3734 3823 zwei Ehrenmännern, die vielleicht beide auch Verlorene sind, wird
780 3805 3596 4006 niemals eine Menschenseele erfahren".-.Ich bin bereit Ihren
784 3954 3525 4141 Vorschlag zu hören".-.Und nehmen meine Vorbedinglung an?“ -
769 4137 3629 4339 „Ich werde Sie nicht unterbrechen".- „Und werden kein anderes
784 4312 3555 4510 Wort erwidern als Ja oder Nein?“ - „Kein anderes alsruber
780 4503 3663 4727 Nein".- „gut denn“, sagte Casanova. Und während sie langsam hü-
