4152 5208
3541 330 3715 570 134
815 485 3663 785 Kuss unlöslicher zu verbinden? Wurde, was sich als Betrug ent-
826 781 3626 937 sponnen, nicht Wahrheit in den namenlosen Entzückungen dieser
841 930 3670 1126 wacht... Ja, durchschauerte sie, die Betragene, die Geliebte, die
815 1170 3652 1281 Einzige, nicht selbst schon eine Ahnung, dass es nicht Lorenzi,
822 1348 3733 1459 der Jüngling, der Wicht, dass es ein Mann,- das es Casanova war,
815 1515 3704 1667 in dessen Göttergluten sie verging? Und schon begann er es für
804 1685 3633 1844 möglich zu halten, dass ihm der ersehnte und doch gefürchtete
804 1874 3615 1996 Augenblick des Geständnisses gänzlich erspart bleiben würde;
822 2011 3633 2185 er träumte davon, dass Marcolina selbst, bebend, gebannt, erlöst
815 2215 3741 2322 ihm seinen Namen entgegenflüstern würde. Und dann - wenn sie so
822 2344 3733 2515 ihm verziehen - nein - seine Verzeihung empfangen - dann wollte
811 2489 3704 2682 er sie mit sich nehmen, sofort in dieser selben Stunde noch, mit
822 2685 3767 2893 ihr im Grauen der Frühe das Haus verlassen, mit ihr in den Wagen
815 2848 3693 3048 steigen, der draussen an der Strassenbiegung wartete... mit ihr
3315 2996 3707 3130 können.
822 3019 3696 3241 davonfahren, für immer sie halten, sein Lebenswerk damit hürmen,
804 3189 3730 3400 dass er, in Jahren, da Andere sich zu einem trüben Greisentum be-
807 3352 3782 3548 reiten, die Jüngste, die Schönste,die Klügste durch die ungeheuert
811 3519 3715 3756 Macht seines unverlöschlichen Wesens gewonnen, und sie für alle
796 3785 3626 3930 Zeit zur seinen gemacht hatte. Denn diese war sein, wie keine
804 3919 3693 4111 vor ihr. Er glitt mit ihr durch geheimnisvolle schmale Kanäle,
804 4104 3711 4289 zwischen Palästen hin, in deren Schatten er nun wieder heimisch
811 4244 3633 4444 war, unter geschwungenen Brücken, über die verdämnernde Gestal-
811 4452 3685 4656 ten huschten; manche winkten über die Brüstung ihnen entgegen
