4216 5352
3434 371 3620 576 27
731 557 3646 856 in der Stunde wiederfinde, da Sie Mautung verlassen wollen, und
723 806 3752 1045 es mir,- es war nicht leicht, Amalia - gelingt, Sie hieherzulocken,
208 806 382 1045 e
738 958 3654 1208 da geizen Sie so mit Ihrer Zeit, dass Sie uns - möchten Sie es
750 1196 3733 1420 glauben. Herr Abbate - dass er uns nicht mehr als höchstens zwei
742 1352 3623 1571 Tage schenken will!“ - „Der Chevalier wirdsich vielleicht zu
746 1549 3790 1764 einer Verlängerung seines Aufenthalte überreden lassen“, sagte dem
742 1753 3722 1969 Abbate, der oben mit viel Behagen eine Pfirsichschnitte im Mund
738 1912 3665 2109 zugehen liess, und warf auf Amalia einen raachen Blick, aus dem
757 2018 3673 2287 Casanova zu entnehmen glaubte, dass sie den Abbate in tieferes
761 2287 3756 2457 Vertrauen gezogen hatte als ihren Gatten.-.Das wird mir leider
753 2400 3756 2650 nicht möglich sein“, erwiderte Casanova förmlich;.denn ich darf
750 2628 3658 2825 Freunden, die solchen Anteil an meinem Schicksal nehmen, nicht
753 2806 3752 2980 verhehlen, dass meine venezianischen Mitbürger im Begriffe sind,
750 2957 3726 3169 mir für das Unrecht, das sie mir vor Jahren zugefügt, et ne etwas
761 3093 3699 3321 verspütete, aber umso ehrenvollere Genugtuung zu geben, und ich
2537 3260 2938 3377 versagen
1450 3298 1719 3411 mich
810 3286 3639 3578 ihrem Drüngen nicht länger mehr werde widerstehen können, wenn
799 3495 3661 3699 ich nicht undankbar oder gar nachträgerisch erscheinen will.
780 3703 3703 3873 Mit einer leichten Handbewegung wehrte er eine neugierig-ehr-
784 3801 3771 4116 furchtsvolle Frage ab, die er auf Olivos Lippen sich runden sah
810 3998 3843 4218 und bemerkte rasch: Nun Olivo, ich bin bereit. Zeigen Sie mir Ihr
769 4176 3052 4449 kleines Königreich.“
841 4396 3726 4600 Wär' es nicht geratener", warf Amal in ein, dazu die
731 4574 3741 4854 kühlere Tageszeit abzuwarten? Der Chevalier wird jetzt gewiss
