4264 5384
717 541 3587 786 bebte. „Du wirst weder meine Lippen noch meine Hände küssen",
729 752 3652 1005 sagte er zu Amalia, und du sollst mich vergeblich erwartet und
744 905 3687 1162 vergeblich von mir geträumt haben - es sei denn, dass ich vorher
744 1066 3667 1339 Marcolina besessen habe."-.Bist du wahnsinnig, Casanova?° rief
756 1285 3671 1511 Amalia mit weher Stimme.-.50 haben wir einander nichts vorzu-
752 1446 3687 1726 werfen", sagte Casanova..Du bist wahnsinnig, da du in mir altem
756 1623 3587 1876 Manne den Geliebten deiner Jugend wiederzusehen glaubst, ich,
760 1803 3606 2026 weil ich mir in den Kopf gesetzt habe, Marcolina zu besitzen.
763 1976 3748 2237 Aber vielleicht ist uns beiden beschieden wieder zu Verstand zu
783 2125 3786 2386 kommen. Marcolina soll mich wieder jung machen - für dich. Also-
629 2344 1726 2517 führe meine Sache bei ihr.
790 2317 3725 2536 ###,Amalia!" - „Du bist nicht bei dir,Casanova.
779 2524 3721 2770 Es ist unmöglich. Sie will von keinem Mann etwas wissen".- Ca-
794 2689 3821 2904 sanova lachte auf..Und der Leutenant Lorenzi?"- „Was soll'e mit
832 2862 3802 3096 Lorenzi sein?" - „Er ist ihr Liebhaber, ich weiss es."- „Wie du
786 3050 3806 3315 dich irret, Casanova. Er hat um ihre Hand angehalten und sie hat
802 3192 3641 3445 sie ausgeschlagen. Und er ist jung  - er ist schön - ja, fast
798 3384 3802 3633 glaub ich, schöner als du je gewesen bist, Casanova!" - „Er hätte
821 3591 3859 3809 um sie geworben?"- „Frage doch Olivo, wenn du mir nicht glaubst“.
832 3763 3821 4055 „Nun, mir gilt’s gleich. Was geht's mich an, ob sie eine Jungfrau
829 3932 3740 4158 ist oder eine Dirne, Braut oder Witwe – ich will sie haben, ich
832 4074 3775 4343 will sie!" - „Ich kann sie dir nicht geben, mein Freund." Und er
829 4277 3664 4538 fühlte aus dem Ton ihrer Stimme, dass sie ihn beklagte..Nun
852 4450 3871 4692 siehst du“, sagte er, was für ein schmählicher Kerl ich geworden
844 4627 3928 4876 bin, Amalia! Noch vor zehn - noch vorgfünf Jahren hätt' ich keinen
