4104 5240
516 250 725 505 et le
3421 239 3656 568 245
867 542 3772 729 den Ermordeten auf die stirn. Dann erhob er sich rasch und eil-
867 703 3814 957 te, der Mauer entlang, um die Ecke, nach abwärts biegend der Stras-
867 897 3746 1118 se zu. Der Wagen stand an der Kreuzung, wo er ihn verlassen, der
864 1092 3686 1279 Kutscher war auf dem Bock fest eingeschlafen. Casanova hatte
834 1230 3810 1413 Acht ihn nicht aufzuwecken, stieg mit äusserster Vorsicht ein und
860 1361 3814 1615 jetzt erst rief er ihn an.  He! Wird's bald! und xxx puffte ihn
875 1593 3780 1772 in den Rücken. Der Kutscher schrak auf, schaute um sich, staunte,
875 1802 3660 1955 dass es sohon ganz licht war, dann hieb er auf die Rosse ein
875 1929 3754 2131 und fuhr davon. Casanova lehnte sich tief zurück, in den Mantel
875 2127 3761 2307 gehüllt, der einmal Lorenzi gehört hatte. Im Dorf waren nur ein
875 2296 3791 2497 paar Kinder auf der Strasse zu sehen; die Männer und Weiber of-
886 2490 3705 2643 fenbar schon alle bei der Arbeit auf dem Feld. Als die Häuser
875 2621 3709 2804 hinter ihhen lagen, atmete Casanova auf; er öffnete den Reise-
894 2819 3772 3017 sack, nahm seine Sachen heraus und begann sich unter dem Schutz
886 2957 3832 3152 des Mantels anzukleiden, nicht ohne sorge, dass der Kutscher sich
905 3170 3728 3357 umdrehen und ihm seines Fahrgastes sonderbares Gebahren auf-
879 3331 3821 3537 fallen könnte. Doch nichte dergleichen geschah; Casanova konnte
897 3548 3720 3694 sich ungestört fertig machen, brachte Lorenzie Mantel im Sack
897 3716 3791 3914 unter und nahm wieder den seinen um. er ullekte xxx den
894 3877 3896 4086 für Der nach den Nimmel, der aller getrübt hervé. Er fühlte sich X
905 4038 3709 4229 nicht müde, vielmehr aufs Höchste angespannt und überwach. Er
894 4172 3772 4412 Überdachte seine Lage und kam, wie immer er sie betrachtete, zu
864 4393 3668 4644 dem Schluss, dass sie wohl einigermassen bedenklich war, aber
