4184 5304
2342 223 2549 511 1,1
3463 211 3674 587 82
3048 568 3217 741 G.F.P
756 691 3850 975 Monate lang in unruhigen Zeiten goldat gewesen, vor vielen Jahren,
798 910 3762 1125 auf der Insel Corfu - gab es denn einen Beruf auf Erden, in den
795 1075 3762 1351 ihn das Schicksal nicht verschlagen?- er habe nie das Glück ge-
802 1278 3797 1497 habt einen wirklichen Feldzug mitzumachen, wie das nun dem Herrn
814 1451 3685 1681 Leutenant Lorenzi bevorstünde, und worum er ihn fast beneiden
825 1566 3827 1893 möchte.- „Da wissen Sie mehr als ich, Herr Casanova,“ sagte Loren-
821 1774 3812 2015 zi mit einer hellen und frechen Stimme-, und sogar mehr als mein
829 1958 3797 2265 Oberst, denn ich habe eben Verlängerung meines Urlaubs auf unbe-
841 2146 3804 2361 stimmteZeit erhalten".- Wahrhaftig?“ rief der Marchese mit un-
848 2349 3720 2583 beherrschtem Grimme, und höhnisch setzte er hinzu:„Und denken
841 2503 3766 2702 Sie nur, Lorenzi, wir - meine Gattin vielmehr, hatte schon so si-
856 2668 3693 2898 cher auf Ihre Abreise gerechnet, dass sie für Anfang nächster
860 2833 3789 3094 Woche einen unserer Freunde, den Sänger Baldi, auf unser Schloss
871 3021 3708 3259 einlud".-.Das trifft sich gut", entgegnete Lorenzi unbeirrt.
875 3171 3858 3447 „Baldi und ich sind gute Freunde, wir werden uns vertragen, nicht
879 3340 3758 3597 wahr?“ wandte er sich an die Marchesa und liess seine Zähne
864 3543 3827 3785 blitzen. - „Ich würde es Beiden raten", meinte die Marchesa mit
883 3770 1973 4004 einem heitern Lächeln.
1347 3916 3889 4161 Mit diesen Worten nahm sie als erste an Tische Platz;
902 4100 3793 4322 ihr zur Seite Olivo, an ihrer anderen Lorenzi. Ihnen gegenüber
910 4288 3900 4491 sass Amalia zwischen dem Marchese und Casanova; neben diesem an
898 4453 3843 4683 einem schmalen Tischende Marcolina; am andern, neben Olivo, der
