4136 5256
3467 277 3657 602 24
732 483 3661 827 Schrift gegen Voltaire hätte weiterarbeiten können.- und schon
736 760 3696 1009 war entschlossen, beim nächsten Wirtshaus, das oben sichtbar wur¬
736 946 3684 1171 de, auszusteigen, ein beliebiges Gefährt zu mieten und zurückzu-
732 1132 3740 1298 fahren, als Olivo ein lautes Hollah Heh! hören liess, nach seiner
732 1298 3530 1504 Art mit beiden Händen zu winken begann und. Casanova beim Art.
736 1472 3665 1737 packend, auf einen Wagen deutete, der neben dem ihren, zugleich
740 1674 3692 1908 mit diesem wie auf Verabredung, stehen geblieben war. Von jenem
736 1836 3585 2034 andern aber sprangen, eines hinter dem andern, drei ganz junge
756 2030 3641 2224 Mädchen herunter, so dass das schmale Brett, das ihnen als Sitz
744 2200 3613 2394 gedient hatte, in die Höhe flog und umkippte. Meine Töchter",
748 2394 3633 2604 wandte sich Olivo, nicht ohne Stolz an Casanova, und als dieser
756 2549 3724 2786 sofort Miene machte seinen Platz im Wagen zu verlassen, rief der
732 2691 3641 2921 andere: Bleiben Sie nur sitzen, mein teurer Chevalier, in einer
752 2901 3771 3138 Viertelstunde sind wir an Ziel und so lange können wir uns schon
736 3111 3764 3273 alle in meiner Kutsche behelfen. Maria, flanetta, Toresina - seht,
736 3281 3645 3447 das ist der Chevalier von Seingalt, ein alter Freund Eures Va-
740 3439 3562 3649 tere, kommt nur näher, küsst ihm die Hand, denn ohne ihn wärst
744 3550 3673 3811 Ihr- "er unterbrach sich und flüsterte Casanova zu:.Bald hätt'
744 3807 3760 3981 ich was Dummes gesagt.“ Dann verbesserte er sich laut: „Ohne ihn
756 3950 3704 4187 wäre manches anders! Die Mädchen, schwarzharrig und dunkeläugig
724 4171 3787 4341 wie Olzvo, und alle, auch die älteste, Terezina, noch von kindlichen
534 4298 3720 4571 4 Quänschn, betrachteten den Prenden nit ungezwungener, etwas bäuri-
724 4500 3831 4812 scher Neugier, und die Jüngete, Maria, schickte sich, der väterlichen
