4216 5256
1985 185 2533 467 Votre très obéissant aussi a-
803 209 1135 444 :
741 514 3657 780 lose Elemente, die an diesen Verbindungen, die man mit einem här-
753 722 3676 977 teren Worte auch Verschwörungen nennen könnte, in hervorragendem
741 938 3749 1147 Masse Teil haben. Auf öffentlichen plätzen, in den Kaffeehäusern,
753 1093 3811 1348 von Privatörtlichkeiten gar nicht zu reden, werden, wie uns bekannt
772 1305 3649 1506 ist, die ungeheuerlichsten, ja geradezu hochverräterische Unter-
753 1475 3745 1684 haltungen geführt; aber nur in den seltensten Fällen gelingt es,
768 1622 3749 1884 die Schuldigen auf frischer Tat zu ertappen oder ihnen etwas Si-
768 1830 3742 2039 cheres nachzuweisen, da gerade gewisse, auf der Folter erzwungene
765 2012 3680 2182 Geständnisse sich als so unzuverlässig xxx erwiesen haben, dass
780 2158 3695 2359 einige Mitglieder unseres hohen Rats sich dafür aussprachen, in
768 2340 3788 2518 Hinkunft von einer solchen grausamen und dabei oft irreführenden
780 2529 3699 2711 Untersuchungsmethode lieber abzusehen. Zwar ist kein Mangel an
772 2680 3614 2850 Leuten, die sich gern in den Dienst der Regierung stellen,zum
768 2865 3796 3058 Besten der öffentlichen Ordnung und des Staatswohls; aber gerade
792 3039 3769 3240 von diesen Leuten sind die meisten als gesinnungstüchtige Anhän-
784 3201 3799 3398 ger der bestehenden Verfassung zu sehr bekannt, als dass man sich
795 3367 3711 3591 in ihrer Gegenwart so leicht zu einer unvorsichtigen Bemerkung
788 3548 3784 3738 oder gar zu hochverräterischen Reden hinreissen liesse. Nun wur-
784 3745 3738 3966 de von einem der Senatoren, den ich vorläufig nicht nennen will,
792 3931 3769 4155 in der gestrigen Sitzung die Ansicht ausgesprochen, dass jemand.
795 4066 3761 4328 dem der Ruf eines Mannes ohne sittliche Grundsätze und überdies
784 4282 3703 4510 der Ruf eines Freigeistes voranginge - kurzum, dass ein Mensch
792 4448 3900 4684 wie sie, Casanova, sobald er sich in Venedig wieder zeigte, zweifel-
