4216 5304
499 242 696 442 1:1
801 507 3655 813 dies erzhälte, fühlte Casanova sein verlangen ins Ungemessene
805 680 3708 998 wachsen; und die ginsicht, dass es so töricht als hoffnungslos
816 881 3829 1153 war, brachte ihn der Verzweiflung nahe. Eben als sie aus dem Feld-
816 1055 3757 1342 und Wiesenland auf die Fahrstrasse traten, erschallte ihnen aus
813 1255 3693 1512 einer Staubwolke, die sich näherte, Rufen und Grüssen entgegen.
813 1459 3795 1693 Ein Wagen wurde sichtbar, in dem ein vornehm gekleideter älterer
816 1625 3810 1867 Mann an der Seite einer etwas jüngeren üppigen und geschminkten
828 1811 3750 2049 Dame sass. „Der Marchese“, flüsterte Olivo seinem Begleiter zu,
824 2022 2185 2242 er ist auf dem Wege zu mir."
2948 2060 3470 2196 trefflicher
1293 2155 3791 2381 Der Wagen hielt. „Guten Abend, mein xxxiichar Olivo",
835 2328 3716 2578 rief der Marchese, darf ich Sie bitten mich mit dem Chevalier
843 2446 3837 2759 von Seingalt bekannt zu machen? Denn ich zweifle nicht, dass ich
835 2654 3803 2922 das Vergnügen habe mich ihm gegenüber zu sehen".- Casanova ver-
847 2846 3848 3100 beugte sich leicht. „Ich bin es“, sagte er.- „und ich der Marche-
847 2990 3852 3277 se Celsi, - hier die Marchesameine Gattin.“ Die Dame reichte Cas-
843 3194 3470 3493 nova die Fingerspitzen; er berührte sie mit den Lippen.
1334 3413 3663 3610 „Nun, mein bester Olivo“, sagte der Marchese, dessen
854 3568 3795 3818 wachgelbes schmales Antlitz durch einen dünnen rötlich grauen
866 3780 3844 4014 Knebelhart unnatürlich verlängert schien, und durch die über den
877 3931 3780 4192 stechenden grünlichen Augen zusammengewachsenen dichten roten
1342 4060 2514 4200 in mitteler feindliches
869 4071 3738 4321 Brauen kein freundliches Ansehen erhielt, - mein bester Olivo,
877 4287 3735 4547 wir haben denselben Weg, nämlich zu Ihnen. Und da es kaum ein
881 4464 3920 4710 Viertelstündchen bis dahin ist, will ich aussteigen und mit Ihnen
