4376 5368
2061 208 2230 408 1
861 465 3949 746 Ihrem Gasthof zu Mantua, wenns auch an mancherlei fehlen dürfte.
865 657 3833 973 Er ging voraus, die Stiege zur Galerie hinauf, die sich ringe um
881 834 3795 1088 die Halle im Viereck zog und von deren äusserstem Vinkel eine
904 1019 3876 1242 enge Holztreppe sich nach oben wand. In der Höhe angelangt öff-
896 1188 3810 1473 nete Olivo die Türe zum Turngemach und, an der Schwelle stehen
892 1350 3983 1600 bleibend, wies er es Casanova mit vielen Komplimenten als beschei-
900 1519 3857 1838 denes Fremdenzimmer an. Eine Magd brachte den Mantelsack nach,
911 1661 3937 1980 entfernte sich mit Olivo, und Casanova stand allein in einem mus-
934 1888 3930 2134 sigen, mit allem Notwendigen ausgestatteten, doch ziemlich kahlen
3257 2015 3430 2122 niet
930 2061 3749 2338 Raum, durch dessen vier schmale hohe Bogenfenster/ein weiter
923 2253 3933 2511 Blick nach allen Seiten auf die sonnbeglänzte Ebene mit grünen
930 2399 3926 2672 Weingeländen, bunten Fluren, gelben Feldern, weissen Strassen, hel-
938 2584 3945 2876 len Häusern und dunklen Gärtchen darbot. Casanova kümmerte sich
938 2772 3953 3034 nicht weiter um die Aussicht und machte sich rasch fertig, nicht
957 2930 3822 3226 so sehr aus Hunger, als aus einer quälenden Neugier Marcolina
965 3122 4030 3391 so bald als möglich von Angesicht zu Angesicnt zu sehen; er wech-
977 3284 3999 3584 selte nicht einmal das Gewand, weil er erst Abend in seinem glän-
965 3534 2438 3764 zenderen aufzutreten gedachte.
1396 3699 4010 3957 Als er das im Erdgeschoss gelegene holzgetäfelte Spei-
984 3791 3926 4099 sezimmer betrat, sah er um den wohlbestellten Tisch ausser dem
984 4026 3964 4295 Shepaar und den drei Töchtern ein in nattschimmerndes, einfach
996 4195 3987 4491 herunterfliessendes Grau gekleidetes Mädchen von zierlicher Ge-
1000 4341 3972 4645 stalt sitzen, das ihn mit so unbefangenen Blick betrachtete, als
1173 4529 4083 4875 te er jemand, der zum Hause gehörte oder schon hundert Mal hier
