4120 5240
3430 279 3644 535 149
791 531 3788 758 le sich die Stelle nur erst einmal sichern, sein Dekret - nämlich
791 712 3776 950 als Sekretär des hohen Rats von Venedig- in Empfang nehmen, dann,
807 908 3712 1142 wenn er einmal in Amt und Würden sei, werde er sofort einen Ur-
795 1051 3754 1323 laub verlangen, um seine Angelegenheiten in Mantua zu ordnen, den
814 1266 3565 1474 könne man ihm natürlich nicht verweigern; er lasse ja sogar
818 1455 3641 1692 seine meisten Habseligkeiten hier zurück- und dann, dann hänge
814 1605 3648 1843 es nur vor seiner teuern, von seiner entzückenden Freundin ab,
822 1783 3731 2016 ob sie nicht ihr Wirtsgeschäft hier aufgeben, und ihm als seine
814 1982 3667 2152 Gattin nach Venedig folgen wolle... Sie fiel ihm um den Hals
822 2126 3742 2318 und fragte ihn mit schwimmenden Augen, ob sie ihm nicht vor sei-
814 2291 3791 2510 ner Abfahrt wenigstens ein tüchtiges Frühstück ins Zimmer brin-
822 2472 3678 2672 gen dürfe. Er wusste, dass es auf eine Abschiedsfeier abgesehen
822 2668 3678 2781 war, zu der er nicht das geringste Verlangen verspürte, doch er
3399 2732 3614 2849 er
833 2815 3735 3015 erklärte sich einverstanden, um sie nur endlich einmal drassen
1036 2958 1270 3072 rein
825 2977 3656 3196 zu haben; als sie die Treppe hinunter war, packte er noch von
825 3177 3754 3403 Wäsche und Büchern, was er am dringendsten benötigte, in eine Ta-
833 3343 3735 3599 sche, begab sich in die Wirtsstube, wo er den Kutscher bei einem
833 3528 3757 3724 reichlichen Mahle fand und fragte ihn, ob er - gegen eine Summe,
825 3712 3769 3916 die den gewöhnlichen Preis um das Doppelte überstieg, bereit wä-
833 3874 3833 4115 re, sofort mit den gleichen Pferden in der Richtung gegen Venedig
825 4036 3859 4278 zu fahren, bis zur nächsten Poststation. Der Kutscher schlug ohne-
1805 4176 2992 4274 sinden bei geblick nicht
837 4259 3659 4451 weiteres ein, und so hatte Unsanova die schlimmste Sorge los.
833 4436 3784 4632 Die Wirtin trat ein, zornrot im gesicht undfragte ihn, ob er ver-
2325 4511 2487 4636 Ao
818 4579 3761 4790 gessen habe, dass sein Frühstück auf dem Zimmerwarte. Casanova
