4360 5368
3597 293 3811 499 22
860 503 3845 762 Erzieher an einer Kadettenschule für Pommer'sche Junker gemacht
2384 661 2553 766 des
1904 683 2189 800 bien en
890 687 3804 927 hatte;- eine Gefahr, der er sich allerdings durch rasche Flucht
3150 785 3717 916 te und noch
2332 834 2674 961 Jls ait
1055 856 2298 1010 es ihr Caaanova selbst, der
905 860 3856 1123 entzogen. Von all dem und manchem andern sprach er, als hätte es
3646 954 3913 1089 G.C.F.P.
3338 969 3605 1078 G.C.F.S
2929 995 3120 1100 G.F.P.
1855 1029 2332 1145 votre M.M.
811 1036 3736 1303 sich in einer oben erst verflosenen Zeit zugetragen und läge
3027 1149 3699 1269 wusnte, davon v
1716 1213 2174 1337 nüberaass.
897 1232 3800 1464 nicht in Wirklichkeit Jahre und Jahrzehnte zurück; mancherlei
976 1250 1457 1367 sond Frauen
3387 1307 3687 1416 G.H.F.F:P:F:S
2651 1348 3147 1468 Andere ec
2351 1363 2576 1494 G.C.H.F.P
995 1393 2099 1543 ten ihre Mienen nicht da
909 1412 3804 1682 erfand er dazu, ohne sich seiner grösseren und kleineren Lügen
3594 1479 3781 1573 G.C.F.P.
2445 1510 3334 1641 derselbe geblieben;
935 1528 3931 1817 selber recht bewusst zu werden, freute sich seiner eigenen Laune
1018 1588 1525 1705 Amaliene Aufs
3575 1648 3883 1765 G.H.F.P.
2644 1678 3477 1821 machzehn Jahren, und
1765 1739 2058 1851 G.C.F.F:W.
935 1731 3823 1971 wie der Teilnahme, mit der man ihm lauschte; und während er so
1029 1772 1333 1881 seine x
3586 1829 3823 1949 G.H.F.P
935 1915 3868 2219 erzählte und phantasierte ward ihm fast, als wär' er in der Tat
1528 1934 1690 2031 ilxn
939 2103 3898 2328 noch heute der glückverwöhnte, unverschämte, strahlende Casanova
946 2306 3781 2520 der mit schönen Frauen durch die Welt gefahren, den weltliche
1115 2482 1314 2606 G.C.F.P
961 2429 3826 2734 und geistliche Fürsten mit hoher Gunst ausgezeichnet, der Tau-
976 2644 3875 2873 sende verschwendet, verspielt und verschenkt hatte - und nicht
984 2756 3958 3075 ein herabgekommener Schlucker, den ehemalige Freunde von England
969 3004 3943 3229 und Spanien her mit lächerlichen Summen unterstützten, -die in-
1855 3165 2050 3271 Caas
984 3147 3999 3462 dess auch manchmal ausblieben, so dass er auf die paar armseligen
1622 3342 1975 3473 teternen
984 3368 3928 3601 Geldstücke angewiesen war, die er dem Baron Perotti oder dessen
3173 3447 3391 3552 et M M
999 3507 3928 3804 Gästen abgewann; ja, er vergass sogar, dass es ihm wie ein höch-
3169 3624 3755 3740 es in Blick.
1938 3687 2110 3804 reciteur
995 3702 3954 3943 stes Ziel erschien, in der Vaterstadt, die ihn erst eingekerkert
3271 3796 3571 3913 18tz11
2858 3830 3139 3935 a été en
1682 3864 2114 3995 genn, und
1010 3894 3928 4089 und nach seiner Flucht geächtet und verbannt hatte, als der ge-
1352 3901 1600 3995 irren
3154 3988 3357 4089 esch!
2441 4007 2771 4127 tivr von
1277 4067 1660 4179 den. Vers
999 4059 3935 4266 ringste seiner Mitbürger, als ein Schreiber, ala ein Bettler, alz
3624 4142 3819 4262 ster
2508 4172 3177 4311 an seine Erzählt.
2163 4206 2467 4330 haben:
1521 4228 2028 4337 ad  schickte
1033 4228 3898 4483 ein Nichts - sein einst so prangendes Dasein zu beschliessen.
3496 4318 3864 4431 licher Stadt.
3042 4333 3436 4461 Ober Gein allerunter Geld
1555 4397 2185 4514 et fortzusetzen.
1502 4416 4044 4607 Auch Marcolina hörte ihm aufmerksam zu, aber mit keinen
1096 4529 1607 4724 trat, der vor
1044 4577 3954 4833 andern Ausdruck, als wenn man ihr etwa aus einem Buch leidlich
