4152 5256
3392 332 3623 563 156
2803 432 3351 693 Kankien; d
686 656 3627 895 Bragadino seine Befriedigung darüber, dass Casanova das Anerbie-
686 857 3597 1044 ten des hohen Rats ohne Vorbehalt angenommen; es werde ihn ge-
701 1025 3657 1208 wiss nicht zum Nachteil gereichen, dass er sich entschlossen ha-
3083 1122 3530 1245 entgynett
701 1170 3552 1413 be dem Vaterland seine Dienate zu widmen. Casanova erwidenie,
701 1364 3653 1566 dass er sich dücklich schätzen werde, die Zufriedenheit des ho-
697 1543 3590 1726 hen Rata zu erwerben.- So sprach er und dachte sich sein Teil
708 1696 3713 1916 dabei. Freilich von irgendwelchem Haas gegen Bragadino verspürte
727 1879 3657 2087 er nichts mehr in sich; eher eine gewisse Rührung über den ein-
727 2058 3713 2240 fältig gewordenen uralten Mann, der ihm da gegenübersase mit dünn
719 2248 3537 2445 gewordenem weissen Bart und rotgeränderten Augen dem die
1204 2389 1569 2501 mageren
723 2389 3560 2602 Tasse in der Hand zitterte. Als Casanova ihn zum letzten Mal
719 2572 3690 2788 gesehen hatte, mochte Bragadino etwa so viel Jahre zählen, als Ca-
749 2743 3690 2975 sanova heute; freilich war er ihm schon damals wie ein greis er-
738 2986 1219 3146 schienen.
1185 3068 3556 3306 Nun brachte der Diener das Frühatück für Casanova,
742 3299 3686 3459 der sich's, ohne sich viel zureden zu lassen, vortrefflich schme-
746 3433 3675 3683 oken liess; da er auf seiner Reise nur hie und da einen spürli-
749 3608 3642 3806 ehen Imbiss in Haat zu sich genommen.- Ja, Tag und Nacht war er
757 3780 3597 4018 von Mantua bis hieher gereist;-so eilig hatte er's den hohen
749 3944 3686 4231 Rat seine Bereitwilligkeit, dem edeln Gönner seine unauslöschli-
757 4160 3724 4402 ehe Dankbarkeit zu beweisen: dies brachte er zur entschuldigung
757 4275 3686 4521 vor für die beinahe unanständige Gier, mit der er die dampfende
764 4492 3750 4697 Chokolade sehlürfte. Durcha Fenster drang xxx hausendfältig, Ge-
