4136 5272
3494 381 3699 523 113
739 579 3736 873 gelaufwärts stiegen, zwischen den Rebenstöcken, unter einem schwü-
739 840 3617 1012 len spätnachmittaghimmel, begann Casanova: „Lassen Sie uns die
743 993 3624 1179 Angelegenheit nach den Gesetzen der Logik behandeln, so werden
743 1161 3703 1396 wir einander am besten verstehen. Es besteht offenbar keine Mög-
735 1347 3572 1568 lichkeit für Sie, sich das Geld, das Sie dem Marchese schuldig
743 1530 3527 1721 sind, bis zu der von ihm festgesetzten Frist zu verschaffen;
746 1706 3721 1904 und für den Fall, dass Sie es ihm nicht zahlen sollten, auch darü-
739 1874 3680 2042 ber kann kein Zweifel sein, ist er fest entschlossen Sie zu ver-
750 2079 3647 2213 nichten. Da er mehr von Ihnen weis s, (hier wagte sich Casanova.
2971 2150 3908 2277 sicht ganz empfahrliche
758 2254 3691 2437 weiter vor als er musste, doch er liebte solche kleine Abenten-
769 2370 3632 2587 er auf einem im übrigen vorgezeichneten Weg) als er uns heute
765 2572 3621 2777 verraten hat, sind Sie tatsächlich völlig in der Gewalt dieses
780 2788 3744 2956 Schurken, und Ihr Schicksal als Offizier, als Edelmann wäre besie-
769 2908 3706 3132 gelt. Das ist die eine Seite der Sache. Dagegen sind Sie geret-
769 3135 3721 3285 tet, sobald Sie Ihre Schuld bezahlt und die - irgendwie in Ihren
750 3314 3602 3456 Besitz gelangten Ringe wieder in Händen haben;- und gerettet
773 3449 3673 3669 sein: das heisst für Sie in diesem Fall nicht weniger, als dass
769 3617 3699 3833 Ihnen ein Dasein wieder gehört, mit dem Sie schon so gut wie ab-
773 3818 3583 4009 geschlossen hatten und zwar, da Sie jung, schön und kühn sind,
780 3968 3516 4203 ein Dasein voll Glanz, Glück und Ruhm. Eine solche Aussicht
769 4192 3673 4345 scheint mir herrlich genug, besonders wenn auf der andern Seite
761 4348 3650 4569 nichts winkt als ein ruhmloser, ja schimpflieher Untergang, um
739 4513 3632 4707 Wihr zu Liebe ein Vorurteil aufzuopfern, das man persönlich si-
