4216 5304
780 490 3753 803 Die paar goldstücke waren - Sie wissen es wohl - ein Hochzeits-
772 730 3660 965 geschenk, das ich, als preund von Amaliens Mutter... Doch wozu
761 919 3610 1108 überhaupt davon reden. Was sollen mir die paar Dukaten? Ich
795 1066 3722 1305 stehe an einer Wende meines Schicksals“, setzte er absichtlich
799 1209 3811 1490 laut hinzu, so dass ihn der Marchese, der nach ein paar Schritten
834 1456 3711 1676 stehen geblieben war, hören konnte. Olivo tauschte einen Blick
819 1564 3699 1861 mit Casanova, um sich seiner Zustimnung zu versichern, dann be-
826 1745 3761 2027 merkte er zum Marchene.. Der Chevalier ist nämlich nach Venedig
834 1938 3792 2240 zurückberufen und reist in wenigen Tagen nach seiner Vaterstadt
838 2155 3703 2340 ab."- Vielmehr", bemerkte Casanova, während sie alle sich dem
846 2301 3684 2548 Hause näherten, man ruft bereits seit geraumer Zeit nach mir
834 2475 3726 2730 und immer dringender. Aber ich finde, die Herren senatoren ha-
822 2614 3807 2962 ben sich lange genug Zeit gelassen. Mögen nun xxx sich in
853 2811 3792 3066 Geduld fassen?- „Ein Stolz“, sagte der Marchese, zu dem Sie in
718 3027 2896 3251 höchsten Massa berechtigt sind, Chevalier!"
1344 3139 3826 3467 Als sie aus der Allee auf die Wiese hinaustraten, die
857 3375 3742 3606 nun sohon völlig im Schatten dalag, sahen sie, dem Hause nahe,
846 3541 3904 3792 die kleine Gesellschaft versammelt, von der sie erwartet wurden.
884 3730 3888 3985 Alle erhoben sich, um ihnen entgegen zu gehen, zuerst der Abbate,
865 3881 3765 4178 zwischen Maroolina und Amal ia; ihnen folgte die Marchess, ihr
846 4050 3950 4294 zur Seite ein hochgewachsener Bartloser junger Offizier in roter
734 4213 3780 4533 silberverschnürter Uniform und glänzenden Reiterstiefeln, der
726 4433 3803 4664 kein anderer sein konnte als Lorenzi. Wie er zu der Marchesa
