4248 5288
3540 322 3743 571 39
771 479 3724 813 so sehr regiert, als in Verwirrung gebracht werde. Einer solchen
771 725 3735 974 Freiheit des Denkens war Casanova bisher nur selten, bei Frauen,
779 886 3804 1139 bei einem jungen Mädchen gar, das gewies noch keine zwanzig Jahre
763 1062 3797 1342 zählte, war er ihr noch nie begegnet; und nicht ohne Wehmut erin-
786 1266 3735 1480 nerte er sich, dass sein eigener Geist is vergangenen Tagen, die
809 1434 3639 1680 schöner waren als die gegenwärtigen, mit einer bewussten und
817 1603 3609 1871 etwas selbstzufriedenen Kühnheit die gleichen Wege gegangen
809 1768 3720 2033 war, die er nun Marcolina beschreiten sah, ohne dass diese sich
828 1956 3831 2228 ihrer Kühnheit überhaupt bewusst zu werden schien. Und ganz hin-
832 2151 3816 2370 genommen von der Eigenart ihrer Denk- und Ausdrucksweise vergass
890 2274 3854 2539 er beinahe, dass er an der Seite eines jungen, schönen und höchst
832 2447 3781 2757 begehrenswerten Wesens einherwandelte, was umso verwunderlicher
867 2677 3896 2903 war, als er sich mit ihr ganz allein in der nun völlig durchschat-
863 2819 3766 3083 teten Allee, ziemlich weit von Wohnhaus befand. Plötzlich aber,
874 3003 3858 3267 sich in einem eben begonnenen Satz unterbrechend, rief Marcolina
859 3202 3919 3478 lebhaft, ja wie freudig aus!.Da komt mein Oheim!“... Und Casano-
871 3348 3854 3616 na, als hätte er Versäumtes nachzuholen, flüsterte Maroolinen zu:
905 3547 3793 3827 „Wie schade. Gar zu gerne hätte ich mich noch stundenlang mit
894 3701 3877 3988 Ihnen weiter unterhalten, Marcolina!"- Er fühlte selbst, wie wäh-
897 3850 3981 4130 rend dieser worte in seinen Augen die Begier von Neuem aufleuchte.
779 4126 1281 4291 in begin.
863 4107 3839 4341 tate, worauf Marcolina, die in dem abgelaufenen Gespräch in aller
871 4307 3893 4548 Spöttelei sich fast zutraulich gegeben, sofort wieder eine küh-
863 4414 3896 4713 lere Haltung annahm und ihr Blick die gleiche Verwahrung, ja den
859 4656 3904 4882 gleichen Widerwillen ausdrückte, der Casanova heute schon einmal
