4216 5336
854 514 3712 789 Indes berichtete Olivo dem Abbate in aller Ausführlichkeit,
854 723 3777 936 wie er Casanova wiedergefunden. Wie verloren hielt Amalia auf
839 839 3859 1110 die herrische braune Stirn des teueren Gastes ihren leuchtenden
2126 1059 2413 1183 liefen
854 1083 3824 1295 Blick geheftet. Die Kinder waren in den Garten gelaufen; Maroo-
851 1206 3681 1485 lina hatte sich erhoben und sah ihnen durchs offene Fenster
866 1373 3812 1651 nach. Der Abbate hatte Grüsse vom Marchese Celsi zu bestellen,
3174 1543 3553 1666 sammt
874 1639 3820 1809 der, wenn es seine Gesundheit zuliesse, heute Abend mit Gemahlin
866 1790 3773 1983 bei seinem werten Freund Olivo erscheinen wollte..Das trifft
885 1918 3754 2173 sich gut, sagte dieser, da haben wir gleich dem Chevalier zu
885 2111 3878 2339 Ehren eine hübsche kleine spielgesellschaft; die Brüder Ricardi
905 2269 3886 2525 erwarte ich gleichfalls und auch Lorenzi kommt; die Kinder sind
905 2474 3812 2706 ihm auf seinem spazierritt begegnet.“ - „Er ist noch immer da?“
893 2645 3828 2892 fragte der Abbate. Schon vor einer Woche hiess es, er solle zu
916 2857 3897 3058 seinem Regiment abgehen."- „Die Marchesa“, meinte Olivo lachend,
905 3054 3986 3267 wird ihm beim Obersten einen Urlaub erwirkt haben".-.Es wundest
862 3209 3874 3468 mich“, warf Casanova ein, „dass es für Mautücke Offiziere jetzt
920 3360 3762 3580 Urlaub gibt." Und er erfand weiter: „Zwei meiner Bekannten,
936 3541 3851 3781 einer aus Mantua, der andere aus Cremona, sind Nachts mit ihren
932 3677 4044 3936 Regimentern in der Richtung gegen Mailand abmarschiert.“ -.Gibt’s
928 3859 3920 4110 Krieg" fragte Marcolina vom Fenster her; sie hatte sich unge-
939 4040 3882 4307 wandt, die Züga ihres umschatteten Gesichts blieben undeutbar,-
939 4203 3893 4469 doch ein leises Beben ihrer Stimme hatte Casanova als Einziger
951 4419 3831 4659 wohl gemerkt. Ja wird vielleicht zu nichts kommen", xxx
1086 4640 1489 4813 reichttung
951 4593 3924 4883 er. Aber da die Spanier eine drohende Haltung annehmen, heisst
