4264 5304
3450 202 3645 343 :
3404 340 3595 595 101
771 584 3721 832 Vorsichtseiner Halbheit, seiner Kriecherei willen. Ein Ungläubi-
775 813 3591 1019 ger der? Von dem man in der letzten Zeit immer wieder hörte,
790 1004 3603 1175 dass er sich aufs Trefflichste mit den Pfaffen stand und zur
775 1153 3561 1347 Kirche, an Festtagen sogar zur Beichte ging? Ein Ketzer der?
790 1313 3786 1549 Ein Schwätzer, ein grosssprecherischer Feigling - nichts anderes!
798 1507 3717 1729 Nun aber war die fürchterliche Abrechnung nah, nach der von dem
786 1683 3751 1893 grossen Philosophon nichts übrig bleiben sollte, als ein kleines
798 1866 3728 2053 witziges Schreiberlein. Wie hatte er sich aufgestielt, der gute
809 2049 3816 2233 Herr Voltaire...Ah, mein guter Herr Casanova, ich bin Ihnen ernst
817 2221 3645 2408 lich böse. Was gehen mich die Werke des Herrn Berlin an? Sie
817 2400 3885 2595 sind schuld, dass ich vier stunden mit Dummheiten verbracht habe“.-
817 2584 3633 2752 Geschmachssache, mein bester Herr Voltaire, man wird die Werke
820 2782 3591 2946 Merline noch lesen, wenn die Pucelle längst vergessen ist...
832 2916 3709 3106 und auch meine Sonette wird man möglicherweise zu dieser Zeit
820 3064 3847 3282 noch schätzen, die Sie mir mit einem unverschämten Lächeln zurück-
817 3282 3728 3480 gaben, ohne ein Wort darüber zu äussern. Doch das sind Kleinig-
828 3454 3812 3652 keiten. Wir wollen eine grosse Angelegenheit nicht durch schrift-
832 3629 3851 3832 stellerische Empfindlichkeiten verwirren. Es handelt sich um die
832 3801 3721 3977 Philosophie - um Gott... Wir wollen die Klingen kreuzen, Herr
840 3980 3419 4175 Voltaire, sterben Sie mir nur gefälligst nicht zu früh.-
1309 4160 3763 4400 Schon dachte er daran, seine Arbeit auf der stelle zu
832 4343 3645 4526 beginnen, als ihm einfiel, dass der Bote wassxxx auf Antwort
828 4499 3770 4824 wartete. Und mit fliegender Hand entwarf er einen Brief an den
