4200 5320
3471 250 3695 549 11%
810 616 3744 926 festgesetzten Stunde sein geld vor die püsse schleudern können.
814 810 3766 1064 Hierauf nehmen Sie meinen feierlichen Eid entgegen. Und nun bin
829 1049 1452 1269 ich zu Ende.
1288 1191 3736 1411 Er blieb plötzlich stehen. Die sonne neigte sich zum
829 1362 3766 1624 Niedergang, ein leiser Wind strich über die gelben Aehren,rötli-
836 1545 3781 1780 cher Abendschein lag über dem Turm von Olivos Haus. Auch Loren-
825 1709 3781 1911 zi stand stille; keine Muskel in seinem blassen Antlitz bewegte
840 1926 3762 2105 sich, und er blickte über Casanovas Schulter unbewegt ins Weite.
836 2042 3732 2266 Seine Arme hingen schlaff herab, während Casanovas Hand, der auf
862 2254 3818 2456 alles gefasst war, wie zufällig den Griff des Degens hielt. Eini-
840 2400 3662 2669 ge Sekunden vergingen, ohne dass Lorenzi seine starre Haltung
858 2575 3762 2796 und sein Schweigen aufgab. Er schien in ein ruhiges Nachdenken
858 2740 3777 2967 versunken; doch Casanova blieb weiter auf seiner Hut, und in der
858 2926 3729 3161 Linken das Tuch mit den Dukaten, die Rechte auf dem Degengriff,
888 3098 3714 3337 sagte er: Sie haben meine Vorbedingung erfüllt als ein Ehren-
877 3255 3736 3538 mann. Ich weiss, dass es Ihnen nicht leicht geworden ist. Denn
888 3475 3774 3677 wenn wir auch keine Vorurteile besitzen,-die Atmosphäre, in der
888 3621 3706 3886 wir leben, ist so vergiftet davon, dass wir uns ihrem Einfluss
873 3800 3774 4027 nicht völlig entziehen können. Und so wie sie, Lorenzi, im Laufe
888 4016 3882 4180 der letzten Viertelstunde mehr als einmal nah daran waren, mir an
903 4147 3886 4416 die Gurgel zu fahren,- so habe ich wieder, lassen Sie mich's Ihnen
885 4374 3874 4606 gestehen - eine Veile mit dem gedanken g spielt Ihnen die zwei-
900 4524 3747 4789 tausend Dukaten zu sehenken, einfach zu schenken - wie einem -
