4264 5336
3498 213 3703 449 D
3429 426 3639 670 108
761 666 3566 921 Mantua oder anderswo, der Ihnen auch nur zehn Dukaten leihen
784 891 3662 1108 würde, geschweige zweitausend, insbesondere heute, da Sie morgen
784 1012 3711 1317 ins Feld gehen; und es ist nicht so ausgemacht, dass Sie zurück-
792 1195 3635 1469 kehren".- „Sie werden Ihr Geld morgen Früh acht Uhr erhalten,
784 1416 3761 1618 Herr Marchese, auf - Ehrenwort.“ - „Ihr Ehr renwort“, sagte der Mar-
803 1583 3783 1816 chese kalt, ist mir nicht einmal einen Dukaten wert, viel weniger
792 1758 3787 1956 zweitausend".-Die Andern hielten den Atem an. Doch Lorenzi erwi-
799 1937 3780 2143 dæerte nur, anscheinend ohne tiefere erregung: „Sie werden mir Ge-
803 2105 3723 2345 nugtuung geben.Herr Marchese".-.Mit Vergnügen,Herr Leutenant¬
818 2257 3783 2520 entgegnete der Marchese, sobald Sie Ihre Schuld bezahlt haben".
807 2466 3677 2664 Olivo,aufs Peinlichste berührt, sagte ein wenig stotternd: „Ich
815 2623 3825 2866 bürge für die Summe, Herr Marchese. Leider habe ich nicht Bargeld
830 2790 3886 3030 genug zur Hand, um sofort - doch mein Haus, meine Besitzung° und
3304 2919 3563 2996 her in
818 2988 3745 3216 er wies mit einer ungeschickten Bewegung rings im Kreise. „Ich
826 3167 3810 3361 nehme Ihre Bürgschaft nicht an“, sagte der Marchese, um Ihretwil-
826 3323 3749 3582 len, Sie würden Ihr Geld verlieren". Casanova sah, wie sich alle
845 3487 3684 3707 Blicke auf das Gold richteten, das vor ihm lag.- Wenn ich für
1397 3684 1758 3810 dachter
853 3665 3795 3936 ihn bürgte - Wenn ich für ihn zahlte... Dies könnte der Marche-
647 3707 1089 3852 davon
860 3871 3795 4084 se nicht zurückweisen... Wär' es nicht beinahe meine Verpflich-
868 4004 3673 4271 tung? Es ist ja das Gold des Marchese.- Doch er schwieg. Es
856 4210 3761 4430 hatte das Geld. Er hatte die Nacht. Er fühlte, wie ein Plan in
875 4404 3814 4613 ihm dumpf erstand, dem er vor allem Zeit lassen musste sich klar
856 4571 3757 4864 zu gestalten. „Sie sollen Ihr Geld noch heute vor Anbruch der
