4184 5288
727 521 3691 821 ihm unfehöber zu einer Tat des Vahnainns getrieben. Während mit
738 693 3695 971 dem Fortschreiten des Mahls und der steigenden Zahl der geleer-
742 922 3556 1150 ten Gläser die Unterhaltung lobhafter und allgemeiner wurde,
735 1049 3676 1300 hörte Casanova, wieder wie von fern, Amaliens Stimme. Ich habe
735 1248 3748 1544 mit Maroolina gesprochen".- Du hast mit ihr" - Eine tolle Hoff-
738 1439 3721 1641 nungflannte in ihm auf. Stille, Casanova. Von dir war nicht die
735 1615 3725 1836 Rede, nur von ihr und ihren zukunftsplänen. Und ich sage es dir
738 1761 3703 2050 noch einmal: Niemals wird sie irgend einem Manne & hörenäss an-
750 1986 3658 2219 gehören".- Olivo, der dem Weine stark zugesprochen hatte, erhob
757 2174 3691 2376 sich unerwarteter Weise, und das Glas in der Hand, sprach er ein
768 2338 3725 2545 paar unbeholfene Worte über die hohe Ehre, die seinen armen Hau-
764 2473 3609 2724 se durch den Besuch seines teuern Freundes, des Chevalier von
768 2721 1975 2908 geingalt,geworden sei.
1263 2826 3729 3050 Wo ist der Chevalier von Seingalt.mein lieber Olivo,
779 3062 3751 3223 von dem Sie da reden? fragte Lorenzi mit seiner hellen frechen
791 3152 3688 3388 Stimms. Casanovas erste Regung war dem Unverschärten sein ge-
783 3376 3695 3613 fülltes Glas an den Kopf zu schleudern; Amalda aber berührte
757 3538 3725 3830 leicht seinen Arm und sagte: „Viele Leute, Herr Chevalier, kennen
779 3736 3654 3935 Sie bis heute nur unter Ihrem älteren und berühmterne Namen
776 3901 2507 4163 (Casanova." ich über den unerwünschten
753 4092 3646 4295 len Seiten „Ich vusste nicht“, sagte Lorenzi mit beleidigendem
783 4253 3736 4504 ernst, dass der König von prankreich Herrn Casanova den Adel
3170 4418 3343 4606 G.F.P
768 4475 2781 4718 (verliehen hat!" noch anständig gekleidet
