4184 5304
3484 269 3685 553 127
2231 250 2765 496 ' :  =
792 591 3738 826 Flucht aus den Bleikammern gemacht haben".- „Ist das Ihr Ernst,
792 795 3833 1034 Marcolina?“ fragte er mit der Schüchternheit eines jungen Autors.
2977 867 3757 1000 ein solcher Buch
811 989 3731 1208 Sie lächelte mit leisem spott. „Ich vermute“, sagte sie, es wür-
780 1144 1140 1276 konnte
818 1144 3761 1390 de noch weit unterhaltender werden als Ihre streitschrift gegen
1583 1284 2174 1413 mochte leid
833 1352 3651 1542 Voltaire."- Das könnte wahr sein, dachte er, ohne es auszuspre-
841 1481 3750 1716 chen. Wer weise, ob ich deinen Rat nicht einmal befolge? Und du
822 1636 3859 1920 selbst, Marcolina, sollet das letzte Kapitel sein.- Dieser Einfall,
822 1833 3697 2064 mehr noch der Gedanke, dass dieses letzte Kapitel im Laufe der
837 2034 3704 2288 kommenden Hacht erlebt werden sollte, liess seinen Blick so
837 2163 3803 2439 seltennen Schimmer Flackern, dass Marcolina die Hand, die sie ihm
1042 2189 1496 2303 creltian
852 2318 3723 2598 zum Abschied gereicht, aus der seinen gleiten liess, eh er, sich
2087 2466 3166 2598 in die ich vermocht
852 2541 3693 2780 herabbeugend seinen Kuss darauf gedrückt hatte. Ohne sich ir-
2632 2640 2856 2765 Groll
860 2716 3663 2985 gend etwas, sei es Enttäuschung, soi es Zorn, merken zu lassen,
864 2878 3829 3132 wandte sich Casanova zum gehen, indem er durch eine jener klaren
875 3015 3924 3325 und einfachen Gestern, die nur ihm xxxgehörten, zu verstehen gab.
886 3269 3087 3484 dass ihm niemand, auch Ilivo nicht, folgen solle.
1341 3371 3818 3628 Raschen Schritte durcheilte er die Kastanienallee; gab
894 3598 3916 3822 der Magd, die den Reisesack in den Wagen geschafft hatte, ein Gold-
890 3765 2371 4022 stück, stieg ein und fuhr davon.
1345 3947 3776 4170 Der Himmel war von Wolken verhängt. Nachdem man das
894 4113 3822 4356 Dorf hinter sich gelassen, wo noch hinter armen Fenstern da und
894 4212 3863 4545 dort ein kleines Licht geschimmert hatte, leuchtete nur mehr die
905 4477 3867 4700 gelbe Laterne, die vorne an der Deichsel befestigt war, durch die
