<?xml version="1.0" encoding="UTF-8" standalone="yes"?>
<PcGts xmlns="http://schema.primaresearch.org/PAGE/gts/pagecontent/2013-07-15" xmlns:xsi="http://www.w3.org/2001/XMLSchema-instance" xsi:schemaLocation="http://schema.primaresearch.org/PAGE/gts/pagecontent/2013-07-15 http://schema.primaresearch.org/PAGE/gts/pagecontent/2013-07-15/pagecontent.xsd">
    <Metadata>
        <Creator>prov=READ-COOP:name=TrHtr:version=2.1.0:model_id=51170:date=14_08_2023_14:32</Creator>
        <Created>2023-05-10T14:09:33.764+02:00</Created>
        <LastChange>2023-08-14T14:32:49.370+02:00</LastChange>
        <TranskribusMetadata docId="1428605" pageId="55417604" pageNr="152" tsid="132808706" status="IN_PROGRESS" userId="64420" imgUrl="https://files.transkribus.eu/Get?id=VAHMQTDSOXGWOIBBRCLCCCSW&amp;fileType=view" xmlUrl="https://files.transkribus.eu/Get?id=SAJSKTFAYRVHHMXQZOKEFTOE" imageId="44691708"/>
    </Metadata>
    <Page imageFilename="1428605_0152.jpg" imageWidth="4104" imageHeight="5240">
        <ReadingOrder>
            <OrderedGroup id="ro_1711788578333" caption="Regions reading order">
                <RegionRefIndexed index="0" regionRef="tr_1"/>
                <RegionRefIndexed index="1" regionRef="tr_2"/>
            </OrderedGroup>
        </ReadingOrder>
        <TextRegion id="tr_1" custom="readingOrder {index:0;}">
            <Coords points="787,403 3753,403 3753,2182 787,2182"/>
            <TextLine id="tr_1_tl_1" custom="readingOrder {index:0;}">
                <Coords points="3472,465 3502,465 3517,477 3540,469 3559,480 3585,465 3619,495 3667,503 3675,304 3634,300 3619,312 3570,312 3529,342 3476,349"/>
                <Baseline points="3491,465 3497,459 3586,453 3676,453"/>
                <TextEquiv>
                    <Unicode>130</Unicode>
                </TextEquiv>
            </TextLine>
            <TextLine id="tr_1_tl_2" custom="readingOrder {index:1;}">
                <Coords points="777,811 3611,792 3742,747 3746,578 781,612"/>
                <Baseline points="799,775 889,775 978,775 1068,769 1157,769 1247,769 1336,763 1426,763 1515,763 1605,757 1694,757 1784,751 1873,751 1963,746 2053,746 2142,746 2232,740 2321,740 2411,740 2500,740 2590,734 2679,734 2769,728 2858,728 2948,722 3037,722 3127,722 3216,722 3306,716 3395,716 3485,710 3574,710 3664,710 3753,716"/>
                <TextEquiv>
                    <Unicode>erwiderte ihr in der unbefangensten weise, er habe es keineswegs</Unicode>
                </TextEquiv>
            </TextLine>
            <TextLine id="tr_1_tl_3" custom="readingOrder {index:2;}">
                <Coords points="777,987 3206,957 3559,923 3562,815 3292,743 2992,830 781,815"/>
                <Baseline points="799,954 883,948 972,948 1062,948 1151,942 1241,942 1330,936 1420,936 1509,931 1599,936 1688,931 1778,931 1868,925 1957,925 2047,925 2136,919 2226,919 2315,919 2405,913 2494,913 2584,907 2673,907 2763,901 2852,901 2942,901 3031,895 3121,895 3210,889 3300,889 3389,889 3479,883 3568,889"/>
                <TextEquiv>
                    <Unicode>vergessen, und bat sie zugleich, da es ihm an Zeit mangli, das</Unicode>
                </TextEquiv>
            </TextLine>
            <TextLine id="tr_1_tl_4" custom="readingOrder {index:3;}">
                <Coords points="766,1134 3393,1119 3652,1092 3656,961 766,1017"/>
                <Baseline points="787,1122 793,1122 883,1122 972,1116 1062,1110 1151,1110 1241,1110 1330,1104 1420,1104 1509,1104 1599,1104 1688,1104 1778,1098 1868,1098 1957,1092 2047,1092 2136,1092 2226,1086 2315,1086 2405,1080 2494,1080 2584,1080 2673,1080 2763,1074 2852,1074 2942,1068 3031,1062 3121,1062 3210,1062 3300,1056 3389,1056 3479,1056 3568,1050 3658,1050"/>
                <TextEquiv>
                    <Unicode>Bankhaus aufz usuchen, auf das sein Wechsel ausgestellt war, ihm</Unicode>
                </TextEquiv>
            </TextLine>
            <TextLine id="tr_1_tl_5" custom="readingOrder {index:4;}">
                <Coords points="781,1351 3476,1288 3652,1242 3656,1115 785,1201"/>
                <Baseline points="805,1312 883,1301 972,1295 1062,1295 1151,1289 1241,1289 1330,1283 1420,1283 1509,1277 1599,1277 1688,1277 1778,1271 1868,1271 1957,1271 2047,1271 2136,1265 2226,1259 2315,1259 2405,1253 2494,1253 2584,1247 2673,1247 2763,1247 2852,1247 2942,1241 3031,1241 3121,1235 3210,1229 3300,1229 3389,1229 3479,1229 3568,1229 3658,1229"/>
                <TextEquiv>
                    <Unicode>gegen die Anweisung, die er ihr überreichte, zweihundertfünfzig</Unicode>
                </TextEquiv>
            </TextLine>
            <TextLine id="tr_1_tl_6" custom="readingOrder {index:5;}">
                <Coords points="785,1479 3438,1498 3712,1464 3716,1329 785,1374"/>
                <Baseline points="805,1468 859,1468 948,1462 1038,1462 1127,1462 1217,1456 1307,1456 1396,1450 1486,1450 1575,1450 1665,1444 1754,1444 1844,1438 1933,1438 2023,1438 2112,1438 2202,1432 2291,1432 2381,1426 2470,1426 2560,1426 2649,1420 2739,1420 2828,1414 2918,1414 3007,1414 3097,1408 3186,1408 3276,1414 3366,1408 3455,1408 3545,1402 3634,1402 3724,1402"/>
                <TextEquiv>
                    <Unicode>Lire auszuhändigen. Vährend sie lief das Geld zu holen, ging Ca-</Unicode>
                </TextEquiv>
            </TextLine>
            <TextLine id="tr_1_tl_7" custom="readingOrder {index:6;}">
                <Coords points="796,1700 3716,1599 3600,1471 1674,1562 800,1498"/>
                <Baseline points="817,1653 859,1647 948,1641 1038,1641 1127,1635 1217,1635 1307,1629 1396,1629 1486,1629 1575,1629 1665,1623 1754,1623 1844,1617 1933,1617 2023,1617 2112,1617 2202,1611 2291,1611 2381,1605 2470,1605 2560,1605 2649,1599 2739,1599 2828,1593 2918,1593 3007,1587 3097,1587 3186,1581 3276,1581 3366,1581 3455,1581 3545,1575 3634,1575 3724,1575"/>
                <TextEquiv>
                    <Unicode>sanova auf sein Zimmer und begann mit einer wahrhafttierischen</Unicode>
                </TextEquiv>
            </TextLine>
            <TextLine id="tr_1_tl_8" custom="readingOrder {index:7;}">
                <Coords points="792,1839 3536,1783 3536,1674 3412,1633 796,1715"/>
                <Baseline points="811,1820 859,1820 948,1814 1038,1814 1127,1814 1217,1808 1307,1808 1396,1802 1486,1796 1575,1796 1665,1796 1754,1790 1844,1790 1933,1784 2023,1784 2112,1784 2202,1784 2291,1784 2381,1784 2470,1778 2560,1778 2649,1772 2739,1772 2828,1766 2918,1772 3007,1766 3097,1760 3186,1760 3276,1754 3366,1754 3455,1754 3545,1754"/>
                <TextEquiv>
                    <Unicode>Gier das Essen hinunterzuschlingen, das bereit gestellt war.</Unicode>
                </TextEquiv>
            </TextLine>
            <TextLine id="tr_1_tl_9" custom="readingOrder {index:8;}">
                <Coords points="796,2023 3634,1993 3637,1851 800,1914"/>
                <Baseline points="817,1993 871,1987 960,1987 1050,1987 1139,1987 1229,1981 1318,1981 1408,1975 1497,1975 1587,1969 1677,1969 1766,1969 1856,1963 1945,1963 2035,1963 2124,1957 2214,1957 2303,1957 2393,1951 2482,1951 2572,1945 2661,1945 2751,1939 2840,1939 2930,1939 3019,1939 3109,1939 3198,1939 3288,1933 3377,1927 3467,1927 3556,1927 3646,1915"/>
                <TextEquiv>
                    <Unicode>Er liess sich nicht stören, da die Wirtin erschien, steckte nur</Unicode>
                </TextEquiv>
            </TextLine>
            <TextLine id="tr_1_tl_10" custom="readingOrder {index:9;}">
                <Coords points="792,2211 3134,2185 3637,2140 3641,1993 796,2095"/>
                <Baseline points="811,2172 871,2172 960,2166 1050,2166 1139,2166 1229,2160 1318,2154 1408,2154 1497,2154 1587,2154 1677,2154 1766,2148 1856,2148 1945,2142 2035,2142 2124,2136 2214,2142 2303,2136 2393,2130 2482,2130 2572,2130 2661,2124 2751,2124 2840,2124 2930,2118 3019,2118 3109,2118 3198,2112 3288,2112 3377,2112 3467,2106 3556,2112 3646,2106"/>
                <TextEquiv>
                    <Unicode>rasch das Geld ein, das sie ihm gebracht hatte;- als er fertig</Unicode>
                </TextEquiv>
            </TextLine>
        </TextRegion>
        <TextRegion id="tr_2" custom="readingOrder {index:1;}">
            <Coords points="674,2223 3867,2223 3867,4629 674,4629"/>
            <TextLine id="tr_2_tl_1" custom="readingOrder {index:0;}">
                <Coords points="803,2380 3626,2335 3652,2173 807,2245"/>
                <Baseline points="823,2345 883,2345 972,2345 1062,2339 1151,2339 1241,2333 1330,2333 1420,2333 1509,2327 1599,2327 1688,2327 1778,2321 1868,2321 1957,2321 2047,2315 2136,2315 2226,2315 2315,2309 2405,2309 2494,2303 2584,2303 2673,2303 2763,2297 2852,2297 2942,2297 3031,2297 3121,2291 3210,2291 3300,2285 3389,2285 3479,2285 3568,2285 3658,2273"/>
                <TextEquiv>
                    <Unicode>war, wandte er sich der Frau zu, die zärtlich an seine Seite ge-</Unicode>
                </TextEquiv>
            </TextLine>
            <TextLine id="tr_2_tl_2" custom="readingOrder {index:1;}">
                <Coords points="796,2519 2406,2553 3562,2474 3566,2361 1415,2447 800,2380"/>
                <Baseline points="817,2518 889,2512 978,2512 1068,2512 1157,2512 1247,2512 1336,2506 1426,2506 1515,2506 1605,2500 1694,2500 1784,2494 1873,2494 1963,2494 2053,2488 2142,2488 2232,2488 2321,2488 2411,2482 2500,2482 2590,2482 2679,2476 2769,2476 2858,2470 2948,2470 3037,2464 3127,2464 3216,2464 3306,2464 3395,2458 3485,2458 3574,2464"/>
                <TextEquiv>
                    <Unicode>rückt war, nun endlich ihre Stunde für gekommen hielt und in</Unicode>
                </TextEquiv>
            </TextLine>
            <TextLine id="tr_2_tl_3" custom="readingOrder {index:2;}">
                <Coords points="803,2699 1096,2778 1348,2691 3498,2699 3727,2658 3731,2530 1618,2613 1378,2534 803,2650"/>
                <Baseline points="823,2697 871,2691 960,2685 1050,2685 1139,2685 1229,2685 1318,2679 1408,2679 1497,2673 1587,2673 1677,2673 1766,2667 1856,2667 1945,2661 2035,2661 2124,2661 2214,2661 2303,2655 2393,2655 2482,2655 2572,2655 2661,2655 2751,2655 2840,2649 2930,2649 3019,2643 3109,2643 3198,2643 3288,2637 3377,2637 3467,2631 3556,2631 3646,2631 3736,2625"/>
                <TextEquiv>
                    <Unicode>nicht misszuverstehender Weise ihre Arme gegen ihn ausbreitete,</Unicode>
                </TextEquiv>
            </TextLine>
            <TextLine id="tr_2_tl_4" custom="readingOrder {index:3;}">
                <Coords points="653,2875 3266,2883 3626,2849 3630,2714 653,2785"/>
                <Baseline points="674,2864 680,2864 769,2864 859,2864 948,2864 1038,2864 1127,2864 1217,2858 1307,2858 1396,2852 1486,2852 1575,2852 1665,2846 1754,2846 1844,2846 1933,2846 2023,2840 2112,2840 2202,2834 2291,2834 2381,2828 2470,2828 2560,2828 2649,2828 2739,2822 2828,2822 2918,2822 3007,2822 3097,2816 3186,2816 3276,2816 3366,2810 3455,2810 3545,2810 3634,2810"/>
                <TextEquiv>
                    <Unicode>umschlang sie heftig küsste sie auf beide Vangen, drückte sie</Unicode>
                </TextEquiv>
            </TextLine>
            <TextLine id="tr_2_tl_5" custom="readingOrder {index:4;}">
                <Coords points="803,3074 3671,3048 3735,2883 807,2954"/>
                <Baseline points="829,3037 871,3043 960,3043 1050,3037 1139,3037 1229,3031 1318,3031 1408,3031 1497,3031 1587,3025 1677,3025 1766,3025 1856,3019 1945,3019 2035,3013 2124,3013 2214,3013 2303,3013 2393,3007 2482,3007 2572,3001 2661,3001 2751,3001 2840,2995 2930,2995 3019,2995 3109,2990 3198,2990 3288,2984 3377,2984 3467,2984 3556,2984 3646,2978 3736,2978"/>
                <TextEquiv>
                    <Unicode>an sich und als sie bereit schien ihm nichts mehr zu versa-</Unicode>
                </TextEquiv>
            </TextLine>
            <TextLine id="tr_2_tl_6" custom="readingOrder {index:5;}">
                <Coords points="807,3255 3675,3213 3701,3037 807,3153"/>
                <Baseline points="829,3228 847,3222 936,3216 1026,3210 1116,3210 1205,3204 1295,3204 1384,3204 1474,3198 1563,3198 1653,3192 1742,3192 1832,3192 1921,3186 2011,3186 2100,3186 2190,3181 2279,3181 2369,3181 2458,3175 2548,3175 2637,3175 2727,3175 2816,3169 2906,3169 2995,3169 3085,3163 3175,3163 3264,3163 3354,3157 3443,3157 3533,3157 3622,3151 3712,3157"/>
                <TextEquiv>
                    <Unicode>gen, riss er sich mit den Vorten:, Ich muss fort...auf Wiederse-</Unicode>
                </TextEquiv>
            </TextLine>
            <TextLine id="tr_2_tl_7" custom="readingOrder {index:6;}">
                <Coords points="803,3401 3712,3405 3758,3228 807,3300"/>
                <Baseline points="829,3389 901,3383 990,3383 1080,3383 1169,3377 1259,3377 1348,3377 1438,3377 1527,3371 1617,3371 1706,3371 1796,3366 1885,3366 1975,3360 2064,3366 2154,3360 2244,3360 2333,3354 2423,3354 2512,3348 2602,3348 2691,3348 2781,3342 2870,3342 2960,3342 3049,3336 3139,3330 3228,3330 3318,3330 3407,3330 3497,3324 3586,3330 3676,3324 3765,3324"/>
                <TextEquiv>
                    <Unicode>hen!“ so heftig von ihr los, dass sie nach rückwärts in die Ecke</Unicode>
                </TextEquiv>
            </TextLine>
            <TextLine id="tr_2_tl_8" custom="readingOrder {index:7;}">
                <Coords points="811,3622 3671,3566 3675,3393 2023,3483 818,3412"/>
                <Baseline points="835,3562 907,3562 996,3556 1086,3556 1175,3556 1265,3551 1354,3551 1444,3551 1533,3545 1623,3545 1712,3545 1802,3539 1891,3539 1981,3533 2070,3533 2160,3533 2249,3527 2339,3527 2429,3521 2518,3521 2608,3521 2697,3515 2787,3521 2876,3515 2966,3515 3055,3515 3145,3509 3234,3509 3324,3503 3413,3503 3503,3503 3592,3503 3682,3497"/>
                <TextEquiv>
                    <Unicode>des Sophas fiel. Der Ausdruck ihrer Mienen, in seiner Mischung</Unicode>
                </TextEquiv>
            </TextLine>
            <TextLine id="tr_2_tl_9" custom="readingOrder {index:8;}">
                <Coords points="822,3784 3697,3742 3701,3596 3506,3525 826,3664"/>
                <Baseline points="841,3736 847,3736 936,3730 1026,3730 1116,3724 1205,3724 1295,3724 1384,3718 1474,3718 1563,3718 1653,3718 1742,3712 1832,3712 1921,3712 2011,3706 2100,3706 2190,3706 2279,3700 2369,3700 2458,3694 2548,3694 2637,3694 2727,3688 2816,3688 2906,3688 2995,3682 3085,3682 3175,3682 3264,3676 3354,3676 3443,3670 3533,3670 3622,3670 3712,3670"/>
                <TextEquiv>
                    <Unicode>von Enttäuschung, zorn, Ohnmacht, hatte etwas so unwiderstehlich</Unicode>
                </TextEquiv>
            </TextLine>
            <TextLine id="tr_2_tl_10" custom="readingOrder {index:9;}">
                <Coords points="833,3964 3630,3923 3634,3769 837,3806"/>
                <Baseline points="859,3903 865,3903 954,3903 1044,3903 1133,3903 1223,3897 1312,3897 1402,3897 1492,3891 1581,3891 1671,3891 1760,3885 1850,3885 1939,3885 2029,3879 2118,3873 2208,3873 2297,3873 2387,3873 2476,3873 2566,3873 2655,3867 2745,3861 2834,3861 2924,3861 3013,3861 3103,3855 3192,3855 3282,3849 3371,3855 3461,3849 3551,3843 3640,3843"/>
                <TextEquiv>
                    <Unicode>Komisches, dass Casanova, während er die Türe hinter sich zu-</Unicode>
                </TextEquiv>
            </TextLine>
            <TextLine id="tr_2_tl_11" custom="readingOrder {index:10;}">
                <Coords points="950,4024 1974,3998 2027,3983 2031,3900 1794,3941 1734,3896 1400,3941 1107,3919 950,3968"/>
                <Baseline points="972,4004 1056,3992 1145,3992 1235,3992 1324,3992 1414,3986 1503,3974 1593,3974 1683,3974 1772,3968 1862,3968 1951,3968 2041,3968"/>
                <TextEquiv>
                    <Unicode>sich nicht entfallen konnte,</Unicode>
                </TextEquiv>
            </TextLine>
            <TextLine id="tr_2_tl_12" custom="readingOrder {index:11;}">
                <Coords points="833,4122 1036,4107 1216,4170 1408,4118 1584,4167 1727,4095 2188,4110 2282,4095 2282,3975 837,4039"/>
                <Baseline points="859,4088 948,4088 1038,4082 1127,4082 1217,4082 1307,4082 1396,4076 1486,4076 1575,4076 1665,4070 1754,4070 1844,4064 1933,4064 2023,4058 2112,4052 2202,4058 2291,4052"/>
                <TextEquiv>
                    <Unicode>schlose, laut auflachen musste.</Unicode>
                </TextEquiv>
            </TextLine>
            <TextLine id="tr_2_tl_13" custom="readingOrder {index:12;}">
                <Coords points="1269,4272 3765,4257 3765,4110 3453,4088 1273,4163"/>
                <Baseline points="1289,4243 1354,4249 1444,4243 1533,4243 1623,4243 1712,4237 1802,4237 1891,4231 1981,4237 2070,4231 2160,4231 2249,4225 2339,4225 2429,4225 2518,4225 2608,4219 2697,4219 2787,4213 2876,4213 2966,4213 3055,4207 3145,4207 3234,4207 3324,4207 3413,4207 3503,4201 3592,4201 3682,4195 3771,4195"/>
                <TextEquiv>
                    <Unicode>Dass sein Fahrgast es eilig hatte, konnte dem Kutsch er</Unicode>
                </TextEquiv>
            </TextLine>
            <TextLine id="tr_2_tl_14" custom="readingOrder {index:13;}">
                <Coords points="826,4508 3750,4441 3754,4261 830,4287"/>
                <Baseline points="847,4440 895,4440 984,4434 1074,4428 1163,4428 1253,4428 1342,4428 1432,4428 1521,4422 1611,4422 1700,4422 1790,4422 1879,4416 1969,4416 2058,4410 2148,4410 2238,4410 2327,4404 2417,4404 2506,4404 2596,4398 2685,4398 2775,4398 2864,4398 2954,4392 3043,4392 3133,4392 3222,4386 3312,4386 3401,4386 3491,4386 3580,4386 3670,4386 3759,4386"/>
                <TextEquiv>
                    <Unicode>nicht entgangen sein; sich über die Gründe Gedanken zu machen,</Unicode>
                </TextEquiv>
            </TextLine>
            <TextLine id="tr_2_tl_15" custom="readingOrder {index:14;}">
                <Coords points="845,4640 1212,4718 1971,4613 2887,4733 3176,4587 3836,4595 3866,4486 3345,4407 848,4493"/>
                <Baseline points="865,4619 913,4613 1002,4613 1092,4613 1181,4607 1271,4607 1360,4607 1450,4601 1539,4601 1629,4601 1718,4601 1808,4595 1897,4595 1987,4595 2076,4595 2166,4589 2255,4589 2345,4589 2434,4589 2524,4583 2614,4583 2703,4583 2793,4577 2882,4571 2972,4577 3061,4577 3151,4571 3240,4571 3330,4565 3419,4565 3509,4565 3598,4565 3688,4565 3777,4559 3867,4565"/>
                <TextEquiv>
                    <Unicode>war er nicht verpflichtet; jedenfalls sans er führtbereit auf den</Unicode>
                </TextEquiv>
            </TextLine>
        </TextRegion>
    </Page>
</PcGts>
