4248 5304
1992 193 2169 383 1
3425 338 3593 568 71
745 601 3696 881 der Mauer hin. Oder war’s nur ein Wiederklang? Ja, das Geräusch
753 790 3795 1054 kam vom Hause her. Marcolinens Fenster stand mit einem Mal offen,
766 1037 3733 1235 das Gitter war zurückgeschoben, der Vorhang nach der einen Seite
766 1140 3713 1404 hin gerafft; aus dem Dunkel des Gemachs hob sich eine schatten-
774 1391 3680 1581 hafte Erscheinung, Marcolina selbst war es, die in hochgeschlos-
794 1560 3733 1758 sonem weissen Nachtgewand an die Brüstung trat, wie um die holde
778 1733 3709 1939 Luft des Morgens einzuatmen. Casanova hatte sich rasch von der
794 1902 3725 2132 Bank heruntergleiten lassen; über ihren Rand, durch das Gezweig
807 2091 3733 2293 der Allee sah er gebannt Marcolina an, deren Augen scheinbar ge-
803 2272 3762 2478 danken-ja richtungslos in die Dämmerung tauchten. Nach ein paar
799 2457 3647 2659 Sekunden erst schien sie ihr noch wie schlafbefangenes Wesen
811 2634 3873 2828 in einem Blicke sammeln zu können, den sie nun langsam nach rechts
827 2820 3795 2988 und links schweifen liess. Dann beugte sie sich vornüber, wie um
831 2988 3701 3170 auf dem Kies etwas zu suchen und gleich darauf wandte sie das
827 3100 3733 3342 Haupt mit dem gelösten Haar nach aufwärts wie zu einem Fenster
836 3252 3668 3503 des oberen Stockwerks. Dann stand sie wieder eine Weile ohne
827 3458 3717 3696 Bewegung, die Hände beiderseits xxx an die Fensterstöcke
856 3618 3878 3878 gestützt, wie an ein unsichtbares Kreuz geschlagen. Nun erst ge-
856 3680 1214 3795 stükend
391 3779 3668 4141 feile 2. gewannen ihre dämmernden Züge für Casanova an Deudichkeit; wie
420 3985 3733 4293 hier und wenn sie plötzlich von innen erleuchtet worden wären. Ein Lä-
910 4042 1157 4157 heare
210 4116 424 4363 pide 1
877 4211 3725 4413 cheln spielte um ihren Mund, das gleich wieder erstarrte. Nun
860 4400 3816 4598 liess sie die Arme sinken; ihre Lippen bewegten sich sonderbar,
873 4573 3894 4820 als flüsterten sie ein Gebet; wieder schweifte ihr Blick langeam
