4152 5272
676 536 3184 800 Weisung folgend an ihm allen Ernstes die Hand zu küssen.
3405 559 3801 800 Casano-
1464 718 2163 827 ist sonst nicht
707 757 3723 982 va aber liess es nicht zu, sondern nahm eins der Mädchen nach dem
2694 858 3277 986 mon mai eeohä
2364 877 2578 971 G.C.H.F.P.S
1739 889 2116 994 G.H.F.P.
707 932 3677 1107 andern beim Kopf und küsst jedes auf beide Vangen. Indess wech-
2605 1017 3750 1145 zur Mittagszeit. Gestern
2221 1048 2531 1173 P.M.S.
1580 1064 1984 1184 Derten mn ert
788 1083 1417 1180 noch früher!
710 1091 3646 1339 selte Olivo ein paar Worte mit dem jungen Burschen, der das Vü¬
3424 1188 3700 1297 Ce soiré
2636 1227 3129 1339 mais je ne sais
1751 1227 2407 1351 Cäste, und es d
800 1250 1367 1359 freilich hat
695 1277 3630 1456 gelchen mit den Kindern bis hieher gebracht hatte, worauf jener
3195 1382 3638 1503 Et araa e
2349 1394 3052 1518 Wurde gemacht, -
800 1429 2322 1534 lich; auch ein kleines Spielchen
699 1479 3455 1677 auf das Pferd einhieb und die Landstrasse in der Richtung
3024 1569 3273 1677 a M r D
1980 1572 2702 1716 ohnt sein mögen
1382 1592 1817 1712 Chevalier
707 1611 1553 1844 Mauterweiterfuhr.
1631 1685 3537 1860 einander nicht das Geld abnehmen. Und da
1270 1774 1530 1871 solle
800 1790 1072 1906 Leute
1184 1809 3587 2042 Die Mädchen nahmen Olivo und Casanova gegenüber) auf
800 1887 1479 2065 unser würdiger
714 1999 3603 2182 dem Rücksitz Platz (unter Lachen und scherzhaftem Gezünkt) sie
1033 2135 1242 2240 G.C.H.F.P
718 2174 3684 2388 sassen eng aneinandergedrängt, redeten alle zugleich, und da ihr
718 2330 3696 2555 Vater gleichfalls zu sprechen nicht aufhörte, war es Casanova
718 2531 3537 2745 anfangs nicht leicht ihren Worten zu entnehmen, was sie alle
730 2683 3494 2924 einander eigentlich zu erzählen hatten. Ein Name klang auf:
726 2854 3840 3110 der eines Leutenants Lorenzi; er sei, wie Toresina berichtete,
3056 3052 3684 3265 im Abend sei-
730 3071 2869 3281 vor einer Weile an ihnen vorbeigeritten,habe
2399 3184 2562 3265 gens
990 3191 1475 3296 mte, in ihr
3024 3211 3646 3378 er schönstens
703 3250 3036 3467 nen Besuch in Aussicht gestellt und lasse den Vat
3024 3304 3747 3452 ips, mit schlaf¬
1949 3358 2570 3463 rift, halb entt
707 3405 3405 3599 grüssen. Ferner meldeten die Kinder, dass die Mutter anfang
2139 3498 3797 3626 die hereinfliegenden Beeren und Ha-
998 3533 2085 3657 xxxen Händen sich gegen
707 3603 3719 3797 gleichfalls beabsichtigt hätte, dem Vater entgegenzufahren; aber
2861 3696 3320 3793 log durch
2295 3708 2574 3809 ichte
1273 3731 1778 3855 uhrend;- und
726 3770 3549 3964 in Anbetracht der grossen Hitze hatte sie’s doch vorgezogen.
1774 3879 3013 3980 die Geliebte des Leutenants
1145 3898 1669 4018 des Marcol in-
843 3910 1006 4022 ne.
726 3952 3650 4170 daheim bei Marcolina zu bleiben. Marolina aber war noch in de
2962 4042 3475 4154 eide in xxx
1572 4073 2504 4193 wenig, als hätte er
839 4084 1374 4201 zweifelte xxx
2889 4108 3809 4333 Vom Garten aus
726 4127 2912 4348 Fredern gelegen, als man von Hause wegfuhr; und
1840 4247 2034 4352 enon
714 4294 3580 4496 durchs offene Fenster hatten sie sie mit Beeren und Haselnüsse
986 4434 1176 4550 enz:
730 4500 3366 4643 beworfen, sonst schliefe sie wohl noch zu dieser Stunde.
