4104 5208
1490 196 1816 463 :1
3545 302 3741 510 153
2357 361 2961 588 & is haben
659 494 3811 820 hätte es nur noch auf ihn gevartet); kaum hatte er unter Weibern.
835 745 3721 957 die ihre Ware zur Stadt brachten, kleinen Geschäftsleuten,Hand-
839 882 3862 1133 werkern auf einer schmalen Bank seinen Platz eingenommen, als sich
843 1035 3706 1247 das Schiff in Bewegung setzte. Der Himmel war trüb; Dunat lag
847 1216 3760 1478 auf den Lagunen; es roch nach faulen Vasser, nach feuchtem Holz,
839 1404 3772 1659 nach Fischen und nach frischem Obst, Immer höher regte der Cam-
831 1584 3878 1812 panile, andere Türme zeichneten sich in der Luft ab, Kirchenkuppeln
839 1721 3608 1957 wurden sichtbar; von irgend ein Dach, von zweien, von vielen
851 1949 3835 2157 glänzte der strahl der Morgensonne ihm entgegen;- Häuser rückten
855 2055 3768 2302 auseinander, wuohsen in die Höhe: Schiffe, grössere und kleinere,
855 2231 3757 2459 tauchten aus dem Nebel; Grüsse von einem zum andern wurden ge-
863 2439 3737 2647 tauschte das Geschwätz ringe um ihn wurde lauter. Ein kleines
855 2635 3835 2815 Mädchen bot ihm Trauben zum Kauf; er verzehrte die blauen Beeren
816 2772 3686 3043 (d spuckte die Schalen nach der Art seiner Landsleute hinter
1561 2992 1745 3066 une
851 2984 3753 3184 sich über Bord; er liess sich in ein Gesprüch mit irgend einem
855 3145 3745 3368 Menschen ein, der seine Befriedigung darüber äusserte, dass nun
2019 3294 2451 3400 aum brecker
867 3290 3847 3576 endlich schönes Vetter zu kommen scheine. Wie, es hatte hier drei
874 3529 3757 3780 Tage lang geregnet? Er wueste nichts davon; er kan aus den Sti-
647 3604 1247 3831 our Neapel
855 3647 3760 3945 den, aus Rom... Schon fuhr das Schiff durch die Kanäle der Vor-
867 3815 3768 4078 stadt; schmutzige Häuser starrten ihn aus trüben Fenstern) wie
863 4051 3811 4286 mit blöden fremden Augen an, Ewei, dreinal hielt das Schiff an,
878 4204 3847 4435 ein paar junge Leute, einer mit einer grossen Mappe unterm Arn,
851 4368 3851 4690 Weiber mit Kürben stiegen aus;- nun kam man in freundlichere Be-
