4264 5368
2011 239 2333 482 1:
793 607 3763 816 heiter und wie ohne jeden Verdacht: „Sie gefällt dir?“ -.Da sie
808 709 3748 1017 sohön ist".- „Schön und tugendhaft“.- Casanova zuckte die Ach-
804 926 3805 1206 seln, als hätte er darnach nicht gefragt. Dann sagte er: „Wenn du
804 1131 3790 1328 mich heute zum ersten Mal sähest- ob ich dir wohl auch gefiele,
816 1260 3786 1544 Amalia?». „Ich weiss nicht,ob du heute anders aussiehst als da-
816 1434 3805 1745 mals. Ich sehe dich - wie du damals warst. Wie ich dich seither
846 1635 3760 1927 immer, auch in meinen Träumen sah. -.Sieh mich doch an,Amal ia!
835 1810 3748 2083 Die Runzeln meiner stirn... Die Falten meines Halses! Und die
835 1996 3695 2284 tiefe ainne da von den Augen den Schläfen zu! Und hier - ja,
846 2136 3892 2466 hier in der Soke fehlt mir ein Zahn",- er riss den Mund grinsend
850 2337 3877 2561 auf..Und diese Hände, Amalia! Sieh sie doch an! Finger wie Kral-
861 2527 3779 2750 len... kleine gelbe Fleckchen auf den Nägeln... Und die Adern
869 2648 3786 2963 da-blau und geschwollen-Greisenhände, Amalia!"- Sie nahm seine
873 2868 3779 3122 beiden Hände, so wie er sie ihr wies, und im Schatten der Allee
857 3035 3790 3293 küsste sie eine nach der andern mit Andacht. „Und heute Nacht
876 3213 3790 3479 will ich deine Lippen küssen, sagte sie in einer demütig-zärt
888 3418 2747 3669 lichen Art, die ihn erbitterte.
1366 3513 3832 3782 Unweit von ihnen, am Ende der Viese, lag Marcolina im
892 3725 3911 3991 Gras, die Hände unter den Kopf gestützt, den Blick in die Höhe ge-
914 3911 3964 4207 wandt, die Bälle der Kinder flogen über sie hin. Plötzlich streck-
914 4097 3870 4355 te sie den einen Arm aus und haschte nach einem der Bülle. Sie
910 4306 3748 4571 fing ihn auf, lachte hell, die Kinder fielen über sie her, sie
918 4465 3851 4712 konnte sich ihrer nicht erwehren, ihre Locken flogen. Casanova
