4152 5256
3134 184 3366 416 "F."
3498 352 3704 544 141
832 547 3835 750 nicht", erwiderte Lorenzi, und er war schöner in diesem Augenblick
828 727 3767 888 als irgend ein Mensch, den Casanova je gesehen,-.da doch nur ei-
832 922 3670 1065 ner von uns den Platz lebend verlassen wird".- „Sie haben es
843 1095 3831 1308 eilig, Lorenzi", sagte Casanova in einem fast weichen Ton. „Wollen
847 1275 3749 1436 wir die Sache nicht wenigstens bis Mantua verschieben? Es wird
828 1428 3704 1582 mir eine Ehre sein, Sie in meinem Wagen mitzunehmen. Er wartet
840 1597 3782 1788 an der Strassenbiegung. Auch hätte es manches xxx sich, wenn die
828 1762 3816 1934 Formen gewahrt würden...gerade in unserm Fall."-.Be bedarf kei-
828 1961 3827 2148 ner Formen. 8 i e, Casanova, oder ich,- und noch in dieser Stunde."
832 2118 3846 2328 Er zog den Degen. Casanova zuckte die Achseln. „Wie Sie wünschen,
832 2354 3752 2497 Lorenzi. Aber ich möchte Ihnen doch zu bedenken geben, dass ich
840 2478 3614 2673 leider gezwungen wäre, in einem völlig unangemessenen Kostüm
847 2662 3693 2853 anzutreten". Er sch lug den Mantel auseinander und stand nackt
847 2849 3741 2999 da, den Degen wie spielend in der Hand. In Lorenzis Augen stieg
840 2995 3816 3201 eine Welle von Hass. „Sie sollen nicht im Nachteil mir gegenüber
847 3175 3730 3396 sein“, sagte er und begann mit grosser Geschwindigkeit sich all
840 3385 3693 3539 seiner Kleidungsstücke zu entledigen. Casanova wandte sich ab
840 3558 3666 3704 und hüllte sich so lange wieder in seinen Mantel, da es trotz
840 3670 3805 3880 der allmälig durch den Morgendunst brechenden Sonne nun empfind-
840 3891 3756 4049 lich kühl geworden war. Von den Bäumen, die spürlich auf der Hö-
828 4019 3794 4225 he des Hügels standen, fielen lange Schatten über den Rasen hin.
828 4236 3734 4379 Einen Moment lang dachte Casanova, ob nicht an Ende jemand hier
847 4360 3625 4622 vorbei kommen könnte? Doch der Pfad, der längs der Mauer zur
