4152 5240
3519 358 3723 554 142
843 539 3785 724 rückwärtigen Gartentür lief, wurde wohl nur von Olivo, dessen Fa-
1317 685 1967 805 und den Seinen,
843 674 3942 920 milie und gelegentlich von Gästen benutzt. Es fiel Casanova ein.
839 909 3815 1074 dass er nun vielleicht die letzten Minuten seines Daseins durch-
843 1070 3692 1263 lebte und er wunderte sich, dass er vollkommen ruhig war. Herr
855 1197 3704 1413 Voltaire hat Glück, dachte er flüchtig; aber im Grunde war ihm
862 1378 3704 1571 Voltaire höchst gleichgültig, und er hätte gewünscht in dieser
2414 1544 2645 1663 Seele
855 1548 3715 1771 Stunde holdere Bilder vor sein innere### zaubern zu können,
851 1709 3623 1921 als das widerliche Vogelgesicht des alten Literaten. War es
862 1925 3808 2121 übrigens nicht sonderbar, dass jenseits der Mauer in den Wipfeln
855 2083 3827 2306 der Bäume keine Vögel sangen? Das Wetter würde sich wohl ändern.
851 2245 3704 2456 Doch was ging ihn das Wetter an! Er wollte lieber Marcolinens
851 2402 3719 2641 gedenken, der vonnen, die er in ihren Armen genossen, und die er
866 2576 3850 2822 nun teuer bezahlen sollte. Teuer?- Wohlfeil genug! Ein paar Gre###
866 2764 3765 2976 senjahre - in Elend und Niedrigkeit...Was hatte er noch zu tun
882 2930 3684 3161 auf der Welt?... Herrn Bragadino vergiften!- War es der Mühe
862 3157 3719 3330 wert? Nichts war der Mühe wert...Wie dünn dort oben die Bäume
866 3323 3804 3511 standen. Er begann sie zu zählen. pünf.... sieben...zehn - sollte
862 3507 3708 3673 ich nichts Wichtigeres zu tun haben?... - Ich bin bereit, Herr
862 3638 3688 3838 Chevalier!" Rasch wandte sich Casanova um. Lorenzi stand ihm
855 3819 3654 4058 gegenüber, herrlich in seiner Nacktheit wie ein junger Gott.
862 3969 3865 4193 Alles Gemeine war aus seinem Antlitz weggelöscht; denn er schien
859 4170 3750 4385 so bereit zu töten als zu sterben.- Wenn ich meinen Degen hin-
862 4327 3808 4562 würfe? dachte Casanova. Wenn ich ihn umarmte? Er liess den Man-
