<?xml version="1.0" encoding="UTF-8" standalone="yes"?>
<PcGts xmlns="http://schema.primaresearch.org/PAGE/gts/pagecontent/2013-07-15" xmlns:xsi="http://www.w3.org/2001/XMLSchema-instance" xsi:schemaLocation="http://schema.primaresearch.org/PAGE/gts/pagecontent/2013-07-15 http://schema.primaresearch.org/PAGE/gts/pagecontent/2013-07-15/pagecontent.xsd">
    <Metadata>
        <Creator>prov=READ-COOP:name=TrHtr:version=2.1.0:model_id=51170:date=14_08_2023_14:32</Creator>
        <Created>2023-05-10T14:09:21.062+02:00</Created>
        <LastChange>2023-08-14T14:32:27.831+02:00</LastChange>
        <TranskribusMetadata docId="1428605" pageId="55417116" pageNr="79" tsid="132808629" status="IN_PROGRESS" userId="64420" imgUrl="https://files.transkribus.eu/Get?id=TJWDDOSHUERGSYXTKSZOOCRY&amp;fileType=view" xmlUrl="https://files.transkribus.eu/Get?id=ACDLIREQCYJAQVMVYEYUWMPY" imageId="44691220"/>
    </Metadata>
    <Page imageFilename="1428605_0079.jpg" imageWidth="4152" imageHeight="5256">
        <ReadingOrder>
            <OrderedGroup id="ro_1711788487813" caption="Regions reading order">
                <RegionRefIndexed index="0" regionRef="tr_1"/>
                <RegionRefIndexed index="1" regionRef="tr_2"/>
                <RegionRefIndexed index="2" regionRef="tr_3"/>
            </OrderedGroup>
        </ReadingOrder>
        <TextRegion id="tr_1" custom="readingOrder {index:0;}">
            <Coords points="722,230 3679,230 3679,1718 722,1718"/>
            <TextLine id="tr_1_tl_1" custom="readingOrder {index:0;}">
                <Coords points="1852,450 1901,453 1961,416 2075,438 2139,404 2173,427 2218,385 2430,370 2426,215 2260,178 2229,204 2097,189 2067,212 1950,178 1889,223 1844,212"/>
                <Baseline points="1869,310 1959,292 2048,286 2138,280 2227,286 2317,304 2407,316 2436,322"/>
                <TextEquiv>
                    <Unicode>1: —: —;  9:</Unicode>
                </TextEquiv>
            </TextLine>
            <TextLine id="tr_1_tl_2" custom="readingOrder {index:1;}">
                <Coords points="2626,446 2687,450 2717,431 2740,450 2891,370 2917,393 2989,408 3012,208 2966,223 2921,178 2838,162 2785,189 2660,174"/>
                <Baseline points="2657,346 2675,346 2765,334 2845,300 2845,300 2938,310 3010,316"/>
                <TextEquiv>
                    <Unicode>: „: 11/2/11</Unicode>
                </TextEquiv>
            </TextLine>
            <TextLine id="tr_1_tl_3" custom="readingOrder {index:2;}">
                <Coords points="703,948 3492,888 3612,873 3616,695 707,741"/>
                <Baseline points="722,830 758,824 848,824 937,824 1027,824 1116,824 1206,824 1296,824 1385,818 1475,818 1564,818 1654,818 1744,812 1833,812 1923,812 2012,806 2102,806 2191,806 2281,806 2371,800 2460,800 2550,800 2639,800 2729,794 2819,794 2908,794 2998,794 3087,794 3177,788 3267,788 3356,788 3446,782 3535,782 3625,782"/>
                <TextEquiv>
                    <Unicode>Überirdische Schönheit brachte ihn in neue Raserei. Vor seinen</Unicode>
                </TextEquiv>
            </TextLine>
            <TextLine id="tr_1_tl_4" custom="readingOrder {index:3;}">
                <Coords points="707,1092 3533,1069 3669,1039 3673,862 707,956"/>
                <Baseline points="728,1015 812,1003 901,997 991,997 1081,997 1170,997 1260,997 1349,991 1439,991 1529,991 1618,991 1708,985 1797,985 1887,985 1976,985 2066,979 2156,979 2245,979 2335,979 2424,973 2514,973 2604,973 2693,967 2783,967 2872,967 2962,967 3052,967 3141,961 3231,961 3320,961 3410,961 3500,961 3589,967 3679,973"/>
                <TextEquiv>
                    <Unicode>geschlossenen Augen wurde der Sarg zum Brautbett; Marcolina lag</Unicode>
                </TextEquiv>
            </TextLine>
            <TextLine id="tr_1_tl_5" custom="readingOrder {index:4;}">
                <Coords points="707,1255 3314,1247 3643,1205 3646,1047 710,1092"/>
                <Baseline points="728,1182 788,1176 877,1176 967,1176 1057,1176 1146,1176 1236,1170 1325,1170 1415,1170 1505,1170 1594,1170 1684,1170 1773,1164 1863,1164 1953,1164 2042,1164 2132,1158 2221,1158 2311,1158 2401,1158 2490,1158 2580,1152 2669,1152 2759,1152 2848,1146 2938,1146 3028,1146 3117,1146 3207,1146 3296,1140 3386,1140 3476,1140 3565,1134 3655,1134"/>
                <TextEquiv>
                    <Unicode>lächelnd da mit blinzelnden Lidern, und mit ihren schmalen blei-</Unicode>
                </TextEquiv>
            </TextLine>
            <TextLine id="tr_1_tl_6" custom="readingOrder {index:5;}">
                <Coords points="718,1428 3495,1417 3537,1221 722,1262"/>
                <Baseline points="740,1361 770,1361 860,1361 949,1361 1039,1355 1128,1355 1218,1355 1308,1355 1397,1355 1487,1349 1576,1349 1666,1349 1755,1349 1845,1343 1935,1337 2024,1337 2114,1337 2203,1331 2293,1331 2383,1331 2472,1331 2562,1325 2651,1325 2741,1325 2831,1319 2920,1319 3010,1319 3099,1319 3189,1319 3279,1314 3368,1314 3458,1319 3547,1314"/>
                <TextEquiv>
                    <Unicode>chen Händen, wie zum Hohn, über ihren atmenden Brüsten zerriss</Unicode>
                </TextEquiv>
            </TextLine>
            <TextLine id="tr_1_tl_7" custom="readingOrder {index:6;}">
                <Coords points="729,1640 1927,1523 2660,1629 3114,1500 3488,1614 3526,1417 733,1432"/>
                <Baseline points="752,1540 758,1534 848,1534 937,1529 1027,1529 1116,1529 1206,1529 1296,1523 1385,1523 1475,1523 1564,1523 1654,1523 1744,1517 1833,1517 1923,1517 2012,1511 2102,1511 2191,1511 2281,1511 2371,1511 2460,1505 2550,1505 2639,1505 2729,1499 2819,1499 2908,1499 2998,1499 3087,1499 3177,1499 3267,1493 3356,1493 3446,1493 3535,1487"/>
                <TextEquiv>
                    <Unicode>sie das weiese xxxx Gewand. Doch wie er seine Arme nach ihr</Unicode>
                </TextEquiv>
            </TextLine>
            <TextLine id="tr_1_tl_8" custom="readingOrder {index:7;}">
                <Coords points="733,1829 2868,1727 3219,1799 3544,1746 3548,1595 733,1655"/>
                <Baseline points="752,1708 776,1708 866,1708 955,1708 1045,1708 1134,1708 1224,1708 1314,1702 1403,1702 1493,1702 1582,1702 1672,1702 1761,1696 1851,1696 1941,1690 2030,1690 2120,1696 2209,1696 2299,1690 2389,1690 2478,1690 2568,1690 2657,1684 2747,1684 2837,1678 2926,1678 3016,1678 3105,1678 3195,1672 3285,1672 3374,1672 3464,1672 3553,1666"/>
                <TextEquiv>
                    <Unicode>uastreckte, sich auf sie stürzen, sie umfangen wollte,zerfloss</Unicode>
                </TextEquiv>
            </TextLine>
        </TextRegion>
        <TextRegion id="tr_2" custom="readingOrder {index:1;}">
            <Coords points="716,1789 3738,1789 3738,3480 716,3480"/>
            <TextLine id="tr_2_tl_1" custom="readingOrder {index:0;}">
                <Coords points="718,1946 2743,1957 3616,1852 3620,1727 718,1825"/>
                <Baseline points="740,1887 758,1887 848,1881 937,1881 1027,1875 1116,1875 1206,1875 1296,1875 1385,1875 1475,1875 1564,1869 1654,1869 1744,1869 1833,1869 1923,1863 2012,1863 2102,1857 2191,1857 2281,1857 2371,1857 2460,1857 2550,1851 2639,1851 2729,1851 2819,1851 2908,1845 2998,1845 3087,1845 3177,1845 3267,1845 3356,1839 3446,1839 3535,1839 3625,1839"/>
                <TextEquiv>
                    <Unicode>die Erscheinung in nichts.- Es klopfte an die Tür; er fuhr aus</Unicode>
                </TextEquiv>
            </TextLine>
            <TextLine id="tr_2_tl_2" custom="readingOrder {index:1;}">
                <Coords points="695,2086 1629,2139 2328,2037 3159,2135 3699,2018 3703,1931 695,1969"/>
                <Baseline points="716,2060 752,2060 842,2060 931,2060 1021,2054 1110,2054 1200,2048 1290,2048 1379,2048 1469,2048 1558,2048 1648,2048 1738,2042 1827,2042 1917,2036 2006,2036 2096,2036 2186,2036 2275,2036 2365,2036 2454,2030 2544,2030 2633,2030 2723,2030 2813,2024 2902,2030 2992,2024 3081,2024 3171,2024 3261,2018 3350,2018 3440,2012 3529,2012 3619,2012 3709,2000"/>
                <TextEquiv>
                    <Unicode>Gdumpfem Schlaf empor, Olivo stand vor ihm. „Wie, schon am Schreib-</Unicode>
                </TextEquiv>
            </TextLine>
            <TextLine id="tr_2_tl_3" custom="readingOrder {index:2;}">
                <Coords points="733,2260 3594,2241 3707,2093 737,2158"/>
                <Baseline points="752,2233 758,2227 848,2227 937,2227 1027,2227 1116,2221 1206,2221 1296,2221 1385,2221 1475,2215 1564,2215 1654,2215 1744,2215 1833,2215 1923,2209 2012,2209 2102,2209 2191,2209 2281,2209 2371,2203 2460,2203 2550,2203 2639,2197 2729,2197 2819,2197 2908,2191 2998,2191 3087,2191 3177,2186 3267,2186 3356,2186 3446,2186 3535,2186 3625,2186 3715,2180"/>
                <TextEquiv>
                    <Unicode>tisch?"- „Es ist meine Gewohnheit“, erwiderte Casanova sofort ge-</Unicode>
                </TextEquiv>
            </TextLine>
            <TextLine id="tr_2_tl_4" custom="readingOrder {index:3;}">
                <Coords points="726,2456 3461,2388 3586,2297 729,2343"/>
                <Baseline points="746,2412 818,2407 907,2407 997,2407 1087,2401 1176,2395 1266,2395 1355,2395 1445,2395 1534,2389 1624,2389 1714,2389 1803,2389 1893,2383 1982,2383 2072,2383 2162,2383 2251,2377 2341,2377 2430,2377 2520,2377 2610,2371 2699,2371 2789,2371 2878,2365 2968,2365 3058,2365 3147,2359 3237,2359 3326,2359 3416,2359 3505,2359 3595,2359"/>
                <TextEquiv>
                    <Unicode>fasst.. der Arbeit die ersten Morgenstunden zu widmen. Wie spät</Unicode>
                </TextEquiv>
            </TextLine>
            <TextLine id="tr_2_tl_5" custom="readingOrder {index:4;}">
                <Coords points="718,2604 2724,2660 3688,2547 3692,2434 718,2505"/>
                <Baseline points="740,2580 830,2586 919,2580 1009,2580 1098,2574 1188,2574 1278,2568 1367,2568 1457,2568 1546,2568 1636,2568 1726,2562 1815,2562 1905,2562 1994,2562 2084,2556 2174,2556 2263,2556 2353,2556 2442,2550 2532,2550 2622,2550 2711,2550 2801,2550 2890,2544 2980,2544 3069,2538 3159,2538 3249,2538 3338,2538 3428,2538 3517,2532 3607,2532 3697,2526"/>
                <TextEquiv>
                    <Unicode>mag es sein?“ - „Acht Uhr“,erwiderte Olivo, „das Frühstück steht</Unicode>
                </TextEquiv>
            </TextLine>
            <TextLine id="tr_2_tl_6" custom="readingOrder {index:5;}">
                <Coords points="729,2774 2849,2834 3076,2724 3688,2724 3715,2619 733,2702"/>
                <Baseline points="752,2759 764,2759 854,2753 943,2759 1033,2753 1122,2753 1212,2747 1302,2747 1391,2747 1481,2747 1570,2741 1660,2741 1750,2741 1839,2741 1929,2741 2018,2735 2108,2735 2197,2729 2287,2729 2377,2729 2466,2729 2556,2723 2645,2723 2735,2723 2825,2717 2914,2717 3004,2717 3093,2717 3183,2711 3273,2711 3362,2711 3452,2711 3541,2705 3631,2705 3721,2705"/>
                <TextEquiv>
                    <Unicode>im Garten bereit; sobald Sie befehlen, Chevalier, wollen wir unse-</Unicode>
                </TextEquiv>
            </TextLine>
            <TextLine id="tr_2_tl_7" custom="readingOrder {index:6;}">
                <Coords points="733,2997 3681,2902 3681,2804 3541,2774 737,2849"/>
                <Baseline points="758,2938 824,2932 913,2932 1003,2932 1093,2926 1182,2926 1272,2926 1361,2920 1451,2920 1540,2920 1630,2914 1720,2914 1809,2914 1899,2908 1988,2908 2078,2908 2168,2908 2257,2902 2347,2902 2436,2902 2526,2902 2616,2896 2705,2896 2795,2896 2884,2896 2974,2890 3064,2896 3153,2890 3243,2884 3332,2884 3422,2884 3511,2884 3601,2884 3691,2878"/>
                <TextEquiv>
                    <Unicode>re Fahrt nach dem Kloster antreten. Doch ich sehe, der Wind hat</Unicode>
                </TextEquiv>
            </TextLine>
            <TextLine id="tr_2_tl_8" custom="readingOrder {index:7;}">
                <Coords points="737,3212 1043,3117 2116,3185 2426,3083 3393,3159 3730,3087 3733,2993 737,3027"/>
                <Baseline points="758,3105 782,3111 872,3105 961,3105 1051,3105 1140,3099 1230,3099 1319,3099 1409,3099 1499,3093 1588,3093 1678,3093 1767,3093 1857,3087 1947,3087 2036,3081 2126,3081 2215,3087 2305,3081 2395,3081 2484,3081 2574,3075 2663,3075 2753,3075 2843,3075 2932,3075 3022,3075 3111,3069 3201,3069 3290,3069 3380,3064 3470,3064 3559,3064 3649,3064 3738,3058"/>
                <TextEquiv>
                    <Unicode>Ihnen die Blätter verstreut!" Und er machte sich daran, die Papie</Unicode>
                </TextEquiv>
            </TextLine>
            <TextLine id="tr_2_tl_9" custom="readingOrder {index:8;}">
                <Coords points="733,3363 3446,3348 3737,3174 737,3212"/>
                <Baseline points="752,3285 782,3285 872,3279 961,3279 1051,3279 1140,3279 1230,3279 1319,3279 1409,3279 1499,3273 1588,3273 1678,3273 1767,3267 1857,3267 1947,3267 2036,3267 2126,3267 2215,3261 2305,3261 2395,3261 2484,3261 2574,3255 2663,3255 2753,3255 2843,3255 2932,3255 3022,3249 3111,3249 3201,3249 3290,3243 3380,3249 3470,3243 3559,3243 3649,3243 3738,3243"/>
                <TextEquiv>
                    <Unicode>re vom Fussboden aufzulesen. Casanova liess es geschehen, denn er</Unicode>
                </TextEquiv>
            </TextLine>
            <TextLine id="tr_2_tl_10" custom="readingOrder {index:9;}">
                <Coords points="744,3541 2090,3446 2339,3533 3635,3526 3635,3348 3390,3310 748,3378"/>
                <Baseline points="770,3470 776,3464 866,3464 955,3458 1045,3458 1134,3458 1224,3452 1314,3458 1403,3452 1493,3452 1582,3452 1672,3446 1761,3446 1851,3446 1941,3440 2030,3446 2120,3440 2209,3440 2299,3440 2389,3434 2478,3434 2568,3434 2657,3434 2747,3434 2837,3428 2926,3428 3016,3428 3105,3428 3195,3422 3285,3422 3374,3422 3464,3422 3553,3422 3643,3416"/>
                <TextEquiv>
                    <Unicode>war ans Fenster getreten und erblickte um den Frühstückstisch</Unicode>
                </TextEquiv>
            </TextLine>
        </TextRegion>
        <TextRegion id="tr_3" custom="readingOrder {index:2;}">
            <Coords points="752,3551 3792,3551 3792,4722 752,4722"/>
            <TextLine id="tr_3_tl_1" custom="readingOrder {index:0;}">
                <Coords points="744,3703 3786,3669 3786,3510 748,3567"/>
                <Baseline points="770,3655 836,3649 925,3643 1015,3643 1104,3643 1194,3637 1284,3637 1373,3637 1463,3637 1552,3637 1642,3637 1732,3625 1821,3625 1911,3625 2000,3625 2090,3625 2180,3625 2269,3625 2359,3619 2448,3619 2538,3619 2628,3619 2717,3613 2807,3613 2896,3613 2986,3613 3075,3613 3165,3613 3255,3613 3344,3613 3434,3613 3523,3607 3613,3607 3703,3601 3792,3613"/>
                <TextEquiv>
                    <Unicode>gereiht, den man auf die Wiese in den Schatten des Hauses gestellt</Unicode>
                </TextEquiv>
            </TextLine>
            <TextLine id="tr_3_tl_2" custom="readingOrder {index:1;}">
                <Coords points="733,3915 3439,3888 3741,3794 3741,3669 737,3752"/>
                <Baseline points="752,3822 794,3822 883,3822 973,3816 1063,3816 1152,3816 1242,3816 1331,3816 1421,3810 1511,3816 1600,3810 1690,3810 1779,3810 1869,3810 1959,3810 2048,3804 2138,3810 2227,3804 2317,3804 2407,3798 2496,3798 2586,3798 2675,3792 2765,3792 2854,3792 2944,3792 3034,3792 3123,3792 3213,3786 3302,3786 3392,3792 3482,3792 3571,3786 3661,3780 3750,3780"/>
                <TextEquiv>
                    <Unicode>hatte, alle weise gekleidet, Amalia, Maroolina und die drei kleinen</Unicode>
                </TextEquiv>
            </TextLine>
            <TextLine id="tr_3_tl_3" custom="readingOrder {index:2;}">
                <Coords points="744,4073 3688,4051 3692,3858 748,3922"/>
                <Baseline points="770,4001 830,3995 919,3995 1009,3995 1098,3995 1188,3989 1278,3989 1367,3989 1457,3983 1546,3983 1636,3983 1726,3983 1815,3983 1905,3977 1994,3977 2084,3977 2174,3977 2263,3977 2353,3977 2442,3977 2532,3977 2622,3971 2711,3971 2801,3971 2890,3971 2980,3971 3069,3965 3159,3971 3249,3965 3338,3965 3428,3959 3517,3959 3607,3959 3697,3953"/>
                <TextEquiv>
                    <Unicode>Mädchen. Sie riefen ihm einen Morgengruss zu. Er sah nur Marco-</Unicode>
                </TextEquiv>
            </TextLine>
            <TextLine id="tr_3_tl_4" custom="readingOrder {index:3;}">
                <Coords points="778,4259 3507,4228 3703,4176 3707,4036 782,4096"/>
                <Baseline points="800,4180 848,4180 937,4174 1027,4174 1116,4174 1206,4168 1296,4168 1385,4168 1475,4168 1564,4162 1654,4162 1744,4162 1833,4162 1923,4162 2012,4162 2102,4162 2191,4157 2281,4162 2371,4162 2460,4157 2550,4157 2639,4151 2729,4151 2819,4151 2908,4151 2998,4151 3087,4151 3177,4151 3267,4151 3356,4145 3446,4145 3535,4145 3625,4139 3715,4139"/>
                <TextEquiv>
                    <Unicode>lina, sie lächelte freundlich zu ihm auf mit hellen Augen, hielt</Unicode>
                </TextEquiv>
            </TextLine>
            <TextLine id="tr_3_tl_5" custom="readingOrder {index:4;}">
                <Coords points="744,4455 3718,4421 3749,4247 744,4289"/>
                <Baseline points="764,4360 794,4354 883,4354 973,4354 1063,4354 1152,4354 1242,4348 1331,4348 1421,4342 1511,4342 1600,4342 1690,4342 1779,4342 1869,4336 1959,4336 2048,4336 2138,4336 2227,4336 2317,4336 2407,4330 2496,4330 2586,4330 2675,4330 2765,4324 2854,4330 2944,4324 3034,4324 3123,4324 3213,4324 3302,4324 3392,4324 3482,4324 3571,4318 3661,4318 3750,4312"/>
                <TextEquiv>
                    <Unicode>einen Teller mit frühgereiften Trauben auf dem Schoss und steck-</Unicode>
                </TextEquiv>
            </TextLine>
            <TextLine id="tr_3_tl_6" custom="readingOrder {index:5;}">
                <Coords points="744,4618 3424,4599 3737,4421 744,4459"/>
                <Baseline points="764,4539 788,4533 877,4533 967,4533 1057,4527 1146,4527 1236,4527 1325,4521 1415,4521 1505,4521 1594,4521 1684,4521 1773,4521 1863,4515 1953,4521 2042,4515 2132,4515 2221,4509 2311,4509 2401,4509 2490,4509 2580,4509 2669,4509 2759,4503 2848,4503 2938,4503 3028,4497 3117,4497 3207,4503 3296,4497 3386,4497 3476,4497 3565,4497 3655,4491 3744,4485"/>
                <TextEquiv>
                    <Unicode>te eine Beere nach der andern in den Mund. Alle Verachtung, aller</Unicode>
                </TextEquiv>
            </TextLine>
            <TextLine id="tr_3_tl_7" custom="readingOrder {index:6;}">
                <Coords points="737,4791 1802,4701 2263,4807 2717,4686 3121,4814 3401,4712 3669,4788 3673,4576 737,4618"/>
                <Baseline points="758,4712 812,4712 901,4706 991,4706 1081,4706 1170,4700 1260,4700 1349,4700 1439,4700 1529,4700 1618,4694 1708,4694 1797,4694 1887,4688 1976,4694 2066,4688 2156,4688 2245,4688 2335,4682 2424,4682 2514,4682 2604,4682 2693,4676 2783,4682 2872,4676 2962,4676 3052,4676 3141,4676 3231,4670 3320,4670 3410,4670 3500,4670 3589,4664 3679,4664"/>
                <TextEquiv>
                    <Unicode>Zorn, aller Hass schmolz in Casanovas Herz dahin; er wusste nur</Unicode>
                </TextEquiv>
            </TextLine>
        </TextRegion>
    </Page>
</PcGts>
