4184 5272
3376 255 3565 598 60 89
725 529 3743 864 Der Abbate, sonst ziemlich teilnahmelos, gab zuweilen spruchähnli-
725 768 3720 1023 ehe gätze zum Besten - wie „Das glück und die Frauen zwingst du
718 961 3577 1185 nicht - oder.Die erde ist rund, der Himmel weit" - manchmal
725 1123 3666 1401 blickte er auch pfiffig ernutigend Casanova und gleich darauf
725 1320 3585 1571 die diesem gegenüber, ihrem Gatten zur Seite sitzende Amalia
741 1459 3654 1686 an, als läge ihm daran, die beiden alten Liebesleute neu mitein-
745 1702 3585 1883 ander zu verkuppeln. Casanova aber dachte an nichts anderes,
768 1798 3666 2072 als dass Maroolina sich jetzt in ihrem Zimmer langsam entklei-
756 1991 3701 2257 dete, und dass, wenn das Fenster offen stand, ihre weisse Haut in
756 2188 3766 2431 die Nacht hinausschimmerte. Von einer Begier erfasst, die ihm die
768 2419 3693 2605 Sinne verstörte, wollte er sich von seinem Platz neben dem Mar-
764 2585 3623 2798 chese erheben und den Raum verlassen; der Marchese aber nahm
760 2713 3785 3021 diese Bewegung als einen Entschluss sich am spiel, zu beteiligen
776 2944 3774 3195 und sagte: „Nun endlich - wir wussten ja, dass Sie nicht Zuschau-
768 3075 3689 3319 er bleiben würden, ghevalier“. Er legte eine Karte vor ihn hin,
768 3299 3631 3492 Casanova setzte alles, was er bei sich trug - und dies war so
779 3407 3720 3654 ziemlich alles, was er besass - zehn Dukaten etwa, er zählte sie
772 3639 3870 3812 nicht. liess sie aus seiner Börse auf den Tisch gleiten und wünsch-
779 3785 3820 4032 te, sie auf einen gatz zu verlieren: dies sollte dann ein Zeichen
768 3948 3647 4175 sein, ein glückverheissendes Zeichen - er wusste nicht recht.
756 4152 3720 4337 wofür, ob für seine baldige Heimfahrt nach Venedig oder den ihm
768 4337 3774 4553 bevorstehenden Anblick der entkleideten Marcolina;- doch ehe er
768 4476 3778 4735 sich entschieden, hat te der Marlheso das spiel gegen ihn bereits
