4248 5336
3495 407 3676 592 107
844 592 3755 844 sich’s nun von selbst; und bald war er dem Marchese hundert Du-
841 724 3717 1003 katen schuldig. Casanova übernahm die Bank und hatte noch mehr
852 954 3774 1180 Glück als der Marchese. Es war indese wieder ein spiel zu drei-
2771 1086 3084 1206 Bruder
867 1146 3834 1338 en geworden, heute liessen sich's auch die/Ricardi ohne Einspruch
856 1252 3857 1519 gefallen; mit Olivo und dem Abbate waren sie bewundernde Zuschau-
875 1448 3729 1704 er. Kein lautes Wort wurde gewechselt, nur die Karten sprachen
871 1595 3789 1870 und sie sprachen deutlich genug. Der Zufall des Spieles wollte,
878 1802 3808 2081 dass alles Bargeld zu Casanova hinüberfloss, und als eine Stunde
878 1979 3789 2236 vergangen war, hatte er zweitausend Dukaten zwar von Lorenzi ge-
833 2138 3778 2428 wonnen, aber sie kamen alle aus des Marchese Tasche, der nun ohne
893 2337 3785 2541 einen solde dasass. Casanova stellte ihm zur Verfügung, was ihm
901 2500 3759 2756 blieben sollte. Der Marchese schüttelte den Kopf. „Ich danke“,
909 2688 3676 2914 sagte er, nun ist es genug. Für mich ist das Spiel zu Ende.
916 2839 3808 3095 Aus dem Garten klang das Lachen und Rufen der Kinder. Casanova
905 3061 3857 3284 hörte Teresinae Stimme heraus; er sass mit dem Rücken gegen das
905 3261 3785 3468 Fenster und wandte sich nicht um. Noch einmal versuchte er, zu
927 3423 3819 3627 gunsten Lorenzis, er wusste selbst nicht warum, den Marchese zum
924 3634 3785 3800 Weiterspielen zu bewegen. Dieser erwiderte nur durch ein noch
939 3781 3789 3985 entschiedeneres Kopfschütteln. Lorenzi erhob sich. „Ich werde
931 3876 3868 4173 mir erlauben, Herr Marchese, die Summe, die ich Ihnen schulde, mor-
931 4053 3962 4343 gen vor zwölf Uhr Mittags persönlich in Ihre Hände zu übergeben".
935 4309 3909 4486 Der Marchese lachte kurz. „Ich bin neugierig, wie sie das anstel-
939 4415 3819 4686 len wollen, Herr Leutenant Lorenzi. Be gibt keinen Menschen in
