4152 5192
3541 366 3754 526 129
802 522 3653 724 Tor, daran vorüber, die Mauer entlang bis zu der Ecke, wo sie im
802 694 3582 914 rechten Winkel nach oben dog und nahm nun den Weg durch die
802 896 3616 1075 Weinberge, den er, nachdem er ihn schon zweimal im Tagesschein
802 1056 3672 1265 gegangen, leicht zu finden wusste. Auch hielt er sich immer der
787 1209 3720 1437 Mauer nahe und folgte ihr auch, als sie nun, etwa auf der mittle-
795 1403 3761 1590 ren Höhe des Hügels, wieder im rechten Winkel umbog. Hier ging an
791 1608 3679 1795 auf weichem Wiesengrund, im Dunkel der verhängten Nacht weiter,
802 1746 3713 1959 und musste nur Acht haben, dass er die Gartentüre nicht verfehl-
806 1933 3735 2123 te. Er taatete längs der glatten steinernen Umfassung, bis seine
791 2101 3791 2287 Finger das rauhe Holz spürten; worauf er die Türe auch in ihren
795 2295 3769 2478 ganzen schmalen niederen Umris sein deutlich wahrzunehmen vermoch-
791 2474 3623 2653 te. Er steckte den Schlüssel in das rasch gefundene Schloss,
795 2638 3645 2825 öffnete, trat in den Garten und sperrte hinter sich wieder zu.
784 2839 3765 2989 Er sah das Haus mit dem Turm jenseits der Viese in unwahrschein-
784 2985 3638 3175 licher Entfernung und in einer ebenso unwahrsche inlichen Höhe
795 3175 3627 3362 aufragen. Eine Weile stand er ruhig; er sah um sich; denn was
780 3321 3761 3548 für andere Augen noch undurchdringliche Finsternis gewesen wäre,
780 3548 3638 3709 war für die seinen nur tiefe Dämmerung. Er wagte es, statt in
784 3716 3769 3888 der Allee, deren Kies seinen nackten Füssen weh tat, auf der Wiese
784 3873 3720 4026 weiterzugehen, die den Ton seiner Schritte verschlang. Er glaub-
780 4022 3769 4224 te zu schweben; so leicht war sein Gang.- War mir anders zu Mut,
772 4194 3757 4399 dachte er, zur Zeit, da ich als Preissigjähriger solche Wege ging?
761 4377 3668 4608 Fühl ich nicht wie damals alle Gluten des Verlangens und alle
