4184 5288
3442 219 3731 535 62 83
720 474 3819 782 Abbate. Es war wie Mittags ein einfaches und dabei höchst schmack-
708 739 3631 974 haftes Mahl. Die zwei älteren Töchter des Hauses, Toresina und
720 886 3754 1090 Nanetta, reichten die Schüsseln und schenkten von dem trefflichen
720 1070 3646 1367 Wein, der auf Olivos Hügeln wuohs; und sowohl der Marchese wie
739 1247 3711 1490 der Abbate dankten den Mädchen mit scherzhaft derben Liebkosun-
751 1424 3596 1648 gen, die ein gestrengerer Vater als Olivo war sich vielleicht
755 1586 3761 1798 verboten hätte. Amalia schien nichts zu bemerken; sie war blass,
1509 1783 1694 1875 was
778 1783 1398 1894 a été bien
758 1763 3677 1998 ihr Blick trübe, sie sah sie eine Frau aus, die sich entschlossen
3130 1875 3519 2021 Schokke
1925 1940 2245 2037 ungrein
755 1964 1016 2083 war in
747 1994 3542 2168 hat, alt zu werden, weil es jeden Sinn für sie verloffung zu
758 2152 3631 2372 sein. Ist dies nun meine ganze Macht? dachte Casanova bitter,
774 2302 3711 2549 sie von der Seite betrachtend. Oder war es nur die Beleuchtung,
755 2464 3611 2710 die Amaliens Züge so traurig veränderte? Es fiel nämlich nur
778 2649 3681 2891 ein breiter Strahl von Licht aus dem Innern des Hauses auf die
758 2822 3700 3072 Gäste; im übrigen liess man sich's an Dämmerschein des Himmels
778 2988 3708 3276 genügen. In scharfen schwarzen Linien schlossen die Baumwipfel
785 3184 3658 3403 alle Aussicht ab, und Casanova fühlte sich an irgend einen ge-
778 3338 3804 3584 heimnisvollen Garten erinnert, in dem er vor vielen Jahren nächt-
762 3542 3661 3742 licherweile eine Geliebte erwartet hatte. „Murano“, flüsterte
774 3738 3750 3927 er vor sich hin und erbebte; dann sprach er laut: „Es gibt ei-
785 3888 3796 4123 nen Garten auf einer Insel nahe von Venedig, einen Klostergarten,
785 4039 3684 4274 den ich vor etlichen Jahrzehnten zum letzten Mal betreten ha-
782 4231 3758 4501 bei- in dem duftete es Nachts geradeso, wie heute hier".-.gie
797 4451 3634 4709 sind wohl auch einmal Mönch gewesen?“ fragte die Marchesa so
