4168 5256
749 553 3681 836 ten sie sich dem eigentlichen Klostergebäude, von dessen grauen,
745 768 3636 1009 völlig sohmucklosen, gefängnisartigen Mauern eine unfreundlich-
741 918 3700 1186 kühle Luft über sie geweht kam. Olivo zog an dem Glockenstrang.
760 1114 3606 1351 es tönte schrill und verhallte sofort, eine tiefverschleierte
772 1253 3681 1536 Nonne öffnete schweigend und geleitete die Gäste in den ###
764 1490 3794 1720 geräumigen kahlen Sprechsaal, in dem nur ein paar einfache hölzer-
2710 1641 3034 1754 was a
772 1645 3749 1920 ne Stühle standen und der Rach rückwärts durch ein dickstäbiges
790 1837 3662 2047 Eisengitter abgeschlossen vor, jenseite dessen der Raum in ein
787 2063 3756 2254 unbestimmtes Dunkel verschwamm. Bitternis im Herzen dachte Casa-
798 2194 3722 2420 nova jenes Abenteuers, das ihm auch heute noch eines seiner wun-
790 2428 3730 2593 derbarsten dünkte und das in ganz ähnlicher Umgebung seinen An-
787 2556 3670 2763 fang genommen: in seiner Seele stiegen die Gestalten der zwei
798 2691 3707 2943 Nonnen von Murano auf, die in der Liebe für ihn als preundinnen
809 2883 3813 3116 sich gefunden und ihm gemeinsam unvergleichbare Stunden der Lust
809 3052 3734 3308 geschenkt hatten. Und als Olivo im Flüsterton von der strengen
802 3244 3613 3463 Zucht zu sprechen anlub, in der hier die Schwestern gehalten
817 3433 3786 3655 seien, die, einmal eingekleidet, ihr Antlitz unverhüllt vor keinem
817 3568 3831 3820 Manne zeigen dürften und überdies zu ewigem Schweigen verurteilt
832 3779 3715 3990 wären, zuckte um seine Lippen ein Lächeln, das gleich wieder er-
832 4065 1235 4200 starrte.
1295 4091 3794 4351 Die Aebtissin stand in ihrer Mitte, wie aus den Dämner
836 4279 3730 4513 hervorgetaucht. Stumm begrüsste sie die Gäste! mit einem über
832 4547 3828 4754 alle Massen gütigen Neigen des verhüllten Hauptes nahm sie Cass-
