4248 5304
767 683 3727 946 natürlich auch alle Ihnen in Ausübung Ihres Dienstes erwachsen-
779 827 3815 1121 den Kosten (als da sind Freihalten des einen oder anderen Indivi-
795 1053 3692 1307 duuma, kleine Geschenke an Frauenspersonen u.s.w.) ohne Bedenk-
775 1192 3727 1498 lichkeit und Knickerei ersetzt würden. Ich verhohle mir keines-
803 1375 3727 1685 wegs, dass Sie gewisse Skrupel werden niederzukämpfen haben, ehe
803 1534 3719 1741 Sie sich in dem von uns gewünschten sinne entscheiden sollten;
815 1733 3751 1979 aber erlauben Sie mir als Ihrem alten und aufrichtigen Freunde,
831 1903 3731 2106 der auch einmal jung gewesen ist, zur Erwägung zu geben, dass es
831 2074 3731 2261 niemals als unehrenhaft gelten kann, seinem geliebten Vaterlan-
842 2249 3759 2444 de irgend einen für dessen gesichertes Weiterbestehen notwendi-
509 2237 683 2404 V. P.
838 2424 3827 2698 gen Dienst zu erweisen, auch wenn es ein Dienat von der Art wäre,
850 2599 3680 2833 die dem oberflächlich und nicht patriotisch denkenden Bürger
846 2774 3735 3012 als minder würdig zu erscheinen pflegen. Auch möchte ich noch
850 2925 3878 3171 hinzufügen, dass Sie, Casanova, ja Menschenkenner genug sind, um den
2281 3088 2515 3215 oder
854 3123 3783 3409 Leichtfertigen vom Verbrecher/den Spötter vom Ketzer zu unter
858 3282 3779 3560 scheiden; und so werden sie selbst es in der Hand haben, in be-
878 3501 3791 3751 rücksichtigenswerten pällen Gnade vor Recht ergehen zu lassen,
1073 3664 1395 3779 Imme
882 3557 4081 3918 und nur denjenigen der Strafezusführen, dem eine solche Ihrer eigene
882 3807 3862 4113 Ueberzeugung nach gebührt. Vor allem aber bedenken Sie, dass die
882 3998 3739 4300 Erfüllung Ihres sehnlichsten wunsches - Ihre Rückkehr in die
898 4192 3823 4474 Vaterstadt, wenn Sie den gnädigen Vorschlag des hohen Rates ab-
898 4296 3974 4661 lehnen wollten, auf lange, ja, wie ich fürchte,auf unabsehbare Frist
898 4522 3886 4784 hinausgeschoben wäre, und dass ich selbst, wenn ich auch das hier
