4200 5320
3423 247 3636 529 124.
773 655 3697 891 und mit einem Mal in eigener Gestalt mitten in dem Bilde stand
762 822 3750 1078 das nun erst zu Leben und zu leuchten anfing. Er sprach von sei-
769 994 3697 1237 ner Mutter, der berühmten Schauspielerin, für die der grosse Col-
765 1142 3587 1394 doni, ihr Bewunderer, seine vortreffliche Komödie „Das Mündel“
781 1367 3701 1572 verfasst hatte, dann erzählte er von seinem trübseligen Aufent-
784 1515 3720 1778 halt in der Pension des geizigen Doktor Gozzi, von seiner kindi-
792 1702 3785 1919 schen Liebe zu der kleinen Gärtnerstochter, die spüter mit einem
788 1896 3686 2128 Lakaien durchgegangen war, von seiner ersten Predigt als junger
796 2071 3636 2265 Abbate, nach der er in dem Beutel des Sakristans nicht nur die
796 2205 3674 2471 üblichen Geldstücke, sondern auch ein paar zärtliche Briefchen
1877 2368 2623 2486 Mitzbibereien
788 2387 3754 2616 vorgefunden, von den übermütigen und manchmal recht bedenklichen
803 2574 3785 2821 die er als Geiger im Orchester des Theaters San Samue-
792 2741 3788 2943 le mit ein paar gleichgesinnten Kameraden in den gässchen, Schen-
803 2939 3720 3149 ken, Tanz-und spielsälen Venodigs maakiert oder auch unmaskiert
1123 3008 3945 3191 on diesen übermütigem und in auchmal recht bedenklichen Streiten
815 3134 3750 3328 verübt; doch auch berichtete er ohne auch nur ein anstös-
834 3286 3750 3488 siges Wort zu gebrauchen, ja in einer postisch-verklärenden Wei-
834 3427 3712 3663 se, als wollte er xxx auf die Kinder Rücksicht neh-
834 3636 3750 3853 men, die wie die Andern, Marcolina nicht ausgenommen, gespannt an
845 3796 3899 4009 seinen Lippen hingen. Doch die Zeit schritt vor und Amalia schick-
822 3948 3865 4192 te ihre Töchter zu Bette. Eh sie gingen, küsste Casanova sie alle
845 4162 3709 4379 aufe zärtlichste, Teresina nicht anders als die zwei jüngeren.
838 4287 3785 4577 und alle mussten ihn versprechen ihn bald mit den Eltern in Ve-
834 4520 3712 4748 nedig zu besuchen. Als die Kinder fort waren, tat er sich wohl
