<?xml version="1.0" encoding="UTF-8" standalone="yes"?>
<PcGts xmlns="http://schema.primaresearch.org/PAGE/gts/pagecontent/2013-07-15" xmlns:xsi="http://www.w3.org/2001/XMLSchema-instance" xsi:schemaLocation="http://schema.primaresearch.org/PAGE/gts/pagecontent/2013-07-15 http://schema.primaresearch.org/PAGE/gts/pagecontent/2013-07-15/pagecontent.xsd">
    <Metadata>
        <Creator>prov=READ-COOP:name=TrHtr:version=2.1.0:model_id=51170:date=14_08_2023_14:32</Creator>
        <Created>2023-05-10T14:09:29.305+02:00</Created>
        <LastChange>2023-08-14T14:32:41.257+02:00</LastChange>
        <TranskribusMetadata docId="1428605" pageId="55417431" pageNr="125" tsid="132808679" status="IN_PROGRESS" userId="64420" imgUrl="https://files.transkribus.eu/Get?id=UJBVGRVOUAXDRSYRUNNAFSBV&amp;fileType=view" xmlUrl="https://files.transkribus.eu/Get?id=CHUWBCUEDJBQWBXWNYUPQMHI" imageId="44691535"/>
    </Metadata>
    <Page imageFilename="1428605_0125.jpg" imageWidth="4200" imageHeight="5288">
        <ReadingOrder>
            <OrderedGroup id="ro_1711788544766" caption="Regions reading order">
                <RegionRefIndexed index="0" regionRef="tr_1"/>
                <RegionRefIndexed index="1" regionRef="tr_2"/>
            </OrderedGroup>
        </ReadingOrder>
        <TextRegion id="tr_1" custom="readingOrder {index:0;}">
            <Coords points="793,349 3974,349 3974,3167 793,3167"/>
            <TextLine id="tr_1_tl_1" custom="readingOrder {index:0;}">
                <Coords points="1260,451 1280,451 1303,475 1346,483 1354,495 1397,475 1468,514 1507,502 1519,290 1492,287 1437,318 1425,306 1401,314 1378,302 1342,314 1327,298 1268,287"/>
                <Baseline points="1283,417 1342,411 1432,411 1521,399"/>
                <TextEquiv>
                    <Unicode>1</Unicode>
                </TextEquiv>
            </TextLine>
            <TextLine id="tr_1_tl_2" custom="readingOrder {index:1;}">
                <Coords points="3454,491 3509,498 3552,487 3595,510 3631,506 3670,522 3682,287 3662,283 3635,298 3580,267 3556,279 3466,267"/>
                <Baseline points="3479,459 3503,453 3592,447 3682,447"/>
                <TextEquiv>
                    <Unicode>123</Unicode>
                </TextEquiv>
            </TextLine>
            <TextLine id="tr_1_tl_3" custom="readingOrder {index:2;}">
                <Coords points="773,730 3607,679 3693,534 781,573"/>
                <Baseline points="793,716 835,716 925,710 1014,704 1104,704 1193,704 1283,698 1372,698 1462,692 1551,692 1641,686 1730,686 1820,686 1909,680 1999,680 2088,680 2178,680 2267,674 2357,674 2447,668 2536,662 2626,656 2715,656 2805,650 2894,644 2984,644 3073,638 3163,638 3252,638 3342,638 3431,632 3521,632 3610,626 3700,626"/>
                <TextEquiv>
                    <Unicode>beschäftigt und immer besorgt, dass diese nicht zu viel oder zu</Unicode>
                </TextEquiv>
            </TextLine>
            <TextLine id="tr_1_tl_4" custom="readingOrder {index:3;}">
                <Coords points="797,915 3733,844 3737,655 801,742"/>
                <Baseline points="817,889 877,889 966,889 1056,889 1145,883 1235,883 1324,877 1414,871 1504,871 1593,865 1683,865 1772,865 1862,859 1951,853 2041,853 2130,847 2220,853 2309,847 2399,847 2488,841 2578,835 2667,835 2757,835 2846,829 2936,823 3025,823 3115,817 3205,817 3294,817 3384,811 3473,811 3563,811 3652,811 3742,805"/>
                <TextEquiv>
                    <Unicode>wenig auf ihre Teller bekämen. Olivo, ohne ersichtliche Nötigung,</Unicode>
                </TextEquiv>
            </TextLine>
            <TextLine id="tr_1_tl_5" custom="readingOrder {index:4;}">
                <Coords points="785,1111 3619,1001 3682,840 793,922"/>
                <Baseline points="811,1068 823,1062 913,1062 1002,1062 1092,1056 1181,1056 1271,1050 1360,1044 1450,1044 1539,1038 1629,1038 1718,1032 1808,1032 1897,1026 1987,1026 2077,1026 2166,1026 2256,1026 2345,1020 2435,1020 2524,1014 2614,1014 2703,1008 2793,1002 2882,1002 2972,996 3061,990 3151,990 3240,990 3330,984 3419,984 3509,978 3598,978 3688,978"/>
                <TextEquiv>
                    <Unicode>sprach von einem unbedeutenden, zu seinen Gunsten entschiedenen</Unicode>
                </TextEquiv>
            </TextLine>
            <TextLine id="tr_1_tl_6" custom="readingOrder {index:5;}">
                <Coords points="785,1295 3638,1209 3674,989 789,1115"/>
                <Baseline points="805,1241 811,1241 901,1235 990,1235 1080,1229 1169,1229 1259,1223 1348,1223 1438,1223 1527,1217 1617,1217 1706,1217 1796,1211 1886,1205 1975,1205 2065,1199 2154,1199 2244,1199 2333,1193 2423,1187 2512,1187 2602,1181 2691,1181 2781,1175 2870,1175 2960,1169 3049,1169 3139,1163 3228,1163 3318,1163 3407,1157 3497,1157 3587,1151 3676,1157"/>
                <TextEquiv>
                    <Unicode>Prozess mit einem gutsnachbarn, sowie von einer Geschäftsreise,</Unicode>
                </TextEquiv>
            </TextLine>
            <TextLine id="tr_1_tl_7" custom="readingOrder {index:6;}">
                <Coords points="785,1452 3756,1354 3760,1221 789,1283"/>
                <Baseline points="805,1408 811,1408 901,1408 990,1408 1080,1402 1169,1402 1259,1396 1348,1396 1438,1396 1527,1390 1617,1390 1706,1384 1796,1384 1886,1378 1975,1378 2065,1372 2154,1372 2244,1372 2333,1366 2423,1366 2512,1360 2602,1360 2691,1354 2781,1354 2870,1348 2960,1342 3049,1342 3139,1342 3228,1336 3318,1336 3407,1330 3497,1330 3587,1324 3676,1319 3766,1324"/>
                <TextEquiv>
                    <Unicode>die ihn demmächst nach Mantua und Cremona führen sollte. Casano-</Unicode>
                </TextEquiv>
            </TextLine>
            <TextLine id="tr_1_tl_8" custom="readingOrder {index:7;}">
                <Coords points="785,1617 3505,1543 3654,1511 3658,1358 793,1468"/>
                <Baseline points="811,1587 889,1587 978,1587 1068,1581 1157,1581 1247,1575 1336,1569 1426,1569 1515,1569 1605,1563 1695,1563 1784,1557 1874,1557 1963,1551 2053,1551 2142,1551 2232,1545 2321,1539 2411,1539 2500,1533 2590,1533 2679,1527 2769,1527 2858,1521 2948,1521 3037,1515 3127,1515 3216,1510 3306,1510 3396,1504 3485,1504 3575,1498 3664,1492"/>
                <TextEquiv>
                    <Unicode>va gab der Hoffnung Ausdruck, den Freund in nicht allzu ferner</Unicode>
                </TextEquiv>
            </TextLine>
            <TextLine id="tr_1_tl_9" custom="readingOrder {index:8;}">
                <Coords points="785,1798 3737,1707 3811,1574 789,1625"/>
                <Baseline points="805,1766 865,1760 954,1754 1044,1754 1133,1748 1223,1748 1313,1742 1402,1742 1492,1742 1581,1736 1671,1736 1760,1730 1850,1730 1939,1730 2029,1724 2118,1718 2208,1718 2297,1718 2387,1712 2476,1712 2566,1706 2655,1706 2745,1706 2834,1700 2924,1695 3014,1689 3103,1689 3193,1689 3282,1683 3372,1677 3461,1677 3551,1677 3640,1671 3730,1671 3819,1677"/>
                <TextEquiv>
                    <Unicode>Seit in Venedig zu begrüssen. Gerade dort, ein sonderbarer zufall,</Unicode>
                </TextEquiv>
            </TextLine>
            <TextLine id="tr_1_tl_10" custom="readingOrder {index:9;}">
                <Coords points="809,1962 3666,1888 3780,1864 3784,1727 812,1817"/>
                <Baseline points="829,1933 835,1933 925,1927 1014,1921 1104,1921 1193,1915 1283,1915 1372,1915 1462,1909 1551,1909 1641,1903 1730,1903 1820,1897 1909,1897 1999,1897 2088,1891 2178,1891 2267,1891 2357,1886 2447,1880 2536,1880 2626,1874 2715,1868 2805,1868 2894,1862 2984,1862 3073,1856 3163,1856 3252,1850 3342,1850 3431,1844 3521,1844 3610,1838 3700,1838 3789,1832"/>
                <TextEquiv>
                    <Unicode>war Olivo noch niemals gewesen. Amalia aber hatte die wunderbare</Unicode>
                </TextEquiv>
            </TextLine>
            <TextLine id="tr_1_tl_11" custom="readingOrder {index:10;}">
                <Coords points="801,2135 3709,2053 3752,1888 805,1966"/>
                <Baseline points="823,2100 895,2106 984,2100 1074,2100 1163,2094 1253,2094 1342,2088 1432,2088 1521,2082 1611,2082 1700,2077 1790,2071 1880,2071 1969,2065 2059,2065 2148,2065 2238,2059 2327,2059 2417,2059 2506,2053 2596,2047 2685,2047 2775,2041 2864,2041 2954,2035 3043,2029 3133,2029 3222,2029 3312,2023 3401,2023 3491,2017 3581,2011 3670,2011 3760,2011"/>
                <TextEquiv>
                    <Unicode>Stadt vor langen Jahren als Kind gesehen; wie sie dahingekommen,</Unicode>
                </TextEquiv>
            </TextLine>
            <TextLine id="tr_1_tl_12" custom="readingOrder {index:11;}">
                <Coords points="1668,2190 1735,2186 1778,2163 1813,2178 1849,2159 1911,2190 1970,2163 2033,2202 2061,2198 2065,2092 2025,2080 1955,2088 1947,2076 1880,2092 1849,2080 1809,2108 1735,2088 1672,2112"/>
                <Baseline points="1689,2172 1712,2166 1802,2154 1891,2148 1981,2148 2071,2148"/>
                <TextEquiv>
                    <Unicode>tu sagen.</Unicode>
                </TextEquiv>
            </TextLine>
            <TextLine id="tr_1_tl_13" custom="readingOrder {index:12;}">
                <Coords points="812,2284 3964,2202 3960,2108 3010,2049 2017,2194 816,2143"/>
                <Baseline points="835,2273 841,2273 931,2273 1020,2273 1110,2267 1199,2267 1289,2262 1378,2262 1468,2256 1557,2256 1647,2250 1736,2244 1826,2244 1915,2238 2005,2238 2094,2232 2184,2226 2273,2226 2363,2226 2453,2226 2542,2220 2632,2220 2721,2220 2811,2214 2900,2208 2990,2208 3079,2202 3169,2202 3258,2196 3348,2196 3437,2190 3527,2190 3616,2184 3706,2184 3795,2178 3885,2184 3974,2190"/>
                <TextEquiv>
                    <Unicode>wusste sie nicht mehr und erinnerte sich nur mehr eines alten xxx</Unicode>
                </TextEquiv>
            </TextLine>
            <TextLine id="tr_1_tl_14" custom="readingOrder {index:13;}">
                <Coords points="1609,2351 1727,2339 1774,2379 1947,2331 2065,2371 2116,2328 2257,2375 2343,2331 2512,2347 2516,2261 2210,2241 2096,2269 2021,2241 1613,2300"/>
                <Baseline points="1629,2333 1718,2333 1808,2327 1897,2327 1987,2321 2077,2321 2166,2315 2256,2315 2345,2309 2435,2309 2524,2303"/>
                <TextEquiv>
                    <Unicode>getulden können</Unicode>
                </TextEquiv>
            </TextLine>
            <TextLine id="tr_1_tl_15" custom="readingOrder {index:14;}">
                <Coords points="793,2481 3803,2414 3807,2265 2587,2253 2253,2379 1535,2292 1280,2406 801,2331"/>
                <Baseline points="817,2453 859,2447 948,2447 1038,2447 1128,2447 1217,2441 1307,2441 1396,2441 1486,2435 1575,2429 1665,2429 1754,2423 1844,2423 1933,2423 2023,2417 2112,2417 2202,2411 2291,2411 2381,2405 2470,2405 2560,2399 2649,2393 2739,2393 2829,2387 2918,2381 3008,2381 3097,2375 3187,2375 3276,2375 3366,2369 3455,2369 3545,2363 3634,2357 3724,2357 3813,2345"/>
                <TextEquiv>
                    <Unicode>### rotem Mantel, der aus einem länglichen schwarzen Schiff</Unicode>
                </TextEquiv>
            </TextLine>
            <TextLine id="tr_1_tl_16" custom="readingOrder {index:15;}">
                <Coords points="993,2386 1115,2394 1209,2379 1280,2406 1299,2390 1331,2390 1334,2316 1299,2320 1256,2296 1205,2296 1178,2312 1142,2292 1123,2312 1083,2308 1028,2343 993,2347"/>
                <Baseline points="1014,2375 1074,2375 1163,2375 1253,2369 1342,2369"/>
                <TextEquiv>
                    <Unicode>Scharlach</Unicode>
                </TextEquiv>
            </TextLine>
            <TextLine id="tr_1_tl_17" custom="readingOrder {index:16;}">
                <Coords points="812,2649 3587,2571 3595,2390 820,2473"/>
                <Baseline points="835,2626 913,2626 1002,2620 1092,2620 1181,2620 1271,2614 1360,2614 1450,2614 1539,2608 1629,2602 1718,2608 1808,2596 1897,2596 1987,2590 2077,2590 2166,2584 2256,2584 2345,2578 2435,2578 2524,2572 2614,2572 2703,2566 2793,2566 2882,2560 2972,2560 3061,2554 3151,2548 3240,2548 3330,2542 3419,2542 3509,2536 3598,2542"/>
                <TextEquiv>
                    <Unicode>ausgestiegen,gestolpert und der Länge nach hingefallen war.</Unicode>
                </TextEquiv>
            </TextLine>
            <TextLine id="tr_1_tl_18" custom="readingOrder {index:17;}">
                <Coords points="3124,2642 3391,2638 3450,2653 3474,2638 3540,2673 3584,2665 3587,2571 3513,2583 3430,2563 3399,2587 3372,2559 3254,2579 3195,2559 3128,2579"/>
                <Baseline points="3145,2638 3234,2632 3324,2626 3413,2626 3503,2620 3592,2626"/>
                <TextEquiv>
                    <Unicode>Marcoline.</Unicode>
                </TextEquiv>
            </TextLine>
            <TextLine id="tr_1_tl_19" custom="readingOrder {index:18;}">
                <Coords points="832,2838 3568,2775 3717,2732 3725,2555 3450,2653 836,2685"/>
                <Baseline points="853,2817 865,2817 954,2799 1044,2799 1133,2793 1223,2787 1313,2787 1402,2787 1492,2781 1581,2781 1671,2775 1760,2775 1850,2769 1939,2769 2029,2763 2118,2763 2208,2757 2297,2757 2387,2751 2476,2751 2566,2745 2655,2739 2745,2739 2834,2739 2924,2733 3014,2733 3103,2727 3193,2727 3282,2727 3372,2721 3461,2715 3551,2721 3640,2709 3730,2703"/>
                <TextEquiv>
                    <Unicode>„Auch Sie kennen Venedig nicht, Marcelan" fragte Casanova, die</Unicode>
                </TextEquiv>
            </TextLine>
            <TextLine id="tr_1_tl_20" custom="readingOrder {index:19;}">
                <Coords points="828,3018 3737,2940 3741,2744 836,2838"/>
                <Baseline points="853,2990 877,2984 966,2978 1056,2972 1145,2972 1235,2972 1324,2966 1414,2966 1504,2960 1593,2954 1683,2954 1772,2948 1862,2948 1951,2942 2041,2942 2130,2936 2220,2936 2309,2936 2399,2930 2488,2930 2578,2924 2667,2918 2757,2912 2846,2912 2936,2906 3025,2906 3115,2906 3205,2900 3294,2900 3384,2894 3473,2894 3563,2888 3652,2888 3742,2876"/>
                <TextEquiv>
                    <Unicode>gerade ihm gegenüber sass und über seine Schulter in das tiefe</Unicode>
                </TextEquiv>
            </TextLine>
            <TextLine id="tr_1_tl_21" custom="readingOrder {index:20;}">
                <Coords points="2740,3034 2771,3042 2791,3034 2806,3050 2826,3030 2861,3042 2877,3026 2944,3030 2956,3018 3003,3014 3003,2936 2983,2936 2967,2920 2904,2924 2857,2956 2842,2948 2826,2959 2791,2936 2740,2940"/>
                <Baseline points="2763,2996 2852,3002 2942,2996 3014,2996"/>
                <TextEquiv>
                    <Unicode>notter</Unicode>
                </TextEquiv>
            </TextLine>
            <TextLine id="tr_1_tl_22" custom="readingOrder {index:21;}">
                <Coords points="844,3171 3368,3116 3792,3250 3799,2971 848,3030"/>
                <Baseline points="865,3157 943,3151 1032,3151 1122,3151 1211,3145 1301,3145 1390,3139 1480,3139 1569,3139 1659,3133 1748,3133 1838,3127 1927,3121 2017,3121 2106,3121 2196,3115 2285,3109 2375,3109 2464,3103 2554,3103 2644,3097 2733,3097 2823,3097 2912,3097 3002,3097 3091,3085 3181,3085 3270,3079 3360,3079 3449,3079 3539,3073 3628,3073 3718,3067 3807,3061"/>
                <TextEquiv>
                    <Unicode>Dunkel des Gartens schaute. Sie schüttelte xxx den Kopf. Und Ca-</Unicode>
                </TextEquiv>
            </TextLine>
        </TextRegion>
        <TextRegion id="tr_2" custom="readingOrder {index:1;}">
            <Coords points="716,3190 3903,3190 3903,4748 716,4748"/>
            <TextLine id="tr_2_tl_1" custom="readingOrder {index:0;}">
                <Coords points="844,3360 3273,3309 3611,3270 3615,3132 2661,3140 2516,3238 2406,3167 848,3175"/>
                <Baseline points="865,3336 937,3330 1026,3330 1116,3324 1205,3324 1295,3324 1384,3318 1474,3312 1563,3312 1653,3312 1742,3306 1832,3306 1921,3300 2011,3300 2100,3294 2190,3288 2279,3288 2369,3288 2458,3282 2548,3282 2638,3282 2727,3282 2817,3282 2906,3270 2996,3270 3085,3264 3175,3264 3264,3258 3354,3252 3443,3252 3533,3246 3622,3240"/>
                <TextEquiv>
                    <Unicode>sanova dachte: On könnt ich sie dir zeigen, die Stadt, in der</Unicode>
                </TextEquiv>
            </TextLine>
            <TextLine id="tr_2_tl_2" custom="readingOrder {index:1;}">
                <Coords points="844,3513 3560,3462 3670,3446 3678,3270 848,3364"/>
                <Baseline points="865,3509 901,3509 990,3509 1080,3509 1169,3509 1259,3509 1348,3497 1438,3497 1527,3491 1617,3491 1706,3491 1796,3485 1886,3479 1975,3479 2065,3473 2154,3473 2244,3467 2333,3467 2423,3467 2512,3467 2602,3461 2691,3455 2781,3455 2870,3455 2960,3449 3049,3443 3139,3443 3228,3437 3318,3437 3407,3431 3497,3425 3587,3425 3676,3431"/>
                <TextEquiv>
                    <Unicode>ich jung gewesen bin. Oh, wärst du Jung gewresen mit mir... Und</Unicode>
                </TextEquiv>
            </TextLine>
            <TextLine id="tr_2_tl_3" custom="readingOrder {index:2;}">
                <Coords points="848,3725 3827,3642 3898,3505 852,3521"/>
                <Baseline points="871,3682 948,3682 1038,3682 1128,3676 1217,3676 1307,3670 1396,3664 1486,3664 1575,3664 1665,3658 1754,3658 1844,3658 1933,3658 2023,3652 2112,3652 2202,3646 2291,3640 2381,3640 2470,3634 2560,3634 2649,3634 2739,3628 2829,3628 2918,3622 3008,3622 3097,3616 3187,3616 3276,3610 3366,3610 3455,3610 3545,3604 3634,3598 3724,3598 3813,3598 3903,3598"/>
                <TextEquiv>
                    <Unicode>noch ein Gedanke kam ihmeinnloser beinahe als jene: Wenn ich dich</Unicode>
                </TextEquiv>
            </TextLine>
            <TextLine id="tr_2_tl_4" custom="readingOrder {index:3;}">
                <Coords points="1413,3788 1437,3795 1476,3772 1499,3788 1597,3772 1637,3776 1641,3686 1613,3678 1590,3690 1543,3682 1488,3697 1456,3678 1421,3682"/>
                <Baseline points="1438,3772 1468,3766 1557,3760 1647,3754"/>
                <TextEquiv>
                    <Unicode>datin</Unicode>
                </TextEquiv>
            </TextLine>
            <TextLine id="tr_2_tl_5" custom="readingOrder {index:4;}">
                <Coords points="848,3905 3584,3831 3686,3792 3693,3638 1754,3682 1327,3819 1150,3713 852,3737"/>
                <Baseline points="871,3867 925,3867 1014,3861 1104,3861 1193,3855 1283,3849 1372,3849 1462,3849 1551,3843 1641,3837 1730,3837 1820,3831 1909,3825 1999,3825 2088,3825 2178,3819 2267,3819 2357,3813 2447,3813 2536,3813 2626,3807 2715,3807 2805,3801 2894,3801 2984,3801 3073,3795 3163,3789 3252,3789 3342,3789 3431,3783 3521,3777 3610,3777 3700,3772"/>
                <TextEquiv>
                    <Unicode>jetzt mit mir nähme? Aber während dies unausgesprochen durch</Unicode>
                </TextEquiv>
            </TextLine>
            <TextLine id="tr_2_tl_6" custom="readingOrder {index:5;}">
                <Coords points="844,4043 3348,4019 3788,3972 3792,3823 848,3905"/>
                <Baseline points="865,4040 931,4034 1020,4034 1110,4034 1199,4028 1289,4028 1378,4028 1468,4022 1557,4022 1647,4016 1736,4016 1826,4010 1915,4010 2005,4004 2094,4004 2184,3998 2273,3998 2363,3998 2453,3992 2542,3992 2632,3986 2721,3986 2811,3980 2900,3980 2990,3974 3079,3974 3169,3968 3258,3968 3348,3968 3437,3963 3527,3963 3616,3957 3706,3957 3795,3957"/>
                <TextEquiv>
                    <Unicode>seine Seele ging, hatte er schon mit jener Leichtigkeit, die ihm</Unicode>
                </TextEquiv>
            </TextLine>
            <TextLine id="tr_2_tl_7" custom="readingOrder {index:6;}">
                <Coords points="856,4231 3764,4168 3772,3972 864,4055"/>
                <Baseline points="877,4213 907,4213 996,4207 1086,4207 1175,4201 1265,4201 1354,4195 1444,4195 1533,4195 1623,4195 1712,4189 1802,4183 1891,4183 1981,4177 2071,4171 2160,4171 2250,4171 2339,4165 2429,4165 2518,4165 2608,4165 2697,4159 2787,4159 2876,4154 2966,4154 3055,4142 3145,4142 3234,4142 3324,4136 3413,4136 3503,4130 3592,4130 3682,4124 3772,4124"/>
                <TextEquiv>
                    <Unicode>auch in Momenten, stärke innerer Erregung gegeben war, von der</Unicode>
                </TextEquiv>
            </TextLine>
            <TextLine id="tr_2_tl_8" custom="readingOrder {index:7;}">
                <Coords points="844,4420 3717,4353 3760,4141 852,4247"/>
                <Baseline points="871,4392 901,4386 990,4386 1080,4386 1169,4380 1259,4374 1348,4374 1438,4374 1527,4368 1617,4368 1706,4362 1796,4362 1886,4362 1975,4356 2065,4350 2154,4350 2244,4350 2333,4344 2423,4339 2512,4339 2602,4339 2691,4333 2781,4333 2870,4327 2960,4321 3049,4315 3139,4315 3228,4315 3318,4309 3407,4309 3497,4309 3587,4303 3676,4303 3766,4303"/>
                <TextEquiv>
                    <Unicode>Stadt seiner Jugend zu reden begonnen; so kunstvoll und kühl,</Unicode>
                </TextEquiv>
            </TextLine>
            <TextLine id="tr_2_tl_9" custom="readingOrder {index:8;}">
                <Coords points="695,4592 3741,4529 3788,4333 699,4474"/>
                <Baseline points="716,4559 752,4559 841,4559 931,4559 1020,4559 1110,4559 1199,4547 1289,4547 1378,4541 1468,4541 1557,4535 1647,4535 1736,4530 1826,4530 1915,4524 2005,4524 2094,4518 2184,4518 2273,4512 2363,4512 2453,4506 2542,4506 2632,4506 2721,4500 2811,4494 2900,4494 2990,4488 3079,4488 3169,4482 3258,4482 3348,4476 3437,4476 3527,4470 3616,4470 3706,4470 3795,4476"/>
                <TextEquiv>
                    <Unicode>als gälte es ein Gemälde zu schildern, bis er, unwillkürlich den</Unicode>
                </TextEquiv>
            </TextLine>
            <TextLine id="tr_2_tl_10" custom="readingOrder {index:9;}">
                <Coords points="801,4781 1919,4816 2473,4690 3222,4812 3725,4679 3729,4518 805,4612"/>
                <Baseline points="823,4732 865,4738 954,4732 1044,4732 1133,4732 1223,4732 1313,4726 1402,4726 1492,4721 1581,4715 1671,4715 1760,4709 1850,4703 1939,4703 2029,4697 2118,4697 2208,4691 2297,4691 2387,4691 2476,4685 2566,4679 2655,4679 2745,4679 2834,4679 2924,4679 3014,4673 3103,4667 3193,4661 3282,4661 3372,4661 3461,4655 3551,4655 3640,4655 3730,4649"/>
                <TextEquiv>
                    <Unicode>Ton erwärmend, in die Geschichte seines xxx Lebens geriet,</Unicode>
                </TextEquiv>
            </TextLine>
        </TextRegion>
    </Page>
</PcGts>
