4200 5288
3470 331 3624 562 86
790 489 3709 770 wird uns immer versagt sein; unser Weg geht von der Geburt zum
951 720 1922 870 was bleibt in chez a
793 705 3728 944 Tode; nach dem Gesetz leben, das jedem von uns in
797 832 3786 1113 die Brust gesenkt ist - oder auch wider dies Gesetz, denn Aufleh-
786 1082 3008 1275 nung wie Demut kommen gleichermassen von Gott.“
1267 1279 3670 1437 Olivo sah auf seine Nichte mit scheuer Bewunderung,
820 1383 3763 1648 dann ängstlich auf Casanova hin, der nach einer Entgegnung such-
2546 1564 2942 1691 könnte
820 1648 3751 1829 te, mit der er Marcolinen klar machen wollte, dass sie Gott sozu-
832 1737 3747 1983 sagen in einem Atemzug bewies und leugnete,-oder dass Gott und
820 1937 3701 2188 Teufel für sie eines seien:- aber er spürte, dass er gegen ihr
820 2118 3663 2357 Gefühl nichts anderes einzusetzen hatte, als leere Worte,- und
832 2299 3743 2519 nicht einmal die boten sich ihm heute dar. der sonderbar sich
843 2465 3894 2696 verzerrende Ausdruck seiner Mienen schien in Amaliadie grinnerung
836 2673 3736 2873 an seine wirren Drohungen von gestern wieder aufzuwecken, und
855 2777 3828 3050 sie beeilte sich zu bemerken: „Und doch ist Marcolina fromm, glau-
851 2981 3824 3216 ben sie mir, Chevalier".- Marcolina lächelte verloren. „Wir sind
855 3166 3786 3381 es alle in unserer Weise“, sagte Casanova und sah vor sich hin.
1340 3297 3782 3570 Eine plötzliche Biegung des Wegs, und das Kloster lag
1849 3528 2022 3636 not
867 3493 3820 3728 vor ihnen. Ueber die xxx Umfassungsmauer rogten die schlanken
1644 3709 2003 3832 angressen
863 3666 3959 3913 Enden der hohen Linienstämne. Auf das Geräusch des heranrollen-
867 3905 3801 4121 den Wagens hatte sich das Tor aufgetan, ein Pförtner mit langem
893 4094 3824 4298 weissen Barte grüsste bedächtig und liess die Gäste ein. Durch
886 4179 3897 4479 einen hohen offenen Bogengang, zwischen dessen Säulen man beider-
882 4387 3844 4741 seits in einen ganz verwachsenen, dunkelgrünen Garten sah, näher-
