4264 5320
772 189 1095 453 " " " "
1373 263 1562 419 G.C.F.P.
3425 390 3633 635 103
720 623 3578 935 auch in der Beichte nicht. Und wenn du später einen Liebhaber
716 809 3682 1147 kriegst oder einen Bräutigam oder gar einen Mann, der braucht es
735 1065 3685 1303 auch nicht zu wissen. Du sollet überhaupt immer lügen; auch Va-
750 1180 3600 1429 ter und Mutter und Geschwister sollst du anlügen; auf dass es
739 1325 3622 1666 dir wohl ergehe auf Erden. Merk dir das".- So lästerte er und
739 1551 3667 1759 Toresina musste es wohl für einen Segen halten, den er über sie
761 1733 3585 1930 sprach, denn sie nahm seine Hand und küsste sie andächtig wie
761 1844 3656 2123 die eines Priesters. Er lachte laut auf..Komn', sagte er dann,
757 2078 3548 2338 komm, meine kleine Frau, wir wollen Arm in Arm im Saal unten
765 2249 3618 2490 erscheinen!" Sie zierte sich wohl ein wenig, lächelte aber da-
768 2490 1833 2668 bei nicht unzufrieden.
1228 2550 3719 2824 Es war die höchste Zeit, dass sie aus der Türe traten,
798 2765 3648 2969 denn Olivo kam eben erhitzt mit gerunzelten Brauen die Treppe
787 2913 3674 3166 herauf und Casanova vermutete gleich, dass unzarte Scherze des
790 3114 3715 3359 Marchese oder des Abbate über das lange Ausbleiben der Kleinen
802 3322 3682 3507 ihm Bedenken verursacht haben mochten. Seine Züge erheiterten
802 3489 3737 3696 sich sofort, als er Casanova wie zum Scherz in die Kleine einge-
802 3693 3682 3871 hängt auf der Schwelle stehen sah. „Verzeihen Sie, mein bester
809 3852 3785 4030 Olivo“, sagte Casanova, „dass ich warten liess. Ich musste meinen
813 4016 3674 4231 Brief erst zu Ende schreiben“. Er hielt ihn Olivo wie ein Be-
802 4164 3785 4387 weisstück entgegen. „Nimm ihn“, sagte Olivo zu Toresina, indem er
820 4361 3708 4602 ihr die etwas verwirrten Haare streichelte, und bring ihn dem
816 4517 3797 4813 Boten".- „Und hier", fügte Casanova hinzu,.eind zwei Goldstücke,
