4136 5208
3502 273 3704 422 132
750 489 3603 713 dass nun das Gitter vor Marcolinens Fenster sich zurückschob,
750 706 3633 874 gleich darauf öffneten sich beide Flügel weit, während der Vor-
754 889 3741 1038 hang noch zugezogen blieb. Casanova hielt sich ein paar Sekunden
747 1012 3640 1266 regungelos, bis von unsichtbarer Hand gerafft der Vorhang sich
750 1225 3719 1381 nach der einen Seite hob; das war für Casanova ein Zeichen, sich
750 1344 3562 1572 über die Brüstung ins Zimmer zu schwingen und sofort Fenster
769 1557 3644 1759 und Gitter hinter sich zu schliessen. Der geraffte Vorhang war
769 1732 3614 1942 über seinen Schultern wieder gesunken, so dass er genötigt war
754 1886 3640 2102 darunter hervorzukriechen, und nun wäre er in völliger Finster-
762 2039 3599 2270 nis dagestanden, wenn nicht aus der Tiefe des Gemachs, in unbe-
750 2259 3569 2461 greiflicher Entfernung, wie von seinem eigenen Blick erweckt,
762 2427 3767 2629 ein mattes Schimnern ihm den Weg gewiesen hätte. Nur drei Schrit-
769 2614 3741 2800 te - und sehnsüchtige Arme breiteten sich nach ihm aus; er liess
769 2793 3670 2976 den Degen aus der Hand, den Mantel von seinen Schultern gleiten
762 2961 1878 3189 und sank in sein Glück.
1228 3114 3663 3353 An Maroolinens seufzendem vergehen, an den Trünen der
769 3278 3670 3472 Seligkeit, die er ihr von den Wangen küsste,an der immer wieder
762 3450 3633 3670 erneuten Glut, mit der xxx sie seine Zärtlichke iten empfing, er-
762 3696 3678 3857 kannte er bald, dass sie seine Entzückungen teilte, die ihm als
762 3820 3704 4051 höhere, ja von neuer, anderer Art erschienen, als er jemals genos-
769 4006 3614 4204 sen. Lust ward zur Andacht, tiefster Rausch war) Wachsein ohne-
754 4182 3741 4391 gleichen; hier endlich war, die er schon so oft, töricht genug zu
780 4335 3760 4540 erleben geglaubt, und die er noch niemals wirklich erlebt hatte -
