<?xml version="1.0" encoding="UTF-8" standalone="yes"?>
<PcGts xmlns="http://schema.primaresearch.org/PAGE/gts/pagecontent/2013-07-15" xmlns:xsi="http://www.w3.org/2001/XMLSchema-instance" xsi:schemaLocation="http://schema.primaresearch.org/PAGE/gts/pagecontent/2013-07-15 http://schema.primaresearch.org/PAGE/gts/pagecontent/2013-07-15/pagecontent.xsd">
    <Metadata>
        <Creator>prov=READ-COOP:name=TrHtr:version=2.1.0:model_id=51170:date=14_08_2023_14:32</Creator>
        <Created>2023-05-10T14:09:24.924+02:00</Created>
        <LastChange>2023-08-14T14:32:33.898+02:00</LastChange>
        <TranskribusMetadata docId="1428605" pageId="55417278" pageNr="100" tsid="132808652" status="IN_PROGRESS" userId="64420" imgUrl="https://files.transkribus.eu/Get?id=CGLMMAAFHEYEPFGIRCCOJGJB&amp;fileType=view" xmlUrl="https://files.transkribus.eu/Get?id=KAETWJBMMODNKSYMEUOQKSMJ" imageId="44691382"/>
    </Metadata>
    <Page imageFilename="1428605_0100.jpg" imageWidth="4264" imageHeight="5304">
        <ReadingOrder>
            <OrderedGroup id="ro_1711788513732" caption="Regions reading order">
                <RegionRefIndexed index="0" regionRef="tr_1"/>
                <RegionRefIndexed index="1" regionRef="tr_2"/>
            </OrderedGroup>
        </ReadingOrder>
        <TextRegion id="tr_1" custom="readingOrder {index:0;}">
            <Coords points="758,421 3816,421 3816,2685 758,2685"/>
            <TextLine id="tr_1_tl_1" custom="readingOrder {index:0;}">
                <Coords points="3463,525 3498,518 3506,525 3541,510 3596,549 3623,525 3673,533 3666,327 3642,323 3631,339 3592,346 3533,327 3510,339 3455,335"/>
                <Baseline points="3482,477 3571,471 3661,483 3679,483"/>
                <TextEquiv>
                    <Unicode>98</Unicode>
                </TextEquiv>
            </TextLine>
            <TextLine id="tr_1_tl_2" custom="readingOrder {index:1;}">
                <Coords points="1191,759 3642,700 3685,580 3187,518 2226,634 1895,545 1195,642"/>
                <Baseline points="1212,728 1272,728 1361,722 1451,722 1541,716 1630,716 1720,710 1809,710 1899,704 1989,704 2078,698 2168,698 2257,692 2347,686 2436,686 2526,680 2616,680 2705,674 2795,668 2884,668 2974,663 3064,663 3153,657 3243,657 3332,651 3422,651 3512,645 3601,639 3691,645"/>
                <TextEquiv>
                    <Unicode>Casanova hatte längst zu Ende gelesen, aber noch immer</Unicode>
                </TextEquiv>
            </TextLine>
            <TextLine id="tr_1_tl_3" custom="readingOrder {index:2;}">
                <Coords points="735,949 3280,879 3642,837 3650,689 739,837"/>
                <Baseline points="758,919 788,925 878,919 967,919 1057,919 1146,913 1236,907 1326,907 1415,901 1505,901 1594,895 1684,889 1773,889 1863,884 1953,878 2042,878 2132,878 2221,878 2311,872 2401,866 2490,860 2580,860 2669,854 2759,848 2849,848 2938,842 3028,842 3117,836 3207,830 3297,830 3386,824 3476,824 3565,818 3655,812"/>
                <TextEquiv>
                    <Unicode>hielt er das Blatt vors Gesicht, um die Totenblässe seiner ver-</Unicode>
                </TextEquiv>
            </TextLine>
            <TextLine id="tr_1_tl_4" custom="readingOrder {index:3;}">
                <Coords points="743,1121 3596,1035 3739,1000 3747,825 2420,1000 747,1016"/>
                <Baseline points="764,1105 794,1105 884,1099 973,1093 1063,1093 1152,1093 1242,1093 1331,1087 1421,1081 1511,1075 1600,1069 1690,1069 1779,1063 1869,1063 1959,1057 2048,1051 2138,1051 2227,1045 2317,1045 2407,1039 2496,1039 2586,1033 2675,1027 2765,1021 2855,1021 2944,1021 3034,1015 3123,1009 3213,1009 3303,1003 3392,997 3482,997 3571,991 3661,991 3751,985"/>
                <TextEquiv>
                    <Unicode>zerrten züge nicht merken zu lassen. Das Geräusch des Mahles mit</Unicode>
                </TextEquiv>
            </TextLine>
            <TextLine id="tr_1_tl_5" custom="readingOrder {index:4;}">
                <Coords points="2572,1121 2603,1132 2623,1125 2642,1148 2704,1148 2751,1121 2794,1140 2829,1125 2872,1148 2880,1031 2747,1039 2681,1074 2627,1043 2595,1066 2576,1062"/>
                <Baseline points="2592,1116 2616,1116 2705,1105 2795,1099 2884,1093"/>
                <TextEquiv>
                    <Unicode>anders.</Unicode>
                </TextEquiv>
            </TextLine>
            <TextLine id="tr_1_tl_6" custom="readingOrder {index:5;}">
                <Coords points="743,1331 3634,1214 3720,1004 2658,1152 1304,1093 747,1195"/>
                <Baseline points="764,1272 854,1272 943,1272 1033,1266 1122,1266 1212,1266 1302,1260 1391,1254 1481,1248 1570,1248 1660,1242 1750,1236 1839,1236 1929,1230 2018,1230 2108,1224 2198,1224 2287,1218 2377,1212 2466,1212 2556,1212 2646,1212 2735,1200 2825,1200 2914,1194 3004,1188 3094,1188 3183,1182 3273,1182 3362,1176 3452,1170 3541,1170 3631,1164 3721,1170"/>
                <TextEquiv>
                    <Unicode>Tellergeklapper und Gläsergeklirr ging immer- witer, doch niemand</Unicode>
                </TextEquiv>
            </TextLine>
            <TextLine id="tr_1_tl_7" custom="readingOrder {index:6;}">
                <Coords points="770,1459 3592,1378 3751,1354 3759,1199 774,1362"/>
                <Baseline points="794,1451 800,1445 889,1445 979,1439 1069,1439 1158,1433 1248,1427 1337,1427 1427,1421 1517,1421 1606,1415 1696,1415 1785,1409 1875,1403 1965,1403 2054,1397 2144,1397 2233,1391 2323,1391 2413,1385 2502,1379 2592,1379 2681,1373 2771,1367 2861,1367 2950,1361 3040,1361 3129,1355 3219,1355 3309,1349 3398,1343 3488,1343 3577,1337 3667,1331 3757,1337"/>
                <TextEquiv>
                    <Unicode>sprach ein Wort. Endlich liess sich Amalia schüchtern vernehmen:</Unicode>
                </TextEquiv>
            </TextLine>
            <TextLine id="tr_1_tl_8" custom="readingOrder {index:7;}">
                <Coords points="767,1669 3218,1595 3806,1545 3810,1444 1712,1533 1545,1420 1272,1541 770,1545"/>
                <Baseline points="788,1636 860,1624 949,1618 1039,1612 1128,1612 1218,1606 1308,1606 1397,1600 1487,1594 1576,1594 1666,1588 1756,1588 1845,1582 1935,1582 2024,1576 2114,1570 2204,1570 2293,1564 2383,1564 2472,1558 2562,1558 2652,1552 2741,1552 2831,1547 2920,1547 3010,1541 3099,1535 3189,1535 3279,1529 3368,1523 3458,1523 3547,1517 3637,1511 3727,1511 3816,1517"/>
                <TextEquiv>
                    <Unicode>„Die Schüssel wird kalt, Chevalier, wollen sie sich nicht bedienen?</Unicode>
                </TextEquiv>
            </TextLine>
            <TextLine id="tr_1_tl_9" custom="readingOrder {index:8;}">
                <Coords points="864,1806 3039,1763 3658,1712 3662,1634 864,1771"/>
                <Baseline points="884,1803 889,1797 979,1791 1069,1785 1158,1785 1248,1779 1337,1779 1427,1773 1517,1773 1606,1768 1696,1768 1785,1762 1875,1756 1965,1756 2054,1750 2144,1750 2233,1744 2323,1744 2413,1738 2502,1738 2592,1732 2681,1726 2771,1726 2861,1726 2950,1720 3040,1714 3129,1708 3219,1708 3309,1702 3398,1702 3488,1696 3577,1690 3667,1684"/>
                <TextEquiv>
                    <Unicode>„Ich danke“, sagte Casanova und liess sein Antlitz wieder se-</Unicode>
                </TextEquiv>
            </TextLine>
            <TextLine id="tr_1_tl_10" custom="readingOrder {index:9;}">
                <Coords points="767,1996 3385,1926 3728,1887 3732,1767 770,1879"/>
                <Baseline points="788,1977 872,1977 961,1977 1051,1971 1140,1965 1230,1959 1320,1959 1409,1953 1499,1953 1588,1947 1678,1941 1768,1941 1857,1941 1947,1935 2036,1929 2126,1929 2215,1923 2305,1923 2395,1917 2484,1911 2574,1911 2663,1905 2753,1905 2843,1899 2932,1899 3022,1893 3111,1893 3201,1887 3291,1887 3380,1887 3470,1881 3559,1875 3649,1875 3739,1869"/>
                <TextEquiv>
                    <Unicode>hen, dem er nun dank seiner ausserordentlichen Verstellungskunst</Unicode>
                </TextEquiv>
            </TextLine>
            <TextLine id="tr_1_tl_11" custom="readingOrder {index:10;}">
                <Coords points="778,2226 3786,2086 3790,1992 782,2039"/>
                <Baseline points="800,2156 842,2150 931,2150 1021,2150 1110,2144 1200,2138 1290,2138 1379,2138 1469,2132 1558,2132 1648,2126 1738,2120 1827,2120 1917,2114 2006,2108 2096,2108 2186,2108 2275,2102 2365,2096 2454,2090 2544,2090 2634,2090 2723,2084 2813,2084 2902,2078 2992,2078 3082,2072 3171,2072 3261,2072 3350,2066 3440,2060 3530,2060 3619,2054 3709,2048 3798,2042"/>
                <TextEquiv>
                    <Unicode>einen ruhigen Ausdruck zu verleihen vermocht hatte. „Es sind vor</Unicode>
                </TextEquiv>
            </TextLine>
            <TextLine id="tr_1_tl_12" custom="readingOrder {index:11;}">
                <Coords points="802,2331 3518,2272 3693,2253 3697,2171 805,2214"/>
                <Baseline points="824,2323 836,2317 925,2317 1015,2317 1105,2317 1194,2311 1284,2311 1373,2305 1463,2305 1552,2299 1642,2299 1732,2293 1821,2293 1911,2287 2000,2281 2090,2281 2180,2275 2269,2275 2359,2269 2448,2269 2538,2263 2628,2263 2717,2257 2807,2251 2896,2251 2986,2251 3076,2245 3165,2239 3255,2239 3344,2233 3434,2233 3524,2227 3613,2227 3703,2227"/>
                <TextEquiv>
                    <Unicode>treffliche Nachrichten, die ich hier aus Venedig erhalten habe;</Unicode>
                </TextEquiv>
            </TextLine>
            <TextLine id="tr_1_tl_13" custom="readingOrder {index:12;}">
                <Coords points="786,2545 3716,2440 3720,2335 790,2424"/>
                <Baseline points="812,2502 860,2502 949,2496 1039,2496 1128,2490 1218,2490 1308,2490 1397,2484 1487,2478 1576,2478 1666,2472 1756,2472 1845,2472 1935,2466 2024,2466 2114,2460 2204,2454 2293,2454 2383,2448 2472,2442 2562,2442 2652,2436 2741,2436 2831,2431 2920,2431 3010,2425 3099,2425 3189,2419 3279,2419 3368,2413 3458,2407 3547,2407 3637,2407 3727,2407"/>
                <TextEquiv>
                    <Unicode>und ich muss unverzüglich meine Antwort absenden. Ich bitte da-</Unicode>
                </TextEquiv>
            </TextLine>
            <TextLine id="tr_1_tl_14" custom="readingOrder {index:13;}">
                <Coords points="794,2693 3296,2638 3716,2525 798,2607"/>
                <Baseline points="818,2675 860,2675 949,2669 1039,2669 1128,2663 1218,2663 1308,2663 1397,2657 1487,2657 1576,2652 1666,2657 1756,2652 1845,2646 1935,2640 2024,2640 2114,2634 2204,2634 2293,2628 2383,2622 2472,2622 2562,2616 2652,2610 2741,2610 2831,2604 2920,2598 3010,2598 3099,2598 3189,2592 3279,2592 3368,2586 3458,2580 3547,2586 3637,2580 3727,2580"/>
                <TextEquiv>
                    <Unicode>her um Entschuldigung, wenn ich mich sofort zurückziehe."-.Tun</Unicode>
                </TextEquiv>
            </TextLine>
        </TextRegion>
        <TextRegion id="tr_2" custom="readingOrder {index:1;}">
            <Coords points="812,2697 3972,2697 3972,4633 812,4633"/>
            <TextLine id="tr_2_tl_1" custom="readingOrder {index:0;}">
                <Coords points="794,2891 3708,2794 3743,2677 798,2782"/>
                <Baseline points="818,2855 884,2855 973,2849 1063,2849 1152,2849 1242,2843 1331,2837 1421,2837 1511,2831 1600,2831 1690,2831 1779,2825 1869,2819 1959,2819 2048,2813 2138,2813 2227,2807 2317,2801 2407,2801 2496,2795 2586,2795 2675,2789 2765,2789 2855,2783 2944,2783 3034,2777 3123,2771 3213,2771 3303,2771 3392,2765 3482,2765 3571,2759 3661,2753 3751,2747"/>
                <TextEquiv>
                    <Unicode>Sie ganz nach Ihrem Belieben, Chevalier", sagte Olivo. „Aber ver-</Unicode>
                </TextEquiv>
            </TextLine>
            <TextLine id="tr_2_tl_2" custom="readingOrder {index:1;}">
                <Coords points="786,3082 3140,2992 3459,2957 3463,2860 790,2969"/>
                <Baseline points="812,3040 872,3040 961,3028 1051,3022 1140,3016 1230,3016 1320,3010 1409,3010 1499,3004 1588,3004 1678,2998 1768,2998 1857,2992 1947,2992 2036,2986 2126,2980 2215,2980 2305,2974 2395,2974 2484,2968 2574,2968 2663,2968 2753,2962 2843,2956 2932,2950 3022,2950 3111,2944 3201,2944 3291,2938 3380,2938 3470,2932"/>
                <TextEquiv>
                    <Unicode>gessen Sie nicht, dass in einer Stunde das Spiel beginnt."</Unicode>
                </TextEquiv>
            </TextLine>
            <TextLine id="tr_2_tl_3" custom="readingOrder {index:2;}">
                <Coords points="1265,3202 1646,3265 2129,3160 3658,3144 3666,2961 2969,2977 2666,3090 1953,2996 1269,3113"/>
                <Baseline points="1290,3183 1343,3183 1433,3183 1523,3177 1612,3177 1702,3171 1791,3171 1881,3171 1971,3165 2060,3159 2150,3159 2239,3153 2329,3147 2419,3147 2508,3141 2598,3135 2687,3135 2777,3135 2867,3129 2956,3123 3046,3123 3135,3117 3225,3117 3315,3111 3404,3111 3494,3105 3583,3111 3673,3111"/>
                <TextEquiv>
                    <Unicode>Casanova ging auf sein Zimmer, sank auf einen Stuhl,</Unicode>
                </TextEquiv>
            </TextLine>
            <TextLine id="tr_2_tl_4" custom="readingOrder {index:3;}">
                <Coords points="813,3397 3230,3346 3634,3300 3638,3136 2199,3167 1685,3296 1381,3195 817,3234"/>
                <Baseline points="836,3380 866,3374 955,3368 1045,3362 1134,3362 1224,3362 1314,3356 1403,3356 1493,3350 1582,3350 1672,3350 1762,3344 1851,3344 1941,3338 2030,3338 2120,3332 2210,3326 2299,3326 2389,3326 2478,3320 2568,3315 2657,3315 2747,3309 2837,3309 2926,3303 3016,3297 3105,3297 3195,3297 3285,3291 3374,3285 3464,3285 3553,3279 3643,3285"/>
                <TextEquiv>
                    <Unicode>kalter schweise brach an seinem ganzen Körper aus.Frost warf</Unicode>
                </TextEquiv>
            </TextLine>
            <TextLine id="tr_2_tl_5" custom="readingOrder {index:4;}">
                <Coords points="833,3568 3704,3487 3767,3323 837,3459"/>
                <Baseline points="854,3547 907,3547 997,3547 1087,3541 1176,3541 1266,3536 1355,3530 1445,3530 1535,3530 1624,3524 1714,3518 1803,3518 1893,3518 1983,3512 2072,3512 2162,3506 2251,3500 2341,3500 2431,3494 2520,3494 2610,3488 2699,3488 2789,3482 2878,3482 2968,3476 3058,3470 3147,3470 3237,3464 3326,3464 3416,3458 3506,3458 3595,3452 3685,3446 3774,3446"/>
                <TextEquiv>
                    <Unicode>ihn hin und her, und der Ekel stieg ihm bis zum Halse hinauf, so</Unicode>
                </TextEquiv>
            </TextLine>
            <TextLine id="tr_2_tl_6" custom="readingOrder {index:5;}">
                <Coords points="829,3763 3755,3658 3848,3631 3856,3428 1953,3537 1592,3662 833,3642"/>
                <Baseline points="854,3733 901,3733 991,3727 1081,3721 1170,3721 1260,3715 1349,3715 1439,3709 1529,3709 1618,3703 1708,3697 1797,3697 1887,3691 1977,3691 2066,3685 2156,3685 2245,3679 2335,3673 2425,3673 2514,3673 2604,3667 2693,3661 2783,3661 2873,3655 2962,3649 3052,3649 3141,3643 3231,3643 3320,3637 3410,3637 3500,3637 3589,3631 3679,3625 3768,3625 3858,3625"/>
                <TextEquiv>
                    <Unicode>dass er glaubte auf der stelle ersticken zu müssen. Einen klaren</Unicode>
                </TextEquiv>
            </TextLine>
            <TextLine id="tr_2_tl_7" custom="readingOrder {index:6;}">
                <Coords points="829,3942 3576,3845 3802,3810 3806,3728 837,3810"/>
                <Baseline points="854,3906 943,3900 1033,3906 1122,3900 1212,3894 1302,3888 1391,3888 1481,3882 1570,3876 1660,3876 1750,3876 1839,3870 1929,3864 2018,3864 2108,3858 2198,3852 2287,3852 2377,3852 2466,3852 2556,3846 2646,3840 2735,3840 2825,3834 2914,3834 3004,3828 3094,3822 3183,3816 3273,3816 3362,3816 3452,3810 3541,3804 3631,3804 3721,3798 3810,3792"/>
                <TextEquiv>
                    <Unicode>Gedanken zu fassen war er vorerst ausser stande, und seine ganze</Unicode>
                </TextEquiv>
            </TextLine>
            <TextLine id="tr_2_tl_8" custom="readingOrder {index:7;}">
                <Coords points="825,4109 3529,4020 3728,3915 829,4016"/>
                <Baseline points="848,4073 872,4073 961,4073 1051,4073 1140,4067 1230,4067 1320,4067 1409,4061 1499,4055 1588,4055 1678,4049 1768,4049 1857,4043 1947,4043 2036,4043 2126,4037 2215,4031 2305,4031 2395,4025 2484,4019 2574,4019 2663,4013 2753,4013 2843,4007 2932,4007 3022,4001 3111,3995 3201,3995 3291,3989 3380,3989 3470,3983 3559,3983 3649,3978 3739,3972"/>
                <TextEquiv>
                    <Unicode>Kraft verwandte er darauf, sich zurückzuhalten, ohne dass er zu</Unicode>
                </TextEquiv>
            </TextLine>
            <TextLine id="tr_2_tl_9" custom="readingOrder {index:8;}">
                <Coords points="841,4304 3183,4230 3712,4183 3712,4101 844,4187"/>
                <Baseline points="860,4264 943,4258 1033,4258 1122,4258 1212,4246 1302,4246 1391,4240 1481,4234 1570,4234 1660,4228 1750,4228 1839,4228 1929,4222 2018,4216 2108,4216 2198,4210 2287,4210 2377,4204 2466,4204 2556,4199 2646,4199 2735,4193 2825,4187 2914,4187 3004,4181 3094,4181 3183,4181 3273,4175 3362,4169 3452,4169 3541,4163 3631,4169 3721,4169"/>
                <TextEquiv>
                    <Unicode>sagen gewusst hätte, wovor. Denn hier im Hause war ja niemand.</Unicode>
                </TextEquiv>
            </TextLine>
            <TextLine id="tr_2_tl_10" custom="readingOrder {index:9;}">
                <Coords points="3502,4269 3525,4269 3541,4284 3564,4284 3584,4280 3599,4265 3627,4261 3666,4284 3669,4276 3693,4280 3693,4179 3634,4179 3599,4191 3576,4175 3557,4187 3541,4183 3522,4199 3502,4199"/>
                <Baseline points="3524,4246 3613,4246 3697,4252"/>
                <TextEquiv>
                    <Unicode>V:A:O:H:F:</Unicode>
                </TextEquiv>
            </TextLine>
            <TextLine id="tr_2_tl_11" custom="readingOrder {index:10;}">
                <Coords points="852,4444 3829,4366 3833,4218 856,4312"/>
                <Baseline points="872,4437 878,4443 967,4437 1057,4431 1146,4425 1236,4425 1326,4425 1415,4420 1505,4414 1594,4408 1684,4408 1773,4408 1863,4402 1953,4396 2042,4396 2132,4390 2221,4390 2311,4390 2401,4384 2490,4378 2580,4378 2669,4372 2759,4372 2849,4366 2938,4360 3028,4360 3117,4354 3207,4354 3297,4354 3386,4348 3476,4348 3565,4342 3655,4342 3745,4336 3834,4336"/>
                <TextEquiv>
                    <Unicode>an dem er seinen ungeheueren Zorn hätte austoben können, und den</Unicode>
                </TextEquiv>
            </TextLine>
            <TextLine id="tr_2_tl_12" custom="readingOrder {index:11;}">
                <Coords points="3634,4444 3654,4444 3666,4432 3689,4432 3701,4440 3708,4432 3736,4432 3755,4444 3767,4432 3790,4428 3786,4358 3767,4362 3751,4350 3724,4370 3704,4370 3685,4354 3662,4358 3646,4347 3627,4347"/>
                <Baseline points="3655,4420 3745,4425 3798,4431"/>
                <TextEquiv>
                    <Unicode>e en</Unicode>
                </TextEquiv>
            </TextLine>
            <TextLine id="tr_2_tl_13" custom="readingOrder {index:12;}">
                <Coords points="841,4670 3790,4650 3957,4615 3965,4428 844,4564"/>
                <Baseline points="860,4623 925,4617 1015,4617 1105,4617 1194,4611 1284,4611 1373,4605 1463,4599 1552,4599 1642,4593 1732,4593 1821,4587 1911,4581 2000,4581 2090,4575 2180,4575 2269,4569 2359,4569 2448,4569 2538,4563 2628,4557 2717,4551 2807,4551 2896,4545 2986,4545 3076,4539 3165,4539 3255,4533 3344,4533 3434,4527 3524,4527 3613,4527 3703,4521 3792,4521 3882,4515 3972,4515"/>
                <TextEquiv>
                    <Unicode>dumpfen Einfall, dass Marolina irgendwie an der namenlosen Schmach</Unicode>
                </TextEquiv>
            </TextLine>
        </TextRegion>
    </Page>
</PcGts>
