<?xml version="1.0" encoding="UTF-8" standalone="yes"?>
<PcGts xmlns="http://schema.primaresearch.org/PAGE/gts/pagecontent/2013-07-15" xmlns:xsi="http://www.w3.org/2001/XMLSchema-instance" xsi:schemaLocation="http://schema.primaresearch.org/PAGE/gts/pagecontent/2013-07-15 http://schema.primaresearch.org/PAGE/gts/pagecontent/2013-07-15/pagecontent.xsd">
    <Metadata>
        <Creator>prov=READ-COOP:name=TrHtr:version=2.1.0:model_id=51170:date=14_08_2023_14:32</Creator>
        <Created>2023-05-10T14:09:20.538+02:00</Created>
        <LastChange>2023-08-14T14:32:27.314+02:00</LastChange>
        <TranskribusMetadata docId="1428605" pageId="55417098" pageNr="77" tsid="132808627" status="IN_PROGRESS" userId="64420" imgUrl="https://files.transkribus.eu/Get?id=DUKUUOECMFHDEVTMSQQIVEAV&amp;fileType=view" xmlUrl="https://files.transkribus.eu/Get?id=WLQPPIJHFYHBHVCDEBDIRCPR" imageId="44691202"/>
    </Metadata>
    <Page imageFilename="1428605_0077.jpg" imageWidth="4152" imageHeight="5256">
        <ReadingOrder>
            <OrderedGroup id="ro_1711788485392" caption="Regions reading order">
                <RegionRefIndexed index="0" regionRef="tr_1"/>
                <RegionRefIndexed index="1" regionRef="tr_2"/>
            </OrderedGroup>
        </ReadingOrder>
        <TextRegion id="tr_1" custom="readingOrder {index:0;}">
            <Coords points="770,236 3750,236 3750,2554 770,2554"/>
            <TextLine id="tr_1_tl_1" custom="readingOrder {index:0;}">
                <Coords points="1360,328 1390,332 1446,376 1487,365 1505,380 1528,384 1535,220 1479,201 1412,227 1390,205 1368,205"/>
                <Baseline points="1385,292 1451,292 1540,286"/>
                <TextEquiv>
                    <Unicode>1:11:</Unicode>
                </TextEquiv>
            </TextLine>
            <TextLine id="tr_1_tl_2" custom="readingOrder {index:1;}">
                <Coords points="756,846 3391,805 3689,779 3693,648 760,667"/>
                <Baseline points="776,800 830,788 919,788 1009,782 1098,782 1188,782 1278,776 1367,776 1457,776 1546,776 1636,776 1726,770 1815,770 1905,770 1994,770 2084,764 2174,764 2263,758 2353,758 2442,758 2532,758 2622,758 2711,752 2801,752 2890,752 2980,752 3069,746 3159,746 3249,740 3338,740 3428,740 3517,734 3607,734 3697,728"/>
                <TextEquiv>
                    <Unicode>Warum nicht? Oder der junge Knecht, der gestern slotzend am To-</Unicode>
                </TextEquiv>
            </TextLine>
            <TextLine id="tr_1_tl_3" custom="readingOrder {index:2;}">
                <Coords points="749,995 3551,1014 3745,954 3749,805 749,876"/>
                <Baseline points="770,961 794,967 883,961 973,961 1063,961 1152,961 1242,955 1331,955 1421,955 1511,949 1600,949 1690,943 1779,943 1869,943 1959,943 2048,943 2138,937 2227,937 2317,931 2407,931 2496,931 2586,931 2675,925 2765,925 2854,925 2944,919 3034,919 3123,919 3213,913 3302,913 3392,913 3482,913 3571,913 3661,907 3750,913"/>
                <TextEquiv>
                    <Unicode>re stand, als wir angefahren kamen? Alle! Ioh weiss es. Aber Lo-</Unicode>
                </TextEquiv>
            </TextLine>
            <TextLine id="tr_1_tl_4" custom="readingOrder {index:3;}">
                <Coords points="756,1174 3316,1151 3682,1088 3685,973 760,1073"/>
                <Baseline points="782,1140 824,1134 913,1134 1003,1134 1093,1134 1182,1128 1272,1128 1361,1128 1451,1122 1540,1122 1630,1122 1720,1122 1809,1122 1899,1116 1988,1116 2078,1110 2168,1110 2257,1104 2347,1104 2436,1104 2526,1104 2616,1098 2705,1098 2795,1098 2884,1093 2974,1093 3064,1093 3153,1087 3243,1087 3332,1087 3422,1081 3511,1081 3601,1075 3691,1075"/>
                <TextEquiv>
                    <Unicode>renzi weiss es nicht. Das hab ich vor ihm voraus.- Zwar war er</Unicode>
                </TextEquiv>
            </TextLine>
            <TextLine id="tr_1_tl_5" custom="readingOrder {index:4;}">
                <Coords points="775,1356 3644,1297 3644,1192 3190,1148 779,1218"/>
                <Baseline points="794,1314 872,1308 961,1308 1051,1308 1140,1308 1230,1302 1319,1296 1409,1296 1499,1296 1588,1296 1678,1290 1767,1296 1857,1290 1947,1290 2036,1284 2126,1284 2215,1284 2305,1278 2395,1278 2484,1278 2574,1272 2663,1272 2753,1272 2843,1266 2932,1266 3022,1260 3111,1260 3201,1260 3290,1254 3380,1254 3470,1254 3559,1254 3649,1254"/>
                <TextEquiv>
                    <Unicode>im Innersten überzeugt, dass Lorenzi nicht nur Marcolinens er-</Unicode>
                </TextEquiv>
            </TextLine>
            <TextLine id="tr_1_tl_6" custom="readingOrder {index:5;}">
                <Coords points="768,1558 3711,1446 3708,1364 3395,1315 771,1394"/>
                <Baseline points="788,1487 854,1481 943,1481 1033,1481 1122,1475 1212,1475 1302,1475 1391,1469 1481,1469 1570,1463 1660,1463 1750,1463 1839,1463 1929,1457 2018,1457 2108,1457 2197,1457 2287,1451 2377,1451 2466,1451 2556,1451 2645,1445 2735,1445 2825,1445 2914,1439 3004,1433 3093,1433 3183,1433 3273,1427 3362,1427 3452,1427 3541,1421 3631,1415 3721,1409"/>
                <TextEquiv>
                    <Unicode>ster Liebhaber, sondern er vermutete sogar, dass es heute die er-</Unicode>
                </TextEquiv>
            </TextLine>
            <TextLine id="tr_1_tl_7" custom="readingOrder {index:6;}">
                <Coords points="775,1710 3644,1666 3644,1517 3454,1468 3205,1554 779,1558"/>
                <Baseline points="794,1660 872,1660 961,1660 1051,1654 1140,1654 1230,1654 1319,1654 1409,1648 1499,1648 1588,1648 1678,1642 1767,1636 1857,1636 1947,1636 2036,1636 2126,1630 2215,1630 2305,1624 2395,1624 2484,1624 2574,1624 2663,1618 2753,1618 2843,1612 2932,1612 3022,1606 3111,1606 3201,1606 3290,1606 3380,1606 3470,1600 3559,1594 3649,1588"/>
                <TextEquiv>
                    <Unicode>ste Nacht war, die sie ihm geschenkt; doch das hielt ihn nicht</Unicode>
                </TextEquiv>
            </TextLine>
            <TextLine id="tr_1_tl_8" custom="readingOrder {index:7;}">
                <Coords points="768,1848 3529,1833 3674,1684 1528,1662 768,1755"/>
                <Baseline points="788,1839 812,1833 901,1839 991,1833 1081,1827 1170,1827 1260,1827 1349,1821 1439,1821 1529,1821 1618,1815 1708,1815 1797,1815 1887,1809 1976,1809 2066,1809 2156,1803 2245,1803 2335,1803 2424,1797 2514,1797 2604,1797 2693,1797 2783,1791 2872,1791 2962,1785 3052,1785 3141,1785 3231,1779 3320,1779 3410,1779 3500,1773 3589,1773 3679,1767"/>
                <TextEquiv>
                    <Unicode>ab, seine boshaft-lösternen Gedankenspiele weiterzutreiben, wäh-</Unicode>
                </TextEquiv>
            </TextLine>
            <TextLine id="tr_1_tl_9" custom="readingOrder {index:8;}">
                <Coords points="768,2023 3693,1964 3693,1885 3376,1848 2873,1934 771,1923"/>
                <Baseline points="788,2012 836,2006 925,2006 1015,2006 1104,2000 1194,2000 1284,2000 1373,2000 1463,1994 1552,1994 1642,1994 1732,1988 1821,1988 1911,1988 2000,1988 2090,1982 2180,1982 2269,1976 2359,1976 2448,1976 2538,1971 2628,1971 2717,1971 2807,1965 2896,1965 2986,1965 3075,1959 3165,1959 3255,1959 3344,1959 3434,1959 3523,1953 3613,1953 3703,1959"/>
                <TextEquiv>
                    <Unicode>rend er den Garten längs der Mauer umkreiste. 80 stand er denn</Unicode>
                </TextEquiv>
            </TextLine>
            <TextLine id="tr_1_tl_10" custom="readingOrder {index:9;}">
                <Coords points="786,2225 3626,2202 3678,2053 786,2120"/>
                <Baseline points="806,2191 818,2186 907,2186 997,2186 1087,2180 1176,2180 1266,2180 1355,2174 1445,2174 1534,2174 1624,2168 1714,2168 1803,2168 1893,2168 1982,2162 2072,2162 2162,2156 2251,2156 2341,2156 2430,2156 2520,2156 2610,2150 2699,2150 2789,2144 2878,2144 2968,2144 3058,2144 3147,2138 3237,2138 3326,2132 3416,2132 3505,2132 3595,2132 3685,2132"/>
                <TextEquiv>
                    <Unicode>wieder vor der Saaltüre, die er offen gelassen, und sah ein, dass</Unicode>
                </TextEquiv>
            </TextLine>
            <TextLine id="tr_1_tl_11" custom="readingOrder {index:10;}">
                <Coords points="779,2396 3626,2396 3685,2206 779,2303"/>
                <Baseline points="800,2359 824,2359 913,2359 1003,2359 1093,2353 1182,2353 1272,2353 1361,2353 1451,2353 1540,2347 1630,2347 1720,2341 1809,2341 1899,2341 1988,2335 2078,2335 2168,2335 2257,2329 2347,2329 2436,2329 2526,2329 2616,2329 2705,2323 2795,2323 2884,2317 2974,2317 3064,2317 3153,2311 3243,2311 3332,2311 3422,2311 3511,2305 3601,2305 3691,2305"/>
                <TextEquiv>
                    <Unicode>ihm vorläufig nichts anderes zu tun übrig blieb, als ungesehen</Unicode>
                </TextEquiv>
            </TextLine>
            <TextLine id="tr_1_tl_12" custom="readingOrder {index:11;}">
                <Coords points="783,2634 3622,2534 3626,2385 786,2433"/>
                <Baseline points="806,2544 854,2544 943,2538 1033,2538 1122,2538 1212,2532 1302,2532 1391,2532 1481,2532 1570,2526 1660,2526 1750,2526 1839,2520 1929,2520 2018,2520 2108,2520 2197,2514 2287,2520 2377,2514 2466,2514 2556,2508 2645,2508 2735,2502 2825,2502 2914,2502 3004,2502 3093,2502 3183,2496 3273,2496 3362,2490 3452,2490 3541,2484 3631,2490"/>
                <TextEquiv>
                    <Unicode>undungehört sich wieder ins Turmgemach zu begeben. Mit aller</Unicode>
                </TextEquiv>
            </TextLine>
        </TextRegion>
        <TextRegion id="tr_2" custom="readingOrder {index:1;}">
            <Coords points="806,2619 3786,2619 3786,4680 806,4680"/>
            <TextLine id="tr_2_tl_1" custom="readingOrder {index:0;}">
                <Coords points="797,2746 3764,2709 3764,2612 3559,2564 801,2657"/>
                <Baseline points="818,2729 907,2723 997,2723 1087,2717 1176,2717 1266,2717 1355,2717 1445,2711 1534,2711 1624,2705 1714,2705 1803,2705 1893,2699 1982,2699 2072,2699 2162,2699 2251,2693 2341,2693 2430,2693 2520,2687 2610,2687 2699,2687 2789,2681 2878,2681 2968,2681 3058,2681 3147,2681 3237,2675 3326,2675 3416,2675 3505,2669 3595,2669 3685,2669 3774,2669"/>
                <TextEquiv>
                    <Unicode>Vorsicht schlich er hinauf und liess sich oben auf den Lehn-</Unicode>
                </TextEquiv>
            </TextLine>
            <TextLine id="tr_2_tl_2" custom="readingOrder {index:1;}">
                <Coords points="790,2906 3611,2892 3778,2858 3782,2716 790,2839"/>
                <Baseline points="812,2896 830,2896 919,2896 1009,2890 1098,2890 1188,2890 1278,2890 1367,2890 1457,2884 1546,2884 1636,2884 1726,2878 1815,2878 1905,2878 1994,2872 2084,2872 2174,2872 2263,2866 2353,2866 2442,2866 2532,2866 2622,2860 2711,2860 2801,2854 2890,2860 2980,2854 3069,2854 3159,2854 3249,2848 3338,2848 3428,2848 3517,2848 3607,2848 3697,2848 3786,2848"/>
                <TextEquiv>
                    <Unicode>stuhl einken, auf dem er schon früher gesessen; vor dem Tisch, den</Unicode>
                </TextEquiv>
            </TextLine>
            <TextLine id="tr_2_tl_3" custom="readingOrder {index:2;}">
                <Coords points="790,3115 3596,3089 3778,3059 3782,2918 2739,2981 2433,2888 2303,2974 790,3015"/>
                <Baseline points="812,3081 830,3075 919,3075 1009,3069 1098,3069 1188,3069 1278,3064 1367,3064 1457,3064 1546,3064 1636,3058 1726,3058 1815,3058 1905,3052 1994,3052 2084,3052 2174,3046 2263,3046 2353,3046 2442,3046 2532,3046 2622,3040 2711,3040 2801,3034 2890,3034 2980,3034 3069,3028 3159,3028 3249,3028 3338,3022 3428,3022 3517,3022 3607,3022 3697,3022 3786,3016"/>
                <TextEquiv>
                    <Unicode>auf dem die losen Blütter des Manuscriptes seiner wiederkehr nur</Unicode>
                </TextEquiv>
            </TextLine>
            <TextLine id="tr_2_tl_4" custom="readingOrder {index:3;}">
                <Coords points="786,3313 3678,3257 3715,3108 786,3205"/>
                <Baseline points="806,3249 854,3249 943,3243 1033,3243 1122,3243 1212,3243 1302,3243 1391,3237 1481,3237 1570,3237 1660,3237 1750,3231 1839,3231 1929,3231 2018,3225 2108,3225 2197,3225 2287,3219 2377,3219 2466,3219 2556,3219 2645,3219 2735,3213 2825,3213 2914,3213 3004,3213 3093,3207 3183,3207 3273,3207 3362,3201 3452,3201 3541,3201 3631,3201 3721,3207"/>
                <TextEquiv>
                    <Unicode>zu warten schienen. Unwillkürlich fiel sein Auge auf den Satz,</Unicode>
                </TextEquiv>
            </TextLine>
            <TextLine id="tr_2_tl_5" custom="readingOrder {index:4;}">
                <Coords points="790,3439 3603,3458 3663,3305 794,3361"/>
                <Baseline points="812,3428 895,3422 985,3422 1075,3422 1164,3416 1254,3416 1343,3416 1433,3416 1523,3410 1612,3410 1702,3410 1791,3410 1881,3410 1971,3404 2060,3404 2150,3404 2239,3398 2329,3398 2418,3398 2508,3392 2598,3392 2687,3392 2777,3386 2866,3386 2956,3386 3046,3386 3135,3380 3225,3380 3314,3380 3404,3380 3494,3374 3583,3374 3673,3386"/>
                <TextEquiv>
                    <Unicode>den er vorhin in der Mitte abgebrochen hatte;und er las: Vol-</Unicode>
                </TextEquiv>
            </TextLine>
            <TextLine id="tr_2_tl_6" custom="readingOrder {index:5;}">
                <Coords points="805,3641 3208,3570 3752,3648 3752,3477 3346,3428 809,3506"/>
                <Baseline points="830,3607 895,3601 985,3595 1075,3589 1164,3589 1254,3589 1343,3589 1433,3589 1523,3589 1612,3583 1702,3583 1791,3583 1881,3577 1971,3577 2060,3577 2150,3577 2239,3577 2329,3571 2418,3571 2508,3565 2598,3565 2687,3565 2777,3565 2866,3559 2956,3559 3046,3559 3135,3553 3225,3553 3314,3553 3404,3553 3494,3547 3583,3547 3673,3541 3762,3541"/>
                <TextEquiv>
                    <Unicode>taire wird unsterblich sein, ohne Zweifel; aber er wird diese Un-</Unicode>
                </TextEquiv>
            </TextLine>
            <TextLine id="tr_2_tl_7" custom="readingOrder {index:6;}">
                <Coords points="801,3834 2191,3764 3573,3834 3577,3652 805,3674"/>
                <Baseline points="824,3780 895,3774 985,3774 1075,3768 1164,3768 1254,3768 1343,3768 1433,3768 1523,3762 1612,3762 1702,3762 1791,3762 1881,3756 1971,3756 2060,3756 2150,3750 2239,3744 2329,3744 2418,3744 2508,3738 2598,3738 2687,3738 2777,3738 2866,3732 2956,3732 3046,3732 3135,3726 3225,3726 3314,3721 3404,3721 3494,3726 3583,3726"/>
                <TextEquiv>
                    <Unicode>sterblichkeit erkauft haben mit seinem unsterblichen Teil;-</Unicode>
                </TextEquiv>
            </TextLine>
            <TextLine id="tr_2_tl_8" custom="readingOrder {index:7;}">
                <Coords points="794,4021 2020,4036 2653,3920 3592,3976 3667,3819 797,3849"/>
                <Baseline points="818,3953 895,3953 985,3947 1075,3947 1164,3947 1254,3942 1343,3942 1433,3942 1523,3936 1612,3936 1702,3936 1791,3936 1881,3936 1971,3930 2060,3930 2150,3924 2239,3924 2329,3924 2418,3924 2508,3918 2598,3918 2687,3912 2777,3912 2866,3906 2956,3906 3046,3906 3135,3906 3225,3900 3314,3900 3404,3900 3494,3900 3583,3894 3673,3894"/>
                <TextEquiv>
                    <Unicode>der Witz hat sein Herz aufgezehrt, wie der Zweifel seine Seele</Unicode>
                </TextEquiv>
            </TextLine>
            <TextLine id="tr_2_tl_9" custom="readingOrder {index:8;}">
                <Coords points="805,4155 3212,4155 3644,4091 3648,3965 809,4050"/>
                <Baseline points="830,4133 877,4127 967,4127 1057,4127 1146,4127 1236,4121 1325,4121 1415,4115 1505,4115 1594,4115 1684,4115 1773,4109 1863,4109 1953,4109 2042,4103 2132,4103 2221,4103 2311,4097 2401,4097 2490,4097 2580,4091 2669,4091 2759,4091 2848,4091 2938,4091 3028,4091 3117,4085 3207,4085 3296,4079 3386,4079 3476,4079 3565,4073 3655,4061"/>
                <TextEquiv>
                    <Unicode>und also In diesem Augenblick brach die Morgensohne rötlich</Unicode>
                </TextEquiv>
            </TextLine>
            <TextLine id="tr_2_tl_10" custom="readingOrder {index:9;}">
                <Coords points="786,4330 3186,4341 3667,4296 3704,4158 790,4199"/>
                <Baseline points="806,4312 848,4306 937,4306 1027,4306 1116,4300 1206,4300 1296,4294 1385,4294 1475,4294 1564,4294 1654,4288 1744,4288 1833,4288 1923,4282 2012,4282 2102,4282 2191,4282 2281,4276 2371,4276 2460,4276 2550,4270 2639,4270 2729,4270 2819,4264 2908,4264 2998,4264 3087,4258 3177,4258 3267,4258 3356,4258 3446,4258 3535,4252 3625,4246 3715,4240"/>
                <TextEquiv>
                    <Unicode>flutend herein, so dass das platt, das er in Händen hielt, zu er-</Unicode>
                </TextEquiv>
            </TextLine>
            <TextLine id="tr_2_tl_11" custom="readingOrder {index:10;}">
                <Coords points="790,4606 2623,4457 3730,4509 3737,4319 794,4412"/>
                <Baseline points="812,4497 877,4491 967,4485 1057,4479 1146,4479 1236,4479 1325,4473 1415,4479 1505,4473 1594,4473 1684,4467 1773,4461 1863,4461 1953,4461 2042,4461 2132,4461 2221,4455 2311,4455 2401,4449 2490,4449 2580,4449 2669,4449 2759,4449 2848,4443 2938,4443 3028,4443 3117,4443 3207,4437 3296,4437 3386,4431 3476,4431 3565,4431 3655,4431 3744,4431"/>
                <TextEquiv>
                    <Unicode>glühen auf ing, und wie besiegt liess er es auf den Tisch zu den</Unicode>
                </TextEquiv>
            </TextLine>
            <TextLine id="tr_2_tl_12" custom="readingOrder {index:11;}">
                <Coords points="805,4729 1427,4777 1643,4680 2247,4773 3093,4624 3711,4740 3719,4505 809,4583"/>
                <Baseline points="824,4670 860,4664 949,4658 1039,4658 1128,4658 1218,4652 1308,4652 1397,4652 1487,4652 1576,4652 1666,4646 1755,4640 1845,4640 1935,4640 2024,4640 2114,4640 2203,4640 2293,4634 2383,4634 2472,4628 2562,4628 2651,4628 2741,4622 2831,4622 2920,4622 3010,4616 3099,4616 3189,4616 3279,4616 3368,4616 3458,4610 3547,4610 3637,4610 3726,4604"/>
                <TextEquiv>
                    <Unicode>andern•sinken. Er fühlte plötzlich die Trockenheit seiner Lip-</Unicode>
                </TextEquiv>
            </TextLine>
        </TextRegion>
    </Page>
</PcGts>
