3928 5211
1986 662 3656 1061 Antaine Extre Seite, in and
2129 922 3174 1166 Müde zu sehen.
2084 1298 2287 1474 G.F.P.
1102 1380 3558 1768 Der Inhalt der Hovelle von „Casanovas Heimfahrt“ ist
771 1395 944 1674 P.
643 1681 3675 1896 frei erfunden; über manche Erlebnisse des berühmten Abenteuerers,
670 1828 3592 2076 deren im Verlaufe der Erzählung beiläufige Erwähnung geschieht,
677 1993 3641 2306 wird man in seinen Erinnerungen ausführlichere und getreue Nach-
670 2219 3536 2494 richt finden. Ein Besuch Casanovas bei Voltaire in Ferney hat
677 2362 3663 2595 tatsächlich stattgefunden, doch alle in der Novelle daran geknüpf¬
670 2573 3611 2798 ten Folgerungen wie insbesondere die, dass Casanova sich mit ei-
688 2697 3607 2949 ner gegen Voltaire gerichteten streitschrift beschäftigt hätte,
685 2896 3686 3144 haben mit der geschichtlichen Wahrheit nichts zu tun. Historisch
696 3103 3434 3287 ist ferner, dass Casanova sich im Alter zwischen fünfzig und
696 3208 3524 3528 sechzig genötigt sah, seiner Vaterstadt Venedig Spionendienste
756 3378 3498 3682 zu leisten; und so ist auch die mit Anführungszeichen verseh-
745 3566 3381 3874 Briefstelle am Schluss der Novelle einem Bericht Casanovan-
839 3750 3329 4002 men, der sich mit anderen ähnlicher Art in den Staatsan-
745 3957 3178 4198 Venedige vorgefunden hat, worüber in 13. Band der Heinr
1245 4152 1892 4408 be der Memoire
