4216 5336
3424 333 3614 551 24
777 539 3701 745 Casanova sofort als derselbe erkannt wurde, mit dem er vor sie-
781 697 3705 919 benundzwanzig Jahren auf einem Marktschiff zusammenge troffen
796 899 3788 1145 var, das von Venedig nach Chioggia fuhr. „Sie hatten damals ein
800 1054 3808 1280 Auge verbunden“, sagte Casanova, der selten eine Gelegenheit vorü-
804 1256 3701 1462 bergehen liess mit seinem vorzüglichen Gedächtnis zu prunken.
804 1395 3832 1656 „und ein Bauernweib mit gelbem Kopftuch empfahl Ihnen eine heil-
796 1561 3772 1807 kräftige Salbe, die ein junger sehr heiserer Apotheker zufällig
808 1803 3808 2005 mit sich führte." Der Abbate nickte und lächelte geschneichelt.
678 1961 3859 2148 au Dankhaber, mit einem pfiffigen Gesicht, trat er ganz nahe an Casanc-
2378 2084 3828 2223 Doit mit jang lariter Stimme sagte er :
824 2175 3760 2330 va heran, als hätte er ihm ein Geheimnis mitzuteilen..Und Sie,
816 2350 3836 2536 Herr Casanova", sagte er, befanden sich in Begleitung einer Hoch-
808 2492 3808 2710 zeitsgesellschaft... ich weiss nicht,ob als zufälliger Gast oder
832 2651 3796 2881 gar als Brautführer, jedenfalls sah die Braut Sie mit viel zärt-
844 2841 3812 3055 licheren Augen an als den Bräutigam... Ein Wind erhob sich, bei-
832 3027 3772 3229 nahe ein Sturm, und Sie begannen ein höchst verwegenes Gedicht
848 3170 3824 3447 vorzulesen".-.Das tat der Chevalier gewiss nur", sagte Marcoli-
832 3336 3784 3630 na, um den Sturm zu beschwichtigen.“- „Solche Zaubermacht“, er-
864 3523 3741 3776 widerte Casanova, „traute ich mir niemals zu; allerdings will
868 3717 3764 3959 ich nicht leugnen, dass sich niemand mehr um den Sturm künner-
864 3907 2794 4141 te, als ich zu lesen begonnen."
1189 4042 3752 4307 Die drei Mädchen hatten sich an den Abbate herange-
907 4256 3824 4482 macht. Sie wussten wohl warum. Denn seinen ungeheuren Taschen
880 4398 3848 4668 entnahm er köstliches Zuckerwerk in grossen Mangen und schob ein.
876 4600 3717 4902 mit seinen### dicken Fingern den Kindern zwischen die Lippen.
