4376 5368
3568 262 3876 475 V. P.
3507 505 3918 669 n dürfte.
1372 524 1539 730 G.H.F.P.
885 559 1189 749 votreur
840 635 3815 923 Fähigkeit bewahrt hatten selbst das Dunkel der Nacht zu durch-
851 817 3857 1136 dringen, hatte sie früher bemerkt als der Gatte. Er lächelte und
866 988 3849 1258 fühlte sogleich, dass dieses Lächeln sein Antlitz jünger machte.
866 1224 3781 1490 Amalia var keineswegs fott geworden, wie er gefürchtet, sondern
882 1395 3762 1615 sah schlank und jugendlich aus. Sie hatte ihn gleich erkannt.
893 1554 3857 1794 „Welche Ueberraschung, welches Glück!“ rief sie ohne jede Verle-
893 1721 3808 1984 genheit aus, eilte rasch die Stufen hinab und reichte Casanova
893 1889 3929 2158 zur Begrüssung die Vange, worauf dieser sie ohneweiteres wie eine
893 2067 3929 2314 liebe Freundin umarmte..Und ich soll wirklich glauben", sagte er
912 2250 3796 2516 dann, dass Maria, flanetta und Teresina Ihre leiblichen röchter
923 2409 3842 2683 sind, Amal ia? Der Zeit nach möchte es zwar stimmen? „Und allem
916 2614 3796 2831 übrigen nach auch“, ergünzte Olivo,.verlassen Sie sich darauf,
935 2763 3925 3044 Chevalier!" Dein Zusammentreffen mit dem Chevalier“, sagte Ama-
920 2960 3918 3238 lia mit einem erinnerungstrunkenen Blick auf den Gast, ist wohl
927 3131 3808 3371 an deiner Verspätung Schuld.Olivo?“ -.80 ist es, Amalia, aber
923 3310 3941 3568 hoffentlich gibt es trotz der Verspätung noch etwas zu essen".
946 3507 3918 3758 „Wir haben uns natürlich nicht allein zu Tisch gesetzt, Marcoli-
954 3667 3910 3967 na und ich, so hungrig wir schon waren".- „Und werden sie sich
950 3811 3929 4112 nun", fragte Casanova, „auch noch so lange gedulden, bis ich meine
950 4024 3800 4309 Kleider und mich selbst ein wenig vom glaub der Landstrasse
961 4207 3880 4495 gereinigt habe? -.Gleich will ich Ihnen Ihr Zimmer zeigen,
973 4378 3971 4651 sagte Olivo, und hoffe, Chevalier, Sie werden zufrieden sein, bei-
961 4556 4017 4887 nahe so zufrieden.“ er zwinkerte und fügte leise hinzu,wie in
