4200 5288
3426 335 3637 592 121
716 663 3735 931 ungestört im Kreise seiner liebens würdigen Freunde verbringen zu
709 920 1082 1123 können.
1191 1044 3754 1225 Und aller Einrede nicht achtend, begab er sich ins Haus,
2212 1153 2514 1278 empor
727 1236 3731 1432 stieg die Treppe zum Turngemach hinauf und vertauschte vor allem
735 1383 3678 1590 seine prächtige Gewandung wieder mit der einfachern, die für die
1466 1519 1896 1662 den mochte.
720 1553 3720 1820 Reise gut genug war. Dann packte er seinen Reisesack- und horch-
731 1726 3637 1956 te mit einer von Minute zu Minute gespannteren Aufmerksamkeit,
727 1952 3633 2163 ob sich nicht endlich die Schritte Lorenzis vernehmen liessen.
742 2084 3682 2329 Noch eh die Frist verstrichen war, klopfte es mit xxx einem kur-
735 2197 3701 2521 zen Schlag an die Türe und Lorenzi trat im dunkelblauen weiten
742 2480 3686 2649 Reitermantel ihn. Ohne ein Wort zu reden, mit einer leichten Be-
746 2631 3727 2868 wegung liess er ihnvon den Schultern gleiten, so dass er zwischen
750 2793 3618 3000 den beiden Männern als ein formloses Stück Tuch auf dem Boden
754 2951 3780 3158 lag. Casanova holte seine Goldstücke unter dem Polster des Bettes
742 3139 3618 3290 hervor und streute sie auf den Tisch.Er zählte sorgfältig vor
742 3313 3656 3505 Lorenzis Augen, was ziemlich rasch geschehen war, da viele gold-
754 3482 3712 3727 stücke von höherm als eines Dukaten Wert darunter waren, übergab
754 3667 3697 3825 Lorenzi die verabredete Summe, nachdem er sie zuvor in zwei Beu-
3354 3746 3516 3848 ¬as
765 3833 3686 4048 tel verteilt hatte, worauf ihm selbst noch etwa hundert Dukaten
765 4014 3742 4213 übrig blieben. Lorenzi tat die Geldbeutel in seine beiden Rook-
769 4198 3727 4455 schösse, und wollte sich wortlos entfernen. „Halt, Lorenzi", sagte
769 4364 3716 4598 Casanova. Es wäre immerhin möglich, das a man einander noch ein-
773 4553 3648 4794 mal im Leben begegnet. Dann sei es nicht mit Groll. Es war ein
