4184 5272
660 531 3675 838 novas Dank für den auch ihm gewähnten Einlass entgegen; Marcoli-
660 743 3633 1013 na aber, die ihr die Hand küssen wollte, schlose sie in die Arme.
667 963 3512 1134 Dann lud sie alle durch eine Handbewegung ein, ihr zu folgen,
671 1092 3591 1308 und führte sie durch einen kleinen Nebenraum in einen Gang, der
679 1286 3694 1490 im Viereck rings um einen blühenden Garten lief. Im Gegensatz zu
683 1479 3557 1707 jenem äusseren verwilderten sohien er mit besonderer Sorgfalt
683 1654 3584 1873 gepflegt und die vielen reichen sonnbeglänzten Beste spielten
683 1839 3648 1995 in wundersamen aufgeglühten und verklingenden Farben. Den heis-
694 2025 3675 2200 sen fast betäubenden Düften aber, die den Blütenkeichen entström-
690 2169 3565 2363 ten, schien ein ganz besonders geheimnisvoller beigemischt, für
690 2336 3542 2530 den Casanova in seiner Erinnerung keinen Vergleich zu finden
690 2514 3512 2685 wusste. Doch wie er eben zu Marcolina hievon ein Wort sagen
690 2696 3591 2894 wollte, merkte er, dass dieser geheimnisvolle, herz- und sinnerre-
679 2863 3607 3076 gende Duft von ihr selber ausging, die den shawl, den sie bisher
702 3026 3584 3239 über den Schultern getragen, über den Arm gelegt hatte, so dass
705 3243 3698 3428 aus dem Ausschnitt ihrer nun loser gewordenen Gewandung aufstei-
694 3406 3633 3610 gend der Duft ihres  Leibes sich dem der hunderttausend
690 3584 3485 3796 Blumen wie ein von Natur verwandter und doch eigentümlicher
702 3736 3648 3929 beigesellte. Die Aebtissin, immer stuun, führte die Besucher zwi-
705 3940 3508 4126 schon den Booten auf schmalen vielfach gewundenen Wegen, wie
698 4107 3698 4320 durch ein zierliches Labyrinth hin und her; in der Leichtigkeit
713 4289 3766 4475 und Raschheit ihres Gangs war die Freude zu merken, die sie selbst
702 4502 3679 4752 daran empfand, den Andern die bunte Pracht ihres Gartens zu wei-
