<?xml version="1.0" encoding="UTF-8" standalone="yes"?>
<PcGts xmlns="http://schema.primaresearch.org/PAGE/gts/pagecontent/2013-07-15" xmlns:xsi="http://www.w3.org/2001/XMLSchema-instance" xsi:schemaLocation="http://schema.primaresearch.org/PAGE/gts/pagecontent/2013-07-15 http://schema.primaresearch.org/PAGE/gts/pagecontent/2013-07-15/pagecontent.xsd">
    <Metadata>
        <Creator>prov=READ-COOP:name=TrHtr:version=2.1.0:model_id=51170:date=14_08_2023_14:32</Creator>
        <Created>2023-05-10T14:09:14.308+02:00</Created>
        <LastChange>2023-08-14T14:32:15.279+02:00</LastChange>
        <TranskribusMetadata docId="1428605" pageId="55416831" pageNr="40" tsid="132808588" status="IN_PROGRESS" userId="64420" imgUrl="https://files.transkribus.eu/Get?id=REXXAKHUZTQHRHHSDDSQGBJO&amp;fileType=view" xmlUrl="https://files.transkribus.eu/Get?id=GWECKIRDLQCRBADTNZEEVFGW" imageId="44690935"/>
    </Metadata>
    <Page imageFilename="1428605_0040.jpg" imageWidth="4312" imageHeight="5320">
        <ReadingOrder>
            <OrderedGroup id="ro_1711788435336" caption="Regions reading order">
                <RegionRefIndexed index="0" regionRef="tr_2"/>
                <RegionRefIndexed index="1" regionRef="tr_1"/>
            </OrderedGroup>
        </ReadingOrder>
        <TextRegion id="tr_2" custom="readingOrder {index:0;}">
            <Coords points="394,451 3946,451 3946,2266 394,2266"/>
            <TextLine id="tr_2_tl_1" custom="readingOrder {index:0;}">
                <Coords points="3598,526 3659,523 3712,568 3762,572 3773,324 3743,328 3708,313 3670,343 3643,343 3624,359 3605,359"/>
                <Baseline points="3618,507 3683,507 3773,501"/>
                <TextEquiv>
                    <Unicode>58</Unicode>
                </TextEquiv>
            </TextLine>
            <TextLine id="tr_2_tl_2" custom="readingOrder {index:1;}">
                <Coords points="874,862 1312,847 1503,950 3369,916 3849,885 3853,675 1625,771 1419,629 1179,706 877,607"/>
                <Baseline points="895,847 901,841 991,841 1080,835 1170,835 1259,835 1349,829 1438,829 1528,829 1618,829 1707,829 1797,823 1886,823 1976,818 2065,818 2155,812 2245,812 2334,806 2424,806 2513,806 2603,800 2692,800 2782,800 2871,800 2961,794 3051,794 3140,788 3230,788 3319,788 3409,782 3498,776 3588,776 3678,776 3767,770 3857,764"/>
                <TextEquiv>
                    <Unicode>der sich meist nichts ander es verberge, als eine mangelhafte Fä-</Unicode>
                </TextEquiv>
            </TextLine>
            <TextLine id="tr_2_tl_3" custom="readingOrder {index:2;}">
                <Coords points="366,961 408,965 420,958 469,969 488,954 519,958 542,702 507,694 492,706 465,694 446,710 385,710"/>
                <Baseline points="394,895 447,889 537,883"/>
                <TextEquiv>
                    <Unicode>0</Unicode>
                </TextEquiv>
            </TextLine>
            <TextLine id="tr_2_tl_4" custom="readingOrder {index:3;}">
                <Coords points="855,1133 3094,1099 3384,1000 3884,1091 3891,877 858,954"/>
                <Baseline points="877,1021 943,1015 1032,1015 1122,1015 1212,1009 1301,1009 1391,1015 1480,1009 1570,1009 1659,1009 1749,1003 1839,1003 1928,997 2018,997 2107,991 2197,991 2286,991 2376,991 2465,985 2555,979 2645,979 2734,973 2824,973 2913,973 3003,967 3092,961 3182,961 3272,961 3361,961 3451,961 3540,955 3630,955 3719,955 3809,949 3898,937"/>
                <TextEquiv>
                    <Unicode>higkeit folgerichtig zu denken, ja oftmals - wofür es an Beispie-</Unicode>
                </TextEquiv>
            </TextLine>
            <TextLine id="tr_2_tl_5" custom="readingOrder {index:4;}">
                <Coords points="870,1297 1785,1297 2152,1228 2423,1278 2587,1221 2823,1267 2827,1080 874,1122"/>
                <Baseline points="889,1194 955,1200 1044,1200 1134,1200 1224,1194 1313,1194 1403,1194 1492,1188 1582,1188 1671,1182 1761,1182 1850,1182 1940,1182 2030,1176 2119,1176 2209,1170 2298,1170 2388,1170 2477,1164 2567,1158 2657,1158 2746,1158 2836,1152"/>
                <TextEquiv>
                    <Unicode>len nicht fehle - Feigheit und Heuchelei.</Unicode>
                </TextEquiv>
            </TextLine>
            <TextLine id="tr_2_tl_6" custom="readingOrder {index:5;}">
                <Coords points="1354,1469 3720,1419 3754,1225 1358,1274"/>
                <Baseline points="1379,1367 1432,1367 1522,1367 1612,1361 1701,1361 1791,1361 1880,1355 1970,1349 2059,1349 2149,1343 2239,1343 2328,1343 2418,1337 2507,1337 2597,1337 2686,1331 2776,1331 2865,1331 2955,1331 3045,1325 3134,1325 3224,1319 3313,1319 3403,1319 3492,1319 3582,1319 3672,1313 3761,1307"/>
                <TextEquiv>
                    <Unicode>Casanova hörte ihr mit wachsendem Staunen zu. Da er</Unicode>
                </TextEquiv>
            </TextLine>
            <TextLine id="tr_2_tl_7" custom="readingOrder {index:6;}">
                <Coords points="889,1667 3052,1587 3731,1522 3762,1431 893,1480"/>
                <Baseline points="913,1552 991,1552 1080,1546 1170,1546 1259,1546 1349,1546 1438,1546 1528,1540 1618,1540 1707,1540 1797,1534 1886,1534 1976,1534 2065,1528 2155,1528 2245,1528 2334,1522 2424,1522 2513,1516 2603,1516 2692,1516 2782,1510 2871,1510 2961,1510 3051,1510 3140,1504 3230,1498 3319,1498 3409,1498 3498,1498 3588,1492 3678,1492 3767,1498"/>
                <TextEquiv>
                    <Unicode>sich ausser Stande fühlte, Maroolina zu bekehren,-umsoweniger,</Unicode>
                </TextEquiv>
            </TextLine>
            <TextLine id="tr_2_tl_8" custom="readingOrder {index:7;}">
                <Coords points="3182,1629 3258,1602 3380,1618 3411,1598 3441,1618 3548,1595 3746,1610 3746,1522 3693,1511 3651,1537 3453,1518 3407,1545 3315,1518 3186,1557"/>
                <Baseline points="3206,1588 3295,1588 3385,1588 3475,1588 3564,1582 3654,1582 3743,1588 3755,1588"/>
                <TextEquiv>
                    <Unicode>schwankende</Unicode>
                </TextEquiv>
            </TextLine>
            <TextLine id="tr_2_tl_9" custom="readingOrder {index:8;}">
                <Coords points="889,1839 3559,1766 3857,1698 3861,1591 893,1675"/>
                <Baseline points="913,1731 1003,1725 1092,1719 1182,1725 1271,1719 1361,1719 1450,1713 1540,1713 1630,1713 1719,1707 1809,1707 1898,1707 1988,1707 2077,1701 2167,1701 2256,1701 2346,1695 2436,1695 2525,1689 2615,1689 2704,1689 2794,1689 2883,1683 2973,1677 3063,1677 3152,1677 3242,1677 3331,1671 3421,1671 3510,1671 3600,1665 3689,1665 3779,1665 3869,1671"/>
                <TextEquiv>
                    <Unicode>als er immer mehr erkannte, wie sehr eine gewisse Seelenstimmung</Unicode>
                </TextEquiv>
            </TextLine>
            <TextLine id="tr_2_tl_10" custom="readingOrder {index:9;}">
                <Coords points="889,1988 1503,1995 1816,1881 2247,1988 3857,1892 3887,1770 893,1843"/>
                <Baseline points="913,1904 943,1898 1032,1904 1122,1904 1212,1898 1301,1898 1391,1892 1480,1892 1570,1886 1659,1880 1749,1880 1839,1880 1928,1880 2018,1880 2107,1874 2197,1874 2286,1874 2376,1868 2465,1868 2555,1862 2645,1862 2734,1862 2824,1856 2913,1856 3003,1856 3092,1850 3182,1850 3272,1850 3361,1844 3451,1844 3540,1844 3630,1850 3719,1844 3809,1844 3898,1833"/>
                <TextEquiv>
                    <Unicode>seiner letzten Jahre, die er als Gläubigkeit aufzufassen sich ge-</Unicode>
                </TextEquiv>
            </TextLine>
            <TextLine id="tr_2_tl_11" custom="readingOrder {index:10;}">
                <Coords points="2415,1999 3598,1976 3636,1888 3495,1862 3258,1915 3147,1877 2865,1930 2789,1900 2415,1930"/>
                <Baseline points="2436,1970 2477,1970 2567,1976 2657,1970 2746,1964 2836,1964 2925,1964 3015,1958 3104,1952 3194,1952 3283,1946 3373,1946 3463,1940 3552,1946 3642,1946"/>
                <TextEquiv>
                    <Unicode>sich vollig aufzulören deshalb.</Unicode>
                </TextEquiv>
            </TextLine>
            <TextLine id="tr_2_tl_12" custom="readingOrder {index:11;}">
                <Coords points="1587,1999 1728,1995 1770,2022 1808,1995 2052,1999 2083,1995 2087,1938 2033,1927 1995,1946 1915,1946 1835,1888 1793,1919 1766,1896 1591,1892"/>
                <Baseline points="1612,1976 1647,1976 1737,1982 1827,1982 1916,1976 2006,1976 2095,1970"/>
                <TextEquiv>
                    <Unicode>Manoliners</Unicode>
                </TextEquiv>
            </TextLine>
            <TextLine id="tr_2_tl_13" custom="readingOrder {index:12;}">
                <Coords points="2960,2087 3048,2110 3159,2083 3227,2140 3292,2136 3365,2068 3456,2064 3556,2121 3784,2121 3880,2087 3884,1938 3735,1965 3666,1930 3598,1976 3491,1984 3384,1953 3227,1984 3113,1965 2964,1999"/>
                <Baseline points="2985,2036 2997,2036 3086,2030 3176,2030 3266,2036 3355,2030 3445,2030 3534,2036 3624,2030 3713,2024 3803,2024 3892,2012"/>
                <TextEquiv>
                    <Unicode>###, so rette.</Unicode>
                </TextEquiv>
            </TextLine>
            <TextLine id="tr_2_tl_14" custom="readingOrder {index:13;}">
                <Coords points="897,2190 1450,2175 1568,2121 2613,2121 2617,1991 1534,1972 900,2045"/>
                <Baseline points="919,2077 925,2083 1015,2083 1104,2083 1194,2077 1283,2077 1373,2077 1462,2077 1552,2071 1641,2071 1731,2071 1821,2071 1910,2065 2000,2059 2089,2059 2179,2059 2268,2047 2358,2047 2448,2047 2537,2042 2627,2036"/>
                <TextEquiv>
                    <Unicode>wöhnt hatte, durch ihre Einwürfe/inau</Unicode>
                </TextEquiv>
            </TextLine>
            <TextLine id="tr_2_tl_15" custom="readingOrder {index:14;}">
                <Coords points="897,2278 1705,2358 3735,2285 3937,2251 3941,2075 900,2190"/>
                <Baseline points="919,2256 991,2256 1080,2256 1170,2250 1259,2250 1349,2250 1438,2250 1528,2250 1618,2250 1707,2250 1797,2245 1886,2239 1976,2239 2065,2233 2155,2233 2245,2227 2334,2233 2424,2227 2513,2221 2603,2221 2692,2215 2782,2215 2871,2215 2961,2215 3051,2209 3140,2209 3230,2209 3319,2209 3409,2209 3498,2209 3588,2209 3678,2203 3767,2197 3857,2197 3946,2191"/>
                <TextEquiv>
                    <Unicode>te er sich in die allgemein gehaltene Betrachtung, dass Ansichten,</Unicode>
                </TextEquiv>
            </TextLine>
        </TextRegion>
        <TextRegion id="tr_1" custom="readingOrder {index:1;}">
            <Coords points="794,2320 3988,2320 3988,4762 794,4762"/>
            <TextLine id="tr_1_tl_1" custom="readingOrder {index:0;}">
                <Coords points="904,2510 3445,2457 3823,2403 3823,2308 908,2358"/>
                <Baseline points="925,2436 967,2430 1056,2430 1146,2430 1235,2430 1325,2424 1415,2424 1504,2424 1594,2424 1683,2418 1773,2418 1862,2418 1952,2412 2042,2412 2131,2406 2221,2406 2310,2400 2400,2406 2489,2400 2579,2394 2668,2394 2758,2394 2848,2388 2937,2388 3027,2382 3116,2382 3206,2382 3295,2382 3385,2376 3475,2376 3564,2376 3654,2376 3743,2370 3833,2376"/>
                <TextEquiv>
                    <Unicode>wie Marcolina sie eben ausgesprochen, nicht nur die Ordnung im</Unicode>
                </TextEquiv>
            </TextLine>
            <TextLine id="tr_1_tl_2" custom="readingOrder {index:1;}">
                <Coords points="893,2617 1583,2602 1713,2709 3468,2659 3701,2594 3704,2449 893,2526"/>
                <Baseline points="913,2603 937,2603 1026,2603 1116,2603 1206,2603 1295,2597 1385,2597 1474,2591 1564,2591 1653,2591 1743,2591 1833,2591 1922,2585 2012,2585 2101,2579 2191,2579 2280,2573 2370,2573 2459,2567 2549,2567 2639,2567 2728,2567 2818,2561 2907,2561 2997,2555 3086,2555 3176,2555 3266,2549 3355,2549 3445,2549 3534,2549 3624,2543 3713,2543"/>
                <TextEquiv>
                    <Unicode>Bereich der Kirche, sondern dass sie auch die Grundlagen des</Unicode>
                </TextEquiv>
            </TextLine>
            <TextLine id="tr_1_tl_3" custom="readingOrder {index:2;}">
                <Coords points="885,2812 3384,2835 3807,2793 3811,2659 885,2732"/>
                <Baseline points="907,2782 949,2782 1038,2782 1128,2776 1218,2776 1307,2776 1397,2776 1486,2770 1576,2770 1665,2764 1755,2764 1844,2764 1934,2764 2024,2758 2113,2758 2203,2752 2292,2752 2382,2746 2471,2752 2561,2746 2651,2740 2740,2740 2830,2734 2919,2734 3009,2734 3098,2734 3188,2728 3277,2734 3367,2728 3457,2728 3546,2728 3636,2722 3725,2722 3815,2728"/>
                <TextEquiv>
                    <Unicode>Staates in hohem Grade zu gefährden geeignet seien, und sprang</Unicode>
                </TextEquiv>
            </TextLine>
            <TextLine id="tr_1_tl_4" custom="readingOrder {index:3;}">
                <Coords points="912,2972 1267,3071 3735,3006 3846,2983 3849,2793 916,2903"/>
                <Baseline points="931,2949 991,2955 1080,2955 1170,2955 1259,2949 1349,2949 1438,2949 1528,2943 1618,2943 1707,2943 1797,2943 1886,2943 1976,2937 2065,2931 2155,2937 2245,2931 2334,2931 2424,2925 2513,2925 2603,2919 2692,2919 2782,2913 2871,2913 2961,2907 3051,2907 3140,2907 3230,2907 3319,2907 3409,2901 3498,2901 3588,2901 3678,2895 3767,2895 3857,2889"/>
                <TextEquiv>
                    <Unicode>von hier aus gewandt auf das Gebiet der Politik über, wo er mit</Unicode>
                </TextEquiv>
            </TextLine>
            <TextLine id="tr_1_tl_5" custom="readingOrder {index:4;}">
                <Coords points="916,3159 3731,3151 3868,3128 3872,2972 919,3067"/>
                <Baseline points="937,3140 1015,3134 1104,3134 1194,3134 1283,3128 1373,3134 1462,3128 1552,3122 1641,3122 1731,3122 1821,3116 1910,3116 2000,3110 2089,3104 2179,3104 2268,3104 2358,3098 2448,3104 2537,3098 2627,3092 2716,3092 2806,3092 2895,3092 2985,3086 3074,3086 3164,3086 3254,3080 3343,3080 3433,3074 3522,3074 3612,3074 3701,3074 3791,3069 3881,3080"/>
                <TextEquiv>
                    <Unicode>seiner Erfahrung und Weltläufigkeit eher darauf rechnen konnte,</Unicode>
                </TextEquiv>
            </TextLine>
            <TextLine id="tr_1_tl_6" custom="readingOrder {index:5;}">
                <Coords points="2106,3235 2175,3243 2232,3208 2388,3220 2403,3205 2445,3205 2445,3113 2407,3121 2388,3140 2354,3128 2320,3155 2255,3117 2186,3132 2167,3117 2136,3136 2106,3124"/>
                <Baseline points="2125,3182 2215,3188 2304,3188 2394,3188 2454,3182"/>
                <TextEquiv>
                    <Unicode>gemein</Unicode>
                </TextEquiv>
            </TextLine>
            <TextLine id="tr_1_tl_7" custom="readingOrder {index:6;}">
                <Coords points="916,3338 3548,3369 3838,3334 3842,3186 919,3250"/>
                <Baseline points="937,3313 985,3307 1074,3307 1164,3307 1253,3307 1343,3301 1432,3301 1522,3301 1612,3301 1701,3295 1791,3289 1880,3289 1970,3283 2059,3283 2149,3283 2239,3283 2328,3277 2418,3277 2507,3277 2597,3272 2686,3272 2776,3266 2865,3266 2955,3266 3045,3260 3134,3260 3224,3260 3313,3260 3403,3254 3492,3254 3582,3254 3672,3248 3761,3248 3851,3248"/>
                <TextEquiv>
                    <Unicode>Maroolinen gegenüber seine Ueberlegenheit zu zeigen. Aber wenn</Unicode>
                </TextEquiv>
            </TextLine>
            <TextLine id="tr_1_tl_8" custom="readingOrder {index:7;}">
                <Coords points="912,3529 3353,3548 3983,3502 3987,3346 916,3441"/>
                <Baseline points="937,3480 943,3486 1032,3486 1122,3486 1212,3486 1301,3480 1391,3480 1480,3475 1570,3475 1659,3475 1749,3469 1839,3469 1928,3463 2018,3469 2107,3463 2197,3457 2286,3457 2376,3457 2465,3451 2555,3451 2645,3445 2734,3445 2824,3451 2913,3445 3003,3439 3092,3439 3182,3439 3272,3433 3361,3433 3451,3433 3540,3427 3630,3427 3719,3427 3809,3421 3898,3421 3988,3415"/>
                <TextEquiv>
                    <Unicode>es ihr hier auch an Personenkenntnis und Sinblick in das höfisch-</Unicode>
                </TextEquiv>
            </TextLine>
            <TextLine id="tr_1_tl_9" custom="readingOrder {index:8;}">
                <Coords points="935,3739 3796,3712 3834,3533 938,3601"/>
                <Baseline points="955,3666 979,3666 1068,3666 1158,3666 1247,3666 1337,3660 1427,3660 1516,3654 1606,3654 1695,3648 1785,3648 1874,3648 1964,3648 2053,3642 2143,3642 2233,3642 2322,3642 2412,3636 2501,3636 2591,3630 2680,3630 2770,3630 2860,3624 2949,3624 3039,3624 3128,3618 3218,3618 3307,3618 3397,3612 3486,3612 3576,3612 3666,3606 3755,3606 3845,3594"/>
                <TextEquiv>
                    <Unicode>diplomatische Getriebe gebrach und sie darauf verzichten muss-</Unicode>
                </TextEquiv>
            </TextLine>
            <TextLine id="tr_1_tl_10" custom="readingOrder {index:9;}">
                <Coords points="927,3960 3853,3838 3853,3723 3571,3678 931,3739"/>
                <Baseline points="949,3839 997,3845 1086,3845 1176,3839 1265,3839 1355,3833 1444,3833 1534,3833 1624,3833 1713,3827 1803,3827 1892,3827 1982,3821 2071,3821 2161,3815 2250,3815 2340,3815 2430,3809 2519,3809 2609,3809 2698,3809 2788,3803 2877,3803 2967,3797 3057,3797 3146,3791 3236,3791 3325,3791 3415,3791 3504,3791 3594,3791 3683,3791 3773,3785 3863,3785"/>
                <TextEquiv>
                    <Unicode>te, Casanova im Einzelnen zu widersprechen, auch wo sie der Ver-</Unicode>
                </TextEquiv>
            </TextLine>
            <TextLine id="tr_1_tl_11" custom="readingOrder {index:10;}">
                <Coords points="2762,3910 2892,3929 2938,3907 2999,3933 3102,3899 3193,3929 3292,3887 3464,3910 3468,3826 3388,3800 3334,3838 3273,3819 3220,3853 3189,3823 3098,3823 3071,3849 3006,3807 2915,3872 2766,3876"/>
                <Baseline points="2782,3904 2848,3904 2937,3898 3027,3898 3116,3887 3206,3887 3295,3881 3385,3881 3475,3887"/>
                <TextEquiv>
                    <Unicode>in Anlass xxx</Unicode>
                </TextEquiv>
            </TextLine>
            <TextLine id="tr_1_tl_12" custom="readingOrder {index:11;}">
                <Coords points="923,4040 3784,4074 3914,4029 3918,3887 927,3964"/>
                <Baseline points="943,4024 967,4024 1056,4024 1146,4018 1235,4018 1325,4018 1415,4012 1504,4012 1594,4012 1683,4012 1773,4006 1862,4006 1952,4006 2042,4006 2131,4000 2221,4000 2310,4000 2400,3994 2489,3994 2579,3988 2668,3988 2758,3994 2848,3988 2937,3988 3027,3988 3116,3988 3206,3982 3295,3982 3385,3976 3475,3976 3564,3976 3654,3970 3743,3970 3833,3970 3922,3964"/>
                <TextEquiv>
                    <Unicode>lässlichkeit seiner Darstellung misstraute; aus ihren Bemerkun-</Unicode>
                </TextEquiv>
            </TextLine>
            <TextLine id="tr_1_tl_13" custom="readingOrder {index:12;}">
                <Coords points="1221,4158 1465,4109 2884,4105 2857,4013 1225,4032"/>
                <Baseline points="1241,4107 1283,4107 1373,4107 1462,4107 1552,4101 1641,4101 1731,4101 1821,4101 1910,4095 2000,4095 2089,4095 2179,4090 2268,4090 2358,4084 2448,4084 2537,4084 2627,4084 2716,4078 2806,4078 2895,4078"/>
                <TextEquiv>
                    <Unicode>ging unvielerspreitlich für die hervor¬</Unicode>
                </TextEquiv>
            </TextLine>
            <TextLine id="tr_1_tl_14" custom="readingOrder {index:13;}">
                <Coords points="774,4235 2327,4181 2583,4288 3449,4273 3788,4246 3792,4074 774,4143"/>
                <Baseline points="794,4215 847,4215 937,4221 1026,4215 1116,4209 1206,4203 1295,4203 1385,4197 1474,4197 1564,4197 1653,4197 1743,4197 1833,4191 1922,4185 2012,4179 2101,4179 2191,4179 2280,4173 2370,4173 2459,4173 2549,4173 2639,4173 2728,4173 2818,4167 2907,4161 2997,4161 3086,4161 3176,4161 3266,4155 3355,4161 3445,4155 3534,4155 3624,4155 3713,4155 3803,4149"/>
                <TextEquiv>
                    <Unicode>gen wär xxx xxx, dass sie weder vor den</Unicode>
                </TextEquiv>
            </TextLine>
            <TextLine id="tr_1_tl_15" custom="readingOrder {index:14;}">
                <Coords points="2289,4280 2323,4273 2339,4284 2361,4269 2377,4277 2403,4258 2438,4261 2457,4277 2506,4269 2510,4189 2476,4193 2453,4174 2442,4185 2407,4181 2388,4196 2293,4185"/>
                <Baseline points="2310,4239 2340,4239 2430,4239 2519,4233"/>
                <TextEquiv>
                    <Unicode>Le P. A. D.</Unicode>
                </TextEquiv>
            </TextLine>
            <TextLine id="tr_1_tl_16" custom="readingOrder {index:15;}">
                <Coords points="927,4410 3517,4448 3765,4403 3769,4246 927,4319"/>
                <Baseline points="949,4388 997,4382 1086,4382 1176,4382 1265,4382 1355,4376 1444,4376 1534,4376 1624,4370 1713,4376 1803,4370 1892,4364 1982,4364 2071,4364 2161,4358 2250,4358 2340,4352 2430,4352 2519,4352 2609,4352 2698,4352 2788,4346 2877,4340 2967,4340 3057,4340 3146,4340 3236,4340 3325,4340 3415,4334 3504,4334 3594,4334 3683,4328 3773,4346"/>
                <TextEquiv>
                    <Unicode>Fürsten dieser Erde noch vor den staatsgebilden als solchen</Unicode>
                </TextEquiv>
            </TextLine>
            <TextLine id="tr_1_tl_17" custom="readingOrder {index:16;}">
                <Coords points="927,4593 3964,4631 3968,4418 931,4498"/>
                <Baseline points="949,4567 1021,4561 1110,4561 1200,4561 1289,4555 1379,4555 1468,4555 1558,4549 1647,4549 1737,4549 1827,4543 1916,4543 2006,4543 2095,4543 2185,4537 2274,4537 2364,4531 2454,4531 2543,4531 2633,4531 2722,4525 2812,4525 2901,4525 2991,4525 3080,4519 3170,4519 3260,4519 3349,4519 3439,4519 3528,4513 3618,4513 3707,4507 3797,4513 3887,4507 3976,4507"/>
                <TextEquiv>
                    <Unicode>sonderliche Achtung hegte, und der Ueberzeugung war, dass die Welt</Unicode>
                </TextEquiv>
            </TextLine>
            <TextLine id="tr_1_tl_18" custom="readingOrder {index:17;}">
                <Coords points="927,4761 1423,4883 3044,4834 3807,4792 3895,4620 931,4700"/>
                <Baseline points="949,4752 1038,4740 1128,4740 1218,4740 1307,4740 1397,4740 1486,4734 1576,4734 1665,4734 1755,4734 1844,4728 1934,4728 2024,4722 2113,4722 2203,4716 2292,4716 2382,4716 2471,4716 2561,4710 2651,4705 2740,4705 2830,4699 2919,4699 3009,4699 3098,4699 3188,4699 3277,4699 3367,4693 3457,4693 3546,4693 3636,4687 3725,4687 3815,4681 3904,4681"/>
                <TextEquiv>
                    <Unicode>im Kleinen wie im Grossen von Eigennutz und Herrschaucht nicht</Unicode>
                </TextEquiv>
            </TextLine>
        </TextRegion>
    </Page>
</PcGts>
