4248 5304
3086 211 3248 434 1.
1190 215 1409 495 1741
868 553 3793 871 mitschuldig sei, die im widerfahren, vermochte er immerhin noch
887 745 3896 1048 als Tollheit zu erkennen. Als er sich zur Not gesammelt, war sein
891 998 3873 1228 erster Gedanke, an den Schurken Rache zu nehmen, die geglaubt hat-
891 1202 3835 1378 tan ihn als Polizeispion düngen zu können. In irgend einer Ver-
898 1324 3916 1543 kleidung wollte er sich nach Venedig schleichen und all die Wich-
898 1512 3770 1747 te auf listige Weise vom Leben zum Tode bringen - oder wenig-
921 1747 3670 1912 stens den Einen, der den jämmerlichen Plan ausgeheckt hatte.
917 1873 3773 2088 War es Bragadino selbst? Warum nicht? Ein Greis - so schamlos
910 2065 3816 2288 geworden, dass er diesen Brief an Casanova zu schreiben wagte,-
940 2215 3885 2430 so schwachsinnig, dass er Casanova - Casanova! den er doch einst
921 2407 3716 2633 gekannt hatte - für einen Spion eben gut genug hielt! Ah, er
937 2610 3935 2787 kannte eben Casanova nicht mehr! Niemandkannto ihn mehr,so wenig
952 2768 3954 2964 in Venedig, als anderswo. Aber man sollte ihn wieder kennen 1 e
944 2933 3892 3136 nen. Er war freilich nicht mehr jung und schön genug, um ein
3340 3002 4046 3236 genandtumgeladigt.
2806 3067 3059 3190 Raum
960 3136 3892 3332 tugendhaftes Mädchen zu verführen - und nicht mehr
1916 3232 3355 3367 sind auf Nachfristen rutüren.
1294 3282 1889 3401 in Recken
956 3294 3823 3489 nug, um aus Bleikammen und X### zu entwischen,-aber klüger
960 3455 3835 3678 war er noch immer als alle! Und wenn er nur einmal in Venedig
975 3666 3831 3831 war, so konnte er cort treiben und lassen, was ihm beliebte; es
906 3793 2004 3992 daraufan, endlich
979 3831 3812 4019 kam nur vor allem einmal darauf an, dort zu sein! Dann war es
983 3916 4011 4203 vielleicht gar nicht nötig, irgenden unzubringen; es gab allerlei
987 4157 3785 4361 Arten von Rache, witzigere, teuflischere, als ein gewöhnliches
933 4338 1551 4472 Mortletman
983 4326 3954 4545 Mondwäne, und wenn man zum Schein etwa den Antrag der Herren an-
983 4522 4073 4821 nahm, so war es die leichteste Sache von der Velt, gerade diejenigen
