4152 5240
2506 186 2664 360 :
3516 213 3721 527 157
821 523 3729 744 räuscht des Lebens von den grossen undkleinen Kanälen; die Ruge
3005 620 3350 763 andam
817 651 3706 914 der Gondelführer schwebten eintönig über allen Übrige hin; ir-
1197 844 1646 957 nicht gar,
794 867 3787 1135 gendwo, ziemlich weit, vielleicht in dem Palast gegehüber, - war es
833 999 3799 1220 nicht der des Fogazarit - sang eine schöne, ziemlich hohe Frauen-
844 1185 3791 1390 stimme Koloraturen; sie gehörte offenbar einem jungen Vesen an,
848 1324 3857 1619 einem Wesen, das noch nicht einmal, geboren war zur Zeit, da Casano-
844 1510 3629 1770 va aus den Bleikammern entflohen war.— gr ao Zwieback und
844 1696 3892 1940 Butter, Eier, kaltes Fleisch; und entschuldigte sich immer wieder
836 1874 3710 2076 seiner Unersättlichkeit bei Bragadino, der ihm vergnügt zusah.
844 2049 3764 2254 „Ich lieb es“, sagte er, wenn junge Leute Appetit haben! und so
848 2196 3814 2424 viel ich mich erinnere, mein touerer Casanova, hat es Ihnen daran
833 2389 3780 2653 nie gefehlt!" Und er entsann sich eines Mahls, das er in den er-
864 2579 3694 2796 sten Tagen ihrer Bekanntschaft gemeinsam mit Casanova genos-
875 2757 3838 2951 sen - vielmehr, bei dem er seinem jungen Freunde bewundernd zuge-
2842 2866 3172 2978 clamals
864 2928 3737 3160 schaut hatte wie heute; denn er selbst war noch nicht so weit
864 3055 3811 3315 gewesen, es war nämlich kurz nachdem Casanova den Arzt hinausge-
879 3249 3845 3466 worfen hätte, der den armen Bragadino durch die ewigen Aderlasse
856 3443 3900 3652 fast ungebracht xxx hatte... Sie redeten von vergangenen Zeiten;
875 3636 3849 3845 ja - damals war das Leben in Venedig schöner gewesen als heute.-
3326 3752 3570 3861 fenn
887 3811 3702 4027 „Nicht überall“, sagte Casanova und spielte durch ein Lächeln
875 3969 3996 4190 auf die Bleidücher an. pragadino wohrte durch eine Handbewegung
887 4109 3629 4384 ab, als wäre nun nicht die Stunde, sich solcher kleiner Unannte
871 4291 3702 4593 lichkeiten zu erinnern. Uebrigens, er, Bregadino, hatte auch dan
3381 4434 3783 4542 beschied
898 4531 3710 4717 alles Möglichs versucht, um Casanova vor der strafe zu retten
283 4461 469 4759 1
2308 4682 3001 4922 wussten offenheit.
2091 4721 2281 4895 Pieter
