4200 5304
2418 215 2663 517 11-11
1019 257 1547 513 Votre très-de-même.
3448 381 3663 573 128
830 547 3754 917 Nacht. Casanova öffnete den Reisesack, der zu seinen Füssen lag.
826 845 3806 1056 nahm Lorenzie Mantel heraus und, nachdem er ihn über sich gebrei-
845 1045 3788 1252 tet, entkleidete er sich unter dem an Schutz mit aller gebotenen
834 1222 3708 1434 vorsicht. Die abgelegte Gewandung, auch Schuh und Strümpfe, ver-
849 1381 3818 1611 sperrte er in den Sack und hüllte sich fester in den Mantel ein.
849 1566 3686 1784 Jetzt rief er den Kutscher an:,He, wir müssen wieder zurück!"
853 1701 3772 1973 Der Kutscher wandte sich verdrossen um. -.Ich habe meine Papie-
837 1947 3754 2158 re im Hause vergessen. Hörst du? Wir müssen zurück". Und da je-
841 2075 3580 2350 ner, ein verdrossener, maderer, graubärtiger Mensch, zu zögern
856 2248 3656 2482 schien: „Ich verlange es natürlich nicht umsonst. Da!“ Und er
856 2422 3784 2660 drückte ihm ein goldstück in die Hand. Der Kutscher nickte, mur-
853 2584 3742 2848 melte etwas und mit einem gänzlich überflüssigen Peitschenhieb
864 2777 3637 2988 auf das Pferd, wandte er den Wagen. Als sie wieder durch das
856 2950 3727 3158 Dorf fuhren, lagen die Häuser alle stumm und ausgelöscht. Noch
879 3120 3754 3331 ein Stück Wegs die Landstrasse hin und nun wollte der Kutscher
879 3316 3693 3516 in die schmälere, leicht ansteigende Strasse einlenken, die zu
875 3456 3803 3727 Olivos Besitzung führte. „Halt!" rief Casanova, wir wollen nicht
890 3648 3727 3889 so nah heranfahren, sonst wecken wir die Leute auf. Warte hier
894 3829 3810 4059 an der Ecke. Ich bin bald wieder da... Und sollt' es etwas län-
3139 3923 3520 4067 glaubli
887 4040 3818 4270 ger dauern, jede Stunde trägt einen Dukaten! "Nun wüsste der Mann
1260 4146 1641 4304 Nintiesen
2403 4123 2743 4229 merkte.
890 4210 3837 4421 ungefähr, woran er war; Casanova konnte es an der Aßt xxxken
1060 4327 1324 4470 seven
879 4369 3908 4610 wie er mit dem Kopf nickte. Gavenaua stieg aus und eilte weiter,
894 4557 3837 4784 den Augen des Kutschersbald entschwindend, bis ans verschlossene
