4216 5352
722 559 3715 797 nicht so ist, Casanova. Und auch du hast meiner nicht vergessen,
737 786 3620 990 sonst hättest du, der du so eilig bist nach Venedig zu gelan-
733 964 3745 1198 gen, Olivos Einladung nicht angenommen!" - „Was denkst du eigent-
733 1153 3741 1353 lich, Amalia? Ich sei hergekommen, um deinen guten Mann zum Hahn-
748 1315 3609 1549 rei zu machen?" - „Warum spricht du so, Casanova? Wenn ich dir
760 1493 3760 1670 wieder gehöre, so ist es weder Betrug noch Bünde!“ Casanova lach-
756 1648 3767 1852 te laut auf. Keine Sünde? Warum keine Stunde? Weil ich ein alter
771 1791 3669 2071 Mann bin?"- „Du bist nicht alt. Für mich kunnst du es niemals
767 2007 3756 2260 werden. In deinen Armen hab' ich meine erste Seligkeit genossen-
775 2177 3681 2365 und so ist es mir gewiss bestimmt, dass mir mit dir auch meine
767 2354 3737 2615 letzte zuteil wird!"- „Deine letzte?“ wiederholte Casanova höh-
767 2490 3726 2717 nisch obwohl er nicht ganz ungerührt war,- dagegen dürfte mein
775 2702 3681 2929 Freund Olivo wohl mancherlei sinzuwenden haben."- „Das“, erwi-
775 2887 3775 3114 derte Amalia errötend, das ist Pflicht - meinethalben sogar Ver-
778 3042 3650 3288 gnügen; aber Seligkeit ist es doch nicht... war es niemals."
1126 3231 3775 3435 Sie gingen die Allee nicht zu Ende, als scheuten beide
794 3371 3835 3631 die Nähe des Wiesenplatzes, wo Marcolina und die Kinder spielten.-
809 3571 3828 3809 wie auf Verabredung kehrten sie um und waren bald wieder, schwei-
790 3764 3817 3979 gend, beim Wohnhaus angelangt. An der Schualseite stand ein Fen-
816 3960 3703 4221 ster des Erdgeschosses offen. Casanova sah in der dämnernden
816 4100 3669 4338 Tiefe des Gemacht einen halbgerafften Vorhang, hinter dem das
805 4266 3703 4542 Fussende des Bettes sichtbar wurde. Ueber einen Stuhl daneben
812 4417 3786 4754 hing ein lichtes, schleierartiges Gewand. „Marcolinens Zimmer“
805 4652 3711 4875 fragte Casamova.- Amalia nickte. Und zu Casanova anscheinend
