4104 5208
3450 310 3667 523 135
754 638 3745 851 fig hier zu bleiben, befreite sich vom glaub und Schmutz der lan-
754 810 3670 1019 gen Reise, überlegte eine Weile, ob er sich in sein Prachtgewand
773 960 3644 1172 werfen sollte, fand es dann doch angemessen, wieder das beschei-
788 1120 3704 1367 denere anzuziehen, und verliess endlich den Gasthof. Nur hundert
773 1359 3566 1561 Schritte waren es, durch ein schmales Gässchen und über eine
2315 1456 2595 1576 Salest
773 1497 3648 1740 Brücke, zu dem kleinen vornehmen Palasso, in dem Bragadino wohn-
780 1673 3775 1893 te. Ein junger Bedienter mit einem ziemlich unverschämten Gesicht
773 1889 3715 2035 nahm Casanovas Anmeldung entgegen, tat, als wenn er den berühmten
773 2024 3640 2248 Namen niemals gehört hätte, kam aber mit einer etwas freundli-
792 2195 3760 2393 cheren Miene aus den Gemächern seines Herrn wieder und liess den
773 2349 3663 2565 Gast eintreten. Bragadino sass an einem nah ans offene Fenster
780 2543 3734 2752 gerückten Tisch beim Frühstück; er wollte sich erheben, was Casa-
773 2763 3745 2912 nova nicht zuliese.- „Mein teuerer Casanova“, rief Bragadino aus,
799 2912 3719 3118 wie glücklich bin ich Sie wiederzusehen! Ja, wer hätte gedacht,
799 3088 3786 3271 dass wir uns überhaupt jemala wiedersehen würden?“ Und er streck-
780 3267 3611 3450 to ihm beide Hände entgegen.Casanova ergriff sie, als wenn er
784 3413 3723 3648 sie küssen wollte, tat es aber nicht und erwiderte die herzliche
784 3611 3734 3797 Begrüssung mit Worten heissen Dankes in der etwas hochtrabenden
784 3737 3767 3984 Art, von der seine Ausdruck weise bei solchen Gelegenheiten nicht
784 3973 3730 4171 frei war. Bragadino forderte ihn auf Platz zu nehmen und fragte
780 4118 3767 4320 ihn vor allem, ob er schon gefrühstückt hätte. Als Casanova ver-
784 4309 3674 4477 neinte, klingelte Bragadino den Diener und gab ihn die entspre-
780 4514 3614 4742 ehende Weisung. Als der Diener sich entfernt hatte, äusserte
