4184 5304
3572 340 3786 577 122
828 488 3698 754 Handel wie ein anderer - wir sind quitt“. Er streckte ihm die
839 714 3709 965 Hand entgegen. Lorenzi nahm sie nicht; doch nun sprach er das
832 902 3723 1094 erste Wort. „Ich erinnere mich nicht“, sagte er, dass auch dies
847 1091 3631 1268 in unserem Pakt enthalten gewesen wäre." Er wandte sich und
832 1305 1135 1516 ging.
1305 1350 3661 1634 Sind wir so genau, mein Freund? dachte Casanova. So
847 1546 3760 1786 darf ich mich umso sicherer darauf verlassen, dass ich nicht am
854 1723 3723 2008 Ende der Geprellte sein werde. Freilich hatte er an diese Mög-
847 1941 3771 2133 lichkeit keinen Augenblick ernstlich gedacht; er wusste, aus ei-
847 2115 3716 2377 gener Erfahrung, dass Leute wie Lorenzi ihre besondere Art von
858 2259 3649 2492 Ehre haben, deren Gesetze in Paragraphen nicht aufzuzeichnen
876 2437 3723 2699 sind, über die aber von Fall zu Fall ein Zweifel kaum bestehen
865 2633 3661 2854 kann. - Er legte Lorenzis Mantel zu oberst in den Reisesack,
869 2829 3757 3036 schloss diesen zu; die Goldstücke, die ihm geblieben, steckte er
876 3002 3797 3202 zu sich, blickte sich in dem Raum, den er wohl niemals wieder be-
884 3180 3672 3376 treten sollte, nach allen Seiten um und, mit Degen und Hut, zur
887 3343 3783 3553 Abfahrt fertig, begab er sich in den Saal, wo Olivo mit Frau und
876 3513 3783 3720 Kindern schon am gedeckten Tische sitzend fand. Marcolina trat
876 3683 3753 3901 zugleich mit ihm, was Casanova als günstiges Schicksalszeichen
880 3890 3783 4108 deutete, von der anderen Seite, aus dem Garten ein und erwiderte
2540 4012 3453 4130 Neigen des Haupts
887 4008 3849 4260 seinen Gruss mit einem unbefangen freundlichen Blick. Das Essen
887 4230 3845 4448 wurde aufgetragen; die Unterhaltung giing anfangs lange am, ja wie
887 4404 3856 4629 gedämpft von der Stimmung des Abschiede in fähseliger Veise von
898 4544 3831 4829 statten. Amt ia sohien in auffallender Weise mit ihren kindern
