4136 5224
3383 277 3580 466 158
785 561 3796 906 wenn auch leider vergeblich. Ja, wenn er schon damals dem Rat der
781 842 1832 1081 Zehn angehört hätte-!
1248 925 3720 1176 So kamen sie auf politische Angelegenheiten zu reden
815 1107 3781 1354 und Casanova erfuhr von dem alten Mann, der, von seinem Thema ent-
804 1278 3796 1604 zündet, den Witz und die ganze Lebendigkeit seiner jüngeren Jahre
823 1437 3724 1775 wiederzufinden schien, gar Vieles und Merkwürdiges über die be-
834 1661 3671 1953 denkliche Geistesrichtung, der ein Teil der Venezianer Jugend
1547 1836 2135 1953 Auszutangen
823 1843 3720 2109 sich neuerdings zusuwenden, und über die gefährlichen Umtriebe,
850 2010 3804 2260 die sich in unverkennbaren Zeichen anzukündigen begännen; und er
857 2192 3808 2465 war gar nicht übel vorbereitet, als er sich noch im Abend dessel-
846 2351 3872 2605 ben Tags, den er, in sein trübseliges Gasthofzimmer eingeschlossen,
2696 2465 3296 2594 aufgestörten
853 2537 3709 2799 nur zur Beschwichtigung seiner vielfach ausgeregten Seele mit
872 2693 3830 2928 dem Ordnen und teilweisen Verbrennen von Papieren verbracht hat-
884 2871 3800 3171 te, in das Café Quadri am Markusplatz verfügte, das als Hauptver-
884 3026 3834 3322 sammlungsort der Freidenker und Umstürzler galt. Durch einen al-
899 3189 3868 3463 ten Musiker, der ihn sofort wieder erkannte, den einstigen Kapell-
2863 3390 3042 3463 in
899 3379 3830 3641 meister des Theaters San Samuele, desselben, mit dem Casanova vor
891 3561 3940 3838 dreissig Jahren Geige gespielt hatte, wurde er auf die ungezwungen-
903 3758 3865 3978 ste Weise in eine Gesellschaft von meist jüngeren Leuten einge-
1817 3887 3956 4164 deren Namen ihm von seinem
899 3963 1570 4221 führt.
2446 4058 2924 4195 rum theil.
914 4077 3963 4377 Morgengespräch mit Bragadino her als besondere verdächtig in Er-
2291 4240 2632 4342 on the
925 4270 3876 4498 innerung verblieben waren. Sein eigener Name schien auf die An-
925 4426 3872 4722 dern keineswegs in der Art zu wirken, die zu erwarten er berach-
258 4373 413 4676 9
925 4627 3838 4907 tigt gewesen wäre, xxx Meisten wussten offenbar nicht mehr von
