4376 5368
875 490 2085 777 Erzieher an einer Kadette
893 498 3827 931 durch Professor Morgagni, den berühmten Lehrer an der Universi-
924 807 3857 1108 tät von Bologna, eingeführt worden sei. Casanova äusserte seine
916 1010 1093 1097 G.C.F.P.
912 1007 3921 1289 Verwunderung, über ein solches bei anmutigen jungen Mädchen wahr-
905 1191 3917 1448 lich ungewöhnliches Interesse an einem so schwierigen und dabei
924 1331 3811 1640 nüchternen Gegenstand, erhielt aber von Marcolina die Antwort,
942 1504 3936 1844 dass ihrer Ansicht nach die höhere Mathematikdie phantastisches-
3216 1625 3936 1776 ihm nahr nach
939 1719 3868 1968 te, ja man könnte sagen, unter allen Wissenschaften die wahrhaft
935 1896 3906 2138 göttliche vorstelle. Als Casanova sich über diese ihm ganz neues
942 2077 3966 2341 Auffassung eine nähere Erklärung erbitten wollte, wehrte Marcoli-
939 2254 3894 2556 na bescheiden ab und äusserte, dass es den Ahwesenden, vor allem
958 2432 3819 2688 aber ihrem lieben Oheim viel erwünschter sein dürfte, Näheres
1787 2628 2089 2714 ewes
954 2628 3921 2903 von den Erlebnissen des vielgereisten Freunden zu erfahren, den
969 2778 3827 3054 er so lange nicht gesehen, als einem philosophisch en Geepräch
961 2959 3977 3231 zuzuhöreni Amalia schloss sich ihrer Anregung lebhaft an und Ca-
980 3144 3845 3397 sanova, immer gern bereit Wünschen solcher Art nachzugeben, be-
980 3295 3913 3593 merkte leichthin, dass er in den letzten Jahren sich vorzüglich
2153 3401 3755 3566 im mit die grossen Stichte zu verwerren.
992 3468 3958 3744 auf geheimen diplomatischen Sendungen befunden, die ihn zwischen
984 3691 3845 3902 Madrid, Paris, London, Amsterdam und Petersburg umhergetrieben.
988 3789 3883 4072 Er berichtete von Begegnungen und Unterhaltungen ernster und
980 4038 3970 4264 heiterer Art mit Männern und Frauen der verschiedensten Stände,
1007 4173 4038 4449 auch des freundlichen Empfangs zu erwähnen vergass er nicht, der
988 4385 4011 4614 ihm am Hof der Katharina von Husaland suteil geworden, und sehr
1037 4596 3992 4905 spasshaft erzählte er, wie Friedrich der Grosse ihn beinahe zum
