4152 5288
1207 439 2051 658 und Reine Tissambe
768 469 3621 779 Beistand gebraucht, und wäre Marcolina die Göttin der Tugend
791 761 3610 976 selbst gewesen. Und nun will ich dich zur Kupplerin machen.
791 935 3803 1139 Oder wenn ich reich wäre... Ja, mit zehntausend Dukaten... Aber
798 1112 3670 1302 ich habe nicht zehn. Ein Bettler bin ich, Amalia."- „Auch für
791 1207 3795 1457 hundertausend bekämst du Marcolina nicht. Was kann ihr am Reich-
810 1404 3841 1691 tum liegen? Sie liebt die Bücher, den Himmel, die Wiesen, fehmetter-
787 1585 3678 1835 linge und Spiele mit Kindern... Und mit ihrem kleinen Erbteil
795 1782 3810 1998 hat sie mehr als sie bedarf."- „Oh, wür ich ein Fürst!“ rief Ca-
810 1956 3648 2187 sanova, ein wenig deklamierend, wie es zuweilen seine Art war,
1362 2104 2376 2202 gine echte Seidenhaft
821 2134 3814 2338 gerade wenn es ihn am tiefsten durchwühlte. „Hütt' ich die Macht,
821 2335 3772 2531 Menschen ins Gefängnis werfen, hinrichten zu lassen... Aber ich
821 2429 3833 2686 bin nichts. Ein Bettler- und ein Lügner dazu. Ich bettle bei den
821 2694 3859 2910 hohen Herren in Venedig um ein Amt,um ein stück Brot, um Heimat!
832 2811 3693 3050 Was ist aus mir geworden? Skelt dich nicht vor mir, Amalia?" -
844 3023 3746 3273 „Ich liebe dich, Casanova 1" -.80 verschaffenie mir, Amalia! Es
844 3205 3670 3409 steht bei dir! Ich weiss es. Sag ihr, was du willst. Sag Ihr,
825 3345 3856 3576 dass ich Buch gedroht habe. Dass du mir zutraust, ich könnte Buch
829 3542 3791 3788 das Dach über dem Haus anzünden! Sag ihr, ich wär ein Narr, ein
821 3704 3769 3962 gefährlicher Narr, aus dem Irrenhaus entsprungen, aber die Umar-
840 3935 3772 4136 nung einer Jungfrau könnte mich wieder gesund machen. Ja, das
844 4102 3818 4302 sag ihr. - Sie glaubt nicht an Wunder“. - „Nie? Nicht an Nun-
836 4253 3837 4514 der? So glaubt sie auch nicht an gott. Unso besserl Ich bin gut
851 4457 3750 4696 angeschrieben beim Erzbischof von Mailand! Sag ihr dem! Ich k
866 4612 3689 4896 sie verderbent durch Alle kann ich verderben. Das ist wahr, Am
