4120 5208
3498 274 3745 543 154
809 501 3698 782 zirke. War dies nicht die Kirche, in der Martina zur Beichte ge-
790 747 3660 975 gangen war- und dies nicht das Haus, in xxxx dem er die blasse
3136 844 3394 963 G.C.H.F.P.
805 932 3668 1133 totkranke Agate auf seine Veise wieder rot und gesund gemacht
790 1102 3668 1337 hattet- und hatte er in jenem nicht den sch uftigen Bruder der
801 1298 3733 1506 reizenden Silvia wann und blau geprügelt? Und in jenem sei-
813 1468 3656 1676 tenkanal das kleine gelbliche Haus, auf dessen wasserbespülten
3151 1545 3321 1653 G.C.H.F.P.
817 1622 3710 1830 Stufen ein dickes Frauenzimmer mit nackten Füssen stand... Ehe
3317 1707 3517 1822 G.H.F.F:S
821 1803 3814 1930 er sich noch zu besinnen vermochte, welche Erscheinung aus fernen
817 1972 3691 2192 Jugendtagen er dahin zu versetzen hatte, war das Schiff in den
1017 2076 1691 2227 großen Renal
821 2115 3922 2373 Canale grande eingelenkt und fuhr nun auf der breiten Wasser-
2573 2242 2939 2354 Casener &c
2023 2250 2354 2365 weiter.
1190 2269 1487 2389 leussen
832 2277 3895 2543 strasse zwischen Palästen her. Es war Æhm von seinem Traume her, 4
832 2477 3779 2631 als wär er erst tag’s vorher dem alben Weg gefahren. An der Rial-
832 2585 3764 2874 tobrücke stieg Casannova aus; denn er sich zu Herrn Bragadino
817 2839 3710 3063 begab, wollte er in einem nahen kleinen wohlfeilen Gasthof, des-
836 3009 3710 3240 sen er sich der Lage, aber nicht dem Namen nach erinnerte, sein
3513 3109 3691 3209 a tres
840 3194 3748 3402 Gepäck unterbringen und sich eines Zimmers versichern. Er fand
832 3386 3791 3587 das Haus verfallener, oder mindestens vernachlässigter, als er es
3483 3456 3710 3560 liche
840 3552 3768 3768 im Gedächtnis bewahrt hatte; ein verdrossener unrasierter Kell-
3298 3625 3729 3737 trabenden
832 3718 3768 3933 ner wies ihm einen wenig freundlichen Raum mit der Aussicht auf
3467 3806 3752 3933 s nicht
2600 3826 2755 3930 vieh
828 3918 3741 4107 die fensterlose Mauer eines gegenüberliegenden Hauses an. Doch
3394 3987 3729 4099 e fragte
840 4072 3837 4280 Casanova wollte keine Zeit verlieren; auch war ihm, da sich seine
3417 4161 3772 4269 Sva ver¬
832 4218 3841 4484 Barschaft auf der Reise beinahe gänzlich erschöpft hatte, der nie
3402 4334 3668 4446 gehre¬
828 4415 3799 4673 drige Preis des Zimmers sehr erwünscht; so beschloss er vorläu-
