4152 5304
769 469 3642 719 viel haben wir Ihnen zu danken, Herr Casanovat Und wir sollten
761 697 3703 935 unseres Wohltäters jemals vergeßen? Und wenn — „Reden wir
753 863 3752 1136 nicht davon", unterbrach Casanova. „Vie befindet sich Frau Ama-
757 1075 3809 1284 lia? Wie ist es überhaupt zu verstehen, dass ich in diesen ganzen
769 1231 3680 1469 zwei Monaten, die ich nun in Mautia verbringe,-freilich recht
769 1390 3673 1639 zurückgezogen - aber ich gehe doch viel spazieren nach alter
2613 1571 2840 1689 Olin
784 1564 3726 1810 Gewohnheit - wie kommt es, dass ich Ihnen (daso ich ihnen Beiden
769 1798 3752 2014 nicht ein einziges Mal begegnet bin?“- „Sehr einfach,Herr Casa-
772 1931 3801 2166 nova! Wir wohnen ja längst nicht mehr in der Stadt, die ich übri-
799 2090 3703 2351 gens niemals habe leiden können, so wenig als Amalia. Erweisen
791 2294 3733 2514 Sie mir die Ehre, Herr Casanova, steigen Sie ein, in einer Stunde
791 2450 3733 2684 sind wir bei mir zu Hause" - und da Casanova leicht abwehrte -
810 2582 3851 2870 „Sagen Sie nicht nein. Wie glücklich wird Amalia sein, Sie wieder-
810 2843 3699 3040 zusehen und wie stolz, Ihnen unsere drei Kinder zu zeigen. Ja,
799 3033 3680 3252 drei, Herr Casanova. Lauter Mädchen. Dreizehn, zehn und acht...
799 3158 3756 3419 Also noch keines in den Jahren, sich - mit Verlaub - sich – von
814 3389 3767 3593 Casanova das Köpfchen verdrehen zu lassen.“ Er lachte gutmütig
833 3533 3752 3752 und machte Miene, Casanova einfach zu sich in den Vagen hinein-
806 3718 3688 3983 zuziehen. Casanova aber schüttelte den Kopf. Denn, nachdem er
822 3907 3680 4169 fast schon versucht gewesen war, seiner begreiflichen Neugier
810 4021 3767 4294 nachzugeben und der Aufforderung Olivos zu folgen, überkam ihn
810 4294 3809 4494 seine Ungeduld mit neuer Macht und er versicherte Glive, dass er
2870 4434 3048 4668 kanten
3101 4419 3798 4680 & in wichtigen
810 4434 2828 4710 leider genötigt sei, heute noch vor Abend
