4136 5240
718 630 3623 862 Casanova erlabte sich an Milch, Butter, Eiern, Veissbrot und dann
703 835 3592 1041 noch an Pfirsichen und Trauben, die ihm köstlicher dünkten als
729 1033 3562 1196 irgend welche, die er jemals genossen. Die drei Mädchen, kamen
718 1185 3634 1367 über den Rasen herbeigelaufen, Casanova küsste sie alle, und der
718 1390 3573 1587 Dreizehnjährigen erwies er kleine Liebkosungen in der Art, wie
725 1538 3642 1716 sie sich gestern solche auch vom Abbate hatte gefallen lassen;
722 1686 3703 1903 doch die Funken, die in ihren Augen aufglimmten, waren, wie Casano-
2727 1830 3038 1982 at der
1606 1849 2400 1990 was eines anders
722 1872 3592 2077 va wohl erkannte, nicht allein von der Lust/an einem kindisch-
725 2081 3782 2263 harmlosen spiel entzündet. Olivo hatte seine Freude daran, wie gut
722 2229 3725 2430 der Chevalier mit den Kindern umzugehen verstünde..Und Sie wol-
725 2396 3767 2613 len uns wirklich schon morgen wieder verlassen" fragte er schüch-
737 2563 3585 2780 tern -zärtlich.- „Heute Abend“, sagte Casanova, aber mit einem
729 2799 3672 2954 scherzhaften Blinzeln. „Sie wissen ja, mein bester Olivo, die Se-
737 2947 3627 3118 natoren von Venedig."- „Haben es nicht um Sie verdient“, unter-
725 3144 3706 3308 brach ihn Olivo lebhaft.,Lassen Sie sie warten, Bleiben Sie bei
741 3285 3570 3513 uns bis übermorgen, nein, eine Woche lang, “Casanova schüttelte
733 3456 3668 3661 langsam den Kopf, während er die kleine Teresina bei den Händen
748 3649 3695 3858 gefasst und zwischen seinen Knisen wie gefangen hielt. Sie ent-
741 3847 3714 3999 wand sich ihm sanft mit einem Lächeln, das gar nichts Kindliches
756 3980 3680 4215 mehr hatte, als Amalia und Maroolina aus dem Hause traten,jene
744 4173 3642 4390 mit einem schwarzen, diesemit einem weissen Shawltuch über den
737 4360 3684 4549 hellen Gewändern. Olivo forderte sie beide auf ihre Bitten mit
748 4561 3722 4762 der seinigen zu vereinen. Es ist unmöglich“, sagte Casanova mit
