4120 5256
2863 78 3087 264 1:1
2518 104 2800 350 G.C.R.
736 539 3726 703 Staatsgewand, noch prächtiger beinahe, als Sie heute angetan sind-
744 669 3611 866 (es war ein freundlicher Spott in ihren Mienen), und Sie tru-
725 840 3607 1056 gen - wahrhaftig, die gleiche schmale Goldkette trugen Sie, die
3336 1000 3693 1149 Au Thun
733 1026 3704 1220 Sie heute tragen, und die ich doch wahrlich niemals noch gesehen
2637 1205 2867 1320 eine
1086 1201 1778 1339 père dette  d
733 1294 3637 1439 habe! (Es war mit einer goldenen Uhr und der mit Halbedelstei-
744 1372 3611 1588 nen besetzten goldenen Dose, die Casanova eben wie spielend in
3406 1528 3618 1651 die
1473 1577 1740 1681 waren
744 1551 3682 1763 der Hand hielt, da letzte Schmuckstück von mässigem Wort, das er
1134 1740 1461 1852 erhalten
740 1718 3652 1949 sich zu bewahren gewusst hatte.1- Ein alter,bettelhaft aussehen-
751 1949 3537 2120 der Mann öffnete den Wagenschlag - es war Lorenzi; Sie aber,
751 2090 3555 2287 Casanova, Sie waren jung,ganz jung, noch jünger als Sie damala
736 2298 3607 2484 gewesen sind.- (Sie sagte „damals" unbekümmert darum, dass aus
736 2466 3607 2640 diesem Worte flügelrauschend all ihre Erinnerungen geflattert
744 2611 3607 2826 kamen). (Sie grüssten nach allen Seiten, obwohl weit und breit
744 2774 3592 3001 kein Mensch zu sehen war und traten durch das Tor; es schlug
733 2956 3589 3146 heftig hinter ihnen zu, ich wusste nicht,ob es der Sturm zuge-
3061 3116 3473 3239 scheuten
744 3154 3615 3339 schleudert oder Lorenzmeo heftig, dass die Pferde xxx
751 3310 3711 3507 mit dem Wagen davonrasten. Nun hörte ich ein Geschrei aus Neben-
744 3470 3674 3696 gassen, wie von Menschen, die sich zu retten suchen; das verstumm-
755 3670 3659 3871 te gleich. Sie aber erschienen an einem Fenster den Hauses, ich
3161 3838 3436 3946 herab
751 3853 3659 4039 wusste jetzt, dass es ein Spielhaus war, und grüssten hinck nach
751 4016 3641 4210 allen Seiten, und es war doch niemand da. Dann wandten sie sich
736 4195 3563 4407 über xxx Schulter nach rückwärts, als stände irgendwer hinter
736 4381 3551 4634 Ihnen im Zimmer; aber ich wüsste, dass auch dort niemand war.
