4248 5320
3415 415 3626 574 los
752 578 3696 900 für meine Gattin! Finden Sie nicht?“ Er lachte in seiner abstos-
774 796 3626 1015 senden heiseren Art..Uebrigens ein wenig doch auch für mich!
763 933 3700 1215 Da ich gestern vierhundert Dukaten an Sie verloren habe und am
763 1159 3604 1370 Emde keine Zeit bleibt sie zurückzugewinnen".-.Auch uns hat
781 1300 3611 1544 der Leutenant Geld abgewonnen", sagte der jüngere Ricardi und
793 1482 3719 1726 der ältere, schweigende, sah über die Schulter zu dem Bruder auf,
807 1630 3722 1885 der, wie gestern, hinter ihm stand.- „Glück und Frauen“...begann
804 1822 3667 2078 der Abbate. Und der March ese schlose statt seiner: Zwingt, wer
815 2015 3641 2241 mag".- Lorenzi streute seine Goldstücke wie achtlos vor sich
815 2189 3748 2422 hin. „Da sind sie. Wenn Sie wünschen, alle auf ein Blatt, Marche-
819 2393 3719 2633 se, damit Sie Ihrem Geld nicht lange nachzulaufen haben.“ Casa-
826 2530 3648 2796 nova verspürte plötzlich eine Art Mitleid für Lorenzi, das er
837 2715 3744 2944 sich selbst nicht recht erklären konnte; doch da er von seinem
844 2911 3796 3119 Ahnungsvermögen etwas hielt, war er überzeugt, dass der Leutenant
1500 3059 2315 3163 das ihn beimstand
852 3085 3674 3356 im ersten Gefechte fallen werde. Der Marchese nahm den hohen
852 3226 3793 3459 Satz nicht an; Lorenzi bestand nicht darauf; so ging das Spiel,
852 3396 3826 3644 an dem sich auch die Andern in ihrer bescheidenen Veise, wie Tag
870 3615 3715 3822 vorher, beteiligten, vorerst nur mit mässigen Einsätzen weiter.
859 3778 3741 3989 Sehon in der nächsten Viertelstunde wurden sie höher; und vor
874 3952 3844 4200 Ablauf der darauffolgenden hatte Lorenzi seine vierhundert Duka-
870 4130 3852 4356 ten an den Marchese verloren. Um Casancva schien sich das Glück
881 4289 3730 4526 nicht zu kümmern; er gewann, verlor und gewinn wieder in fast
893 4485 3789 4737 lächerlich regelmässigen Wechsel. Lorenzi atmete auf, als sein
