4200 5288
3417 276 3666 545 56
753 534 3595 764 Tisch traten. Olivo begrüsste sie herzlich und geräuschvoll,
779 734 950 844 G.H.F.P.
764 726 3613 972 sehr froh, damit einem Zwist, der bedenklich zu werden und die
753 901 3629 1120 Heiterkeit des Abends zu gefährden drohte, die Spitze abzubre-
772 1063 3757 1332 chen. Die Neuangekommenen waren die Brüder Ricardi, Junggesellen,
768 1286 3617 1491 die, wie Casanova von Olivo erfuhr, früher in der grossen Welt
764 1430 3716 1684 gelebt, mit allerlei Unternehmungen wenig Glück gehabt und sich
787 1653 3742 1820 endlich in das benachbarte Dorf, ihren Geburtsort zurückgezogen,
855 1793 1275 1911 G.C.F.S.
779 1835 3731 1998 wo sie in einem elenden Häuschen zur Miete wohnten. Sonderbare,
795 1949 3716 2157 aber harmlose Leute. Die beiden sicardi drückten ihr Entzücken
779 2145 3753 2346 aus, die Bekanntschaft des Chevaliers zu erneuern, mit dem sie in
779 2316 3648 2596 Paris vor Jahren zusammengetroffen waren. Casanova erinnerte
791 2554 3678 2705 sich nicht. Oder war es in Madrid!....Das wäre mögl ich", sagte
795 2656 3746 2887 Casanova, aber er wueste, dass er die Beiden niemals gesehen hat-
795 2838 3621 3069 te. Nur der eine, offenbar jüngere von ihnen, führte das Vort,
795 3023 3648 3262 der andere, der wie ein Neunzigjähriger aussah,begleitete die
802 3220 3810 3519 Reden seines Bruders mit unaufhörlichen Kopfnicken und ei-
795 3439 1907 3591 nem verlorenen Grinsen.
1268 3568 3674 3765 Man hatte sich vom Tisch erhoben. Die Kinder waren
821 3735 3757 3962 schon früher verschwunden. Lorenzi und die Marchesa spazierten
832 3924 3731 4124 im Dämmer über d e Wiese hin, Marcolina und Amalia wurden bald
814 4098 3852 4332 im Saale sichtbar, wo sie Vorbereitungen für das Spiel zu treffen
825 4302 3859 4525 schienen. Was hat das alles zu bedeuten? fragte sich Casanova, der
829 4503 3727 4760 allein im Garten stand. Halten sie mich für reich? wollen sie
