4216 5320
707 547 3631 841 Geduld und seine Vorsicht, wo waren alle seine Lebenspläne hin,
715 749 3685 1044 wenn ein neues Liebesabenteuer lookte? Frauen »Frauen überall.
700 940 3540 1185 Für sie hatte er alles hingeworfen in jedem Augenblick; für
730 1154 3715 1368 edle, wie für gemeine, für die leidenschaftlichen wie Für die kal-
742 1288 3685 1556 ten; für Jungfrauen und für Dirnen; - für eine Nacht auf einem
738 1468 3601 1701 neuen Liebeslager waren ihm alle Ehren dieser und alle Selig-
1663 1670 2064 1762 muner
749 1640 3662 1900 keiten jener Welt jederzeit feil gewesen.- Doch bereute er, was
757 1781 3765 2064 er durch dieses ewige Suchen und Niemals- oder Immer-Finden, durch
753 2026 3773 2240 dies irdisch-überirdisch Fliehen von Begier zu Lust und von Lust
2343 2144 3020 2267 haber mortle!
753 2148 3708 2427 zu Begier sonst im Dasein etwa versäumt hatte? Nein, er bereute
3459 2290 3884 2416 Lynicht.
2997 2347 3184 2427 min
768 2339 3738 2626 nichts. Er hatte sein Leben gelebt wie keiner;/er lebte es noch
784 2534 3570 2764 heute in seiner Art. Ueberall noch gab es Weiber auf seinem
772 2745 3589 2928 Weg: wenn sie auch nicht mehr gerade toll um ihn würden wie
795 2852 3738 3104 einstmals - Amalia?- er konnte sie haben, wann er wollte, in die-
780 3066 3731 3295 ser Stunde, in ihres betrunkenen Gatten Bett;- und die Wirtin in
807 3245 3643 3517 Mantuä - war sie nicht verliebt in ihn wie in einen hübschen
803 3429 3704 3650 Knaben, mit Zärtlichkeit und Eifersucht?- und die blatternarbi-
791 3616 3650 3819 ge, aber wohlgebaute Geliebte Perottie - hatte sie ihn nicht,
3769 3639 3964 3891 X
803 3780 3715 4040 berauscht von dem Namen Casanova, der die Vollust von tausend
1403 3956 1571 4090 über.
810 3926 3727 4224 (kon) Nächten xxx sie her zu sprühen schien - hatte sie ihn nicht
1823 4132 2041 4239 geneig
822 4105 3696 4339 angebettelt, ihr eine Liebesnacht zu gewähren und hatte er sie
810 4281 3887 4556 nicht verschmäht wie einer, der noch immer nach eigenem Geschmack
822 4472 3868 4744 wählen durfte? Freilich-Marcolina - solche wie Marcolina waren
