4296 5304
3362 524 3804 814 décembre Fé¬
822 622 1417 900 Geist sein."
2258 552 2916 845 erberge, als
1757 618 1984 869 G.C.P.
1538 587 1699 877 D
1221 787 3871 1041 Meiner Ansicht nach, Herr Chevalier, bedeutet das durch-
364 728 853 1037 Selle fête.
1072 951 1562 1061 it folgeri
838 990 3734 1241 aus keinen Widerspruch. Aber Sie werden vor allem zu beweisen
841 1143 3624 1440 haben, dass man Voltaire einen Gottesleugner nennen darf." -
1307 1358 3820 1581 Nun war Casanova in seinem Element. Im ersten Kapitel
939 1472 1100 1593 G.C.F.P.
865 1515 3773 1769 seiner Streitschrift hatte er eine ganze Menge von stellen aus
857 1699 3757 1906 Voltaires Werken, insbesondere aus der berüchtigten Pucelle zu-
2019 1812 2423 1929 besonders
869 1871 3777 2106 sammengetragen, die ihm vernützlich geeignet schienen, dessen Un-
849 2035 3886 2215 gläubigkeit zu beweisen; und die er nun dank seinem vorzüglichen
1374 2176 1796 2301 misamen
873 2203 3851 2470 Gedächtnis mit seinen eigenen Gegenargumenten wörtlich zu zitie-
865 2325 3792 2654 ren wusste. Aber in Marcolina hatte er eine Gegnerin gefunden,
869 2552 3789 2724 die ihm sowohl an Kenntnissen wie an Geisteschärfe wenig nach-
881 2716 3859 3018 gab und ihm überdies, wenn auch nicht an Redegewandtheit, so doch
892 2943 3894 3174 an eigentlicher Kunst und insbesondere an Klarheit des Ausdrucks
881 3072 3890 3358 weit überlegen war. Die Stellen, die Casanova als Beweise für die
881 3299 3781 3522 Spottlust, Zweifelsucht und Gottlosigkeit Voltaires auszulegen
900 3448 3726 3718 versucht hat te, deutete Marcolina gewandt und schlagfertig al
892 3522 4039 3867 obensoviele Zeugnisse für des Franzosen wissenschaftliches schrift-
2669 3742 2853 3843 G.F.P.
1781 3765 2074 3890 sowie
904 3824 3745 4078 stellerisches Gerie, und für sein unermüdlich heisses Streben
900 3980 3734 4262 nach Wahrheit, und eie sprach es ungescheut aus, dass Zweifel,
892 4160 3918 4411 Spott, ja dass der Unglaube selbst, wenn er mit so reichen Wissen,
2618 4278 2994 4387 Et.egebil
892 4333 3929 4595 solch unbedingter Ehrlichkeit und solch hohem Mut verbunden sei,
896 4524 3886 4830 Gott wohlgefälliger sein müssen von Eigennutz und Herrscheucht nicht
