4184 5320
773 449 3769 704 so tief verletzt hatte. Bin ich wirklich so verabscheuenswürdig,
781 663 3693 929 fragte er sich in Angst. Nein, gab er sieh selbst zur Antwort.
2220 864 2410 982 G.C.H.F.P
765 860 3823 1127 Nicht das ist’s. Aber Marcolina, xxx - ist kein weib. Eine Gelehr-
788 1051 3598 1306 te, eine Philosophin, ein Weltwunder meinethalben - aber kein
781 1211 3754 1531 Weib. Doch er wusste zugleich, dass er sich so nur selbst zu be-
2779 1390 3027 1493 G.C.H.F.P.F:P
773 1462 3640 1614 lügen, zu trösten,zu retten versuchte, und dass diese Versuche
3442 1542 3747 1652 G.C.F.F:S
784 1584 3804 1835 vergeblich waren. Olivo stand vor ihnen. „Nun“, meinte er zu Mar-
792 1835 3613 1984 colina, hab' ich das nicht gut gemacht, dass ich dir endlich
788 1927 3648 2178 remanden ins Haus gebracht habe, mit dem sich's so klug reden
784 2090 3632 2319 lässt, wie du's von deinen Professoren in Bologna her gewohnt
2437 2269 2890 2387 dieser
792 2258 3613 2505 sein magst?" - „Und nicht einmal unter denen, liebster Oheim,
803 2490 3777 2700 erwiderte Marcolina,.gibt es einen, der es sich getrauen dürfte,
819 2642 3731 2901 Voltaire selbst zum Zweikampf herauszufordern!" - „Ei, Voltaire?
811 2783 3846 3069 Der Chevalier fordert ihn heraus?“ rief Olivo ohne zu verstehen.
2696 2970 2951 3084 der
803 2989 3667 3233 „Ihre witzige Nichte, Olivo, spricht von meiner Streitschrift,
815 3206 3823 3408 die mich in der letzten zeit beschäftigt. Liebhaberi für müssi-
807 3343 3701 3579 ge Stunden. Früher hatte ich Gescheidteres zu tun". Marcolina,
3434 3488 3636 3590 noch
803 3495 3819 3773 ohne darauf zu achten, bemerkte:. Sie werden eine angenehme kühle
803 3762 3781 3971 Luft für Ihren spaziergang haben. Auf Wiedersehen". Sie nickte
807 3926 3823 4074 kurz und eilte über die Viese dem Hause zu. Casanova hielt sich
826 4108 3739 4302 davor zurück ihr nachzusehen und fragte:„Vird uns vrau Amalia
2018 4226 2479 4360 sont aussi dans la
826 4299 3815 4459 begleiten?" - „Nein, mein werter Chevalier,“ erwiderte Olivo, sie
2825 4401 3088 4508 chehen
2235 4413 2627 4523 ten sich
826 4417 3804 4763 hat allerlei im Hause zu besorgen und anzuordnen — und jetzt ist
