4120 5256
3456 296 3704 566 143
761 660 3678 885 tel von seinen Schultern gleiten und stand nun da wie Lorenzi,
787 832 3715 1046 schlank und naekt. Lorenzi senkte den Degen zum Gruss nach den
776 997 3782 1252 Regeln der Fechtkunst, Casanova gab den Gruss zurück; im nächsten
780 1200 3648 1376 Augenblick kreuzten sie die Klingen und silbernes Morgenlicht
791 1376 3663 1597 spielte glitzernd von Stahl zu Stahl. Wie lang ist es nur her,
787 1522 3659 1777 dachte Casanova, seit ich zum letzten Mal einem Gegner mit dem
780 1717 3636 1931 Degen gegenübergestanden bin? Doch keinesseiner ernsthafteren
791 1867 3708 2111 Duelle wollte ihm jetzt einfallen, sondern nur die Fechtübungen,
791 2058 3711 2227 die er vor zehn Jahren noch mit Contra, seinem Kammerdiener, abzu-
783 2231 3715 2463 halten pflegte, dem Lunpen, der ihm später mit hundertfünfzigtau-
802 2414 3603 2587 send Lire durchgegangen war. Immerhin, dach te Casanova, er war
798 2553 3614 2793 ein tüchtiger Fechter, und auch ich habe nichts verlernt!gein
810 2767 3782 2954 Arm war sicher, seine Hand war leicht, sein Auge blickte so scharf
802 2973 3633 3111 wie je. Eine Fabel ist Jugend und Alter, dachte er... Bin ich
791 3126 3614 3261 nicht ein Gott? Wir beide nicht Götter? Wer uns jetzt sähe?-
802 3303 3715 3490 Es gäbe Damen, die sich’s was kosten liessen.. Die Schneiden bo-
795 3490 3663 3655 gen sich, die spitzen flirrten; nach jeder Berührung der Klin-
806 3621 3704 3865 gen sang es leise in der Morgenluft nach. Ein Kampf? Nein, ein
802 3835 3655 3974 Turnier... Warum dieser Blick des Entsetzens, Marcolina? sind
810 4004 3767 4184 wir nicht beide deiner Liebe wert? Er ist nur jung, ich aber bin
817 4184 3629 4367 Casanova!... Da sank Lorensi hin, mit einem Stich mitten ins
798 4337 3756 4551 Herz. Der Degen entfiel seiner Hand, er riss die Augen weit auf,
810 4528 3824 4783 wie im höchsten erstaunen, hob noch einmal das Haupt, seine Lippen
