4120 5272
2092 204 2496 358 ' ̃ 1  =  =
3359 324 3574 550 92
2138 362 2315 607 FJ
648 543 3555 844 zen liebte,- eine gelehrte Korrespondenz mit dem berühmten Sau¬
664 841 3691 1022 grenue in Paris unterhielt; und er schalt sich zugleich ob dieser
671 1029 3615 1214 lächerlichen Trägheit seiner Phantasie. Hatte er nicht
675 1210 3619 1387 schon unzählige Male erfahren, dass in jedes wahrhaft lebendigen
682 1338 3676 1546 Menschen Seele nicht nur verschiedene, dass sogar scheinbar feind-
1387 1497 1719 1625 aif die
671 1531 950 1647 liche
679 1523 3521 1715 zwisc Elemente in friedlichste Weise darin zusammenwohnten?
682 1734 3604 1893 Er selbst, vor kurzem noch ein im Tiefsten aufgewühlter, ein ver-
671 1885 3619 2051 zweifelter O/ein xxx bösen. Tun bereiter Mann; war er jetzt
675 2085 3574 2266 nicht sanft, gütig und um zu so lustigen Spüssen aufgelegt, dass
1742 2179 2228 2319 moucturer
694 2175 3480 2424 die kleinen Töchterée sich vor Lachen schütteln wollten?
694 2420 3525 2582 Nur an seinem ganz ausserordentlichen, fast tirerischen Hunger,
701 2624 3529 2782 der ihn immer nach starken Aufregungen zu überfallen pflegte,
694 2775 3540 2937 erkannte er selbst, dass die Ordnung in seiner Seele noch kei-
701 2990 2153 3148 neswegs völlig hergestellt war.
1161 3148 3525 3284 Mit dem letzten Gang zugleich brachte die Magd ein
709 3306 3593 3506 Schreiben, das ein Bote aus Mantua soeben für den Chevalier ab-
713 3514 3619 3661 gegeben hatte. Olivo, der merkte, wie Casenova vor Aufregung er-
709 3672 3589 3853 blasste, gab Auftrag, dem Bote Speise und Trank zu reichen, dann
705 3849 3593 4026 wandte er sich an seinen Gast mit den Worten: „Lassen Sie sich
701 4019 3710 4158 nicht stören, Chevalier, lesen Sie ruhig Ihren Brief".- „Mit Ihrer
709 4121 3710 4377 Erlaubnis“, erwiderte Casanova, erhob sich, mit einer leichten Ver-
724 4283 3634 4535 neigung zu den Gedrigen, vom Tisch, trat ans Fenster und öffnete
705 4460 3608 4739 das Schreiben mit gut gespielter Gleichgültigkeit. Es kam von
