4216 5304
1648 253 1995 407 "    "  "
2885 272 3092 475 „ „
807 256 1735 486 Monsieur le précédier de la plus â ?
3485 264 3688 536 111
754 524 3639 815 auch die Rieardis näherten sich und der Abbate schien sich zu
766 769 3696 1007 einer Anrede entschliessen zu wollen; da fuhr es durch Lorenzi
762 965 3700 1158 Glieder wie ein kurzes Beben; eine gebieterisch unwillige Bewe-
762 1135 3783 1358 gung wehrte jeden Versuch einer Einmischung ab und mit einem hör-
762 1309 3760 1520 lichen Neigen des Kopfes verliess er ohne Haat den Raum. Im sel-
762 1520 3685 1701 ben Augenblick erhob sich Casanova, der indess das Gold, das vor
777 1701 3692 1874 ihm lag, in ein Seidentuch zusammengerafft hatte, und folgte ihm
781 1901 3590 2014 auf den, Fuss. Er fühlte, ohne die Mienen der Andern zu sehen,
766 2048 3734 2202 dass sie alle der Meinung waren, er beeile sich nun dasjenige zu
766 2233 3790 2372 tun, was sie die ganze Zeit über von ihm erwartet, und würde Loren-
766 2399 3104 2587 zi die gewonnene Geldsumme zur Verfügung stellen.
1245 2546 3658 2689 In der Kastanienallee, die vom Hause zum Tore führte,
762 2708 3685 2904 holte er Lorenzi ein und sagte in leichtem Ton: „Würden Sie mir
784 2904 3624 3066 erlauben, Herr Leutenant Lorenzi, mich Ihrem Spaziergang anzu-
784 3062 3775 3232 schliessen?“ Lorenzi, ohne ihn anzusehen, erwiderte in einem hoch-
1904 3198 2116 3315 ganz
781 3243 3703 3458 mütigen, seiner Lage kaum angemessenen Ton: „Wie's beliebt, Herr
784 3421 3688 3583 Chevalier; aber ich fürchte, Sie werden in mir keinen unterhal-
792 3575 3817 3817 tenden Gesellschafter finden".- .Sie, Leutehant Lorenzi, vielleicht
792 3805 3798 3986 einen umso unterhaltenderen in mir“, sagte Casanova, und wenn Sie
792 3990 3752 4179 einverstanden sind, nehmen wir den Weg über die Weinberge, wo wir
784 4080 3669 4337 ungestört plaudern können". Sie bogen von der Fahrstrasse auf
792 4326 3722 4526 denselben schmalen Pfad ein, den, die Gartenmauer entlang, Casano-
792 4484 3752 4771 va Tage vorher mit Olivo gegangen war. „Sie vermuten ganz rich-
