4216 5304
3185 261 3405 489 1/1
814 657 3756 911 drücklich zu verstehen geben; da übrigens der Gatte nichts da-
814 840 3816 1120 gegen einzuwenden finde, könne man sich als Unbeteiligter gleich-
818 1064 1904 1311 falls dabei beruhigen.
1307 1217 3820 1486 „Ob der Marchese so einverstanden ist,wie Sie zu glau-
833 1367 3622 1673 ben scheinen, Olivo,“ sagte Casanova, möchte ich bezweifeln.
829 1546 3775 1788 Haben Sie nicht bemerkt, mit welchem Gemisch von Verachtung und
840 1762 3816 1986 Grimm er den jungen Menschen behandelt? Ich möchte nicht darauf
851 1927 3009 2162 schwören, dass die Sache ein gutes Ende nimmt.
1329 2072 3779 2319 Auch jetzt rührte sich nichts in Marcolinens Antlitz
874 2285 3659 2505 und Haltung. Sie sohien an dem ganzen Gespräch über Lorenzi
862 2472 3827 2666 nicht den geringeten Anteil zu nehmen und sich still am Anblick
870 2595 3853 2838 der Landschaft zu erfreuen. Man fuhr eine in zahlreichen Windun-
874 2819 3756 3036 gen sanft ansteigende Strasse durch einen Wald von Oliven und
877 2965 3760 3218 Steineichen; und da man eben an eine Stelle kam, wo die Pferde
874 3177 3790 3368 noch langsamer trotteten als vorher, zog es Casanova vor auszu-
892 3301 3827 3555 steigen und neben dem Gefährte einherzugehen. Marcolina sprach
904 3499 3812 3730 von der schönen Umgebung Bolognas und von den Abendepasiergän-
881 3723 3876 3932 gen, die sie mit der Tochter des Professors Morgagni zubunternah-
892 3857 3835 4096 men pflegte. Auch erwähnte sie ihre Absicht,nächstes Jahr nach
900 4040 3764 4256 Frankreich zu reisen, um den berühmten Mathematiker Saugrenue
911 4193 3846 4428 von der Pariser Universität, mit dem sie in Korrespondenz stehe,
900 4376 3827 4604 persönlich kennen zu lernen. Vielleicht mache ich mir das Ver-
915 4600 3906 4817 gnügen", sagte sie lächelnd, „mich auf dem Vog in pernen aufzuhal-
