4280 5272
3534 277 3811 503 34
2981 230 3211 440 rauen i
908 510 3869 783 te, dass sie auf dem Land überhaupt nicht regelmässig zu arbei-
923 717 3896 970 ten pflege, doch könne sie’s nicht hindern, dass gewisse mathema-
892 892 3916 1173 tische Probleme, mit denen sie sich eben beschäftige, ihr auch in
916 1079 3826 1305 den Ruhestunden nachgingen, wie es ihr eben jetzt begegnet sei,
931 1216 3924 1535 während sie auf der Viese gelegen war und zum Himmel aufgesehen
927 1426 3830 1671 hatte. Doch alle Casanova, durch ihre Freundlichkeit ermutigt,
951 1629 3916 1843 sich scherzend erkundigte, was denn dies für ein hohes und dabei
935 1851 3924 2010 doch zudringliches Problem gewesen sei, entgegnete sie etwas spöt-
947 2007 3920 2217 tisch, es habe keineswegs das allergeringste mit jener berühmten
931 2162 3896 2369 Kabbala zu tun, in der der Chevalier von Seingalt,wie man sich
1340 2326 1823 2427 beelerten der
943 2330 3908 2536 erzähle, so Gnosses leiste, und so würde er kaum viel damit anzu-
931 2478 3877 2751 fangen wissen. Es ärgerte ihn, dass sie von der Kabbala mit so
939 2688 3764 2934 unverhohlener Ablehnung sprach, und obwohl ihm selbst, in den
947 2844 3966 3078 freilich seltenen Stunden innerer Einkehr bewusst war, dass jener
955 3035 3885 3285 eigentümlichen Mystik der Zahlen, die man Kabbala nennt, keiner-
943 3187 3818 3460 lei Sinn und keine Berechtigung zukäme, dass sie, in der Natur
939 3362 3947 3592 gewissermassen gar nicht vorhanden, nur von Gaunern und Spasema-
962 3553 3955 3803 chern - welche Rolle er abwechselnd, aber immer mit Ueberlegen-
951 3674 4083 3990 heit spielte - zur Naaführung von Leichtgläubigen und Toren be¬
958 3877 3885 4138 nützt werde, so versuchte er jetzt doch gegen seine eigene
2887 4056 3394 4173 thi Rebbata
935 4107 3908 4344 bessere Ueberzeugung Marcolinen gegenüber als vollgiltige und
970 4274 3982 4488 ernsthafte Wissenschaft zu verteidigen. Er sprach von der gött-
958 4477 4029 4683 lichen Natur der Siebensahl, die sich so schon in der Heiligen
347 4426 507 4703 o
