4200 5320
3494 315 3685 502 120
739 529 3681 918 an den Knisen des Vaters, desen Finger zärtlich in ihren Locken
3449 705 3696 810 en zu
757 806 3681 1038 ruhten; und als Casanova sich näherte, grüsste ihn aus ihren Au-
761 937 3689 1207 gen keineswegs ein Blick lüsternen Einverständnisses,wie er un-
776 1136 3715 1398 willkürlich ihn erwartet, sondern ein offenes Lächeln kindlicher
776 1323 3659 1563 Vertrautheit, als wäre, was zwischen ihr und ihm vor wenig Stun-
2999 1413 3205 1529 G.C.H.F.S
780 1500 3756 1796 den erst geschehen, auch nichts anderes gewesen als ein nichtabe-
3329 1563 3678 1698 3o 2e 2 e m2
791 1676 3633 1912 deutendes Spiel. In Olivos Zügen leuchtete es freundlich auf,
798 1766 3708 2103 und auch Amalia nickte dem Herantretenden dankbar herzlich zu.
810 1942 3824 2275 Sie empfingen ihn, Casanova konnte nicht daran zweifeln, wie jeman-
978 2051 1196 2189 beide
817 2088 3786 2474 den, der eben eine edle Tat begangen, aber der zugleich erwartete,
825 2302 3704 2639 dass man aus Peingefühl vermeiden würde ihrer mit einem unver-
847 2489 3719 2808 Worte Erwähnung zu tun. „Bleibt es wirklich dabei," fragte
836 2639 3726 2969 Olivo, dass Sie uns schon morgen verlassen, mein teuerer Cheva-
836 2800 3794 3160 lier?"- „Nicht morgen“,erwiderte Casanova, sondern - wie gesagt
2658 2995 2890 3115 nein
851 3074 3648 3348 schon heute Abend." Und als Olivo eine/###te Einwendung er-
851 3209 3756 3479 haben wollte, mit einem bedauernden Achselzucken: „Der Brief, den
881 3404 3648 3648 ich heute aus Venedig erhielt, lässt mir leider keine andere
866 3565 3738 3831 Entscheidung übrig. Die an mich ergangene Aufforderung ist in
2212 3730 2414 3846 eme
873 3764 3775 4000 jedem Sinne so ehrenvoll, dass jede Verzögerung meiner Heimkehr
896 3906 3827 4202 eine arge, ja eine unverzeihliche Unhöflichkeit gegenüber meinen
3258 4026 3741 4142 nden Rock-
881 4086 3846 4379 hohen Gönnern bedeuten würde.“ Zugleich bat er um die Erlaubnis
2857 4214 3213 4330 Malt, Lor.
911 4244 3760 4622 sich jetzt zurückziehen zu dürfen, um sich für die Abreise be-
2958 4386 3614 4510 nander noch ein
888 4469 3726 4828 reit zu machen und dann die letzten Stunden seines Hierseins
3468 4566 3636 4671 sin
