4200 5320
838 557 3819 855 auch die Stunde, in der sie die Mädchen zu unterrichten pflegt".
838 751 3720 1045 .Was für eine tüchtige, brave Hausfrau und Mutter! Sie sind zu
838 929 3716 1177 beneiden, Olivo! -- „Ja, das sag ich mir selbst alle Tage“, ent-
826 1131 3035 1375 gegnete Olivo und die Augen wurden ihn feucht.
1301 1272 3662 1528 Sie gingen die Schmalseite des Hauses entlang. Da
846 1416 3790 1734 Fenster Maroolinens stand offen,wie vorher; aus den dämmernden
859 1627 3732 1924 Grund des Gemacha schimmerte das schleierartige helle Gewand.
855 1887 3761 2114 Durch die breite Kastanienallee gelangten sie auf die grasse,
867 2064 3745 2275 die schon völlig im Schatten lag. Langsam gingen sie aufwärts
859 2275 3720 2419 längs der Gartenmauer; wo sie im rechten Winkel umbog, begann
871 2419 3703 2601 das Weingelände. Zwischen den hohen Stöcken, an denen schwere
879 2580 3753 2795 dunkelblaue Beeren hingen, führte Olivo seinen Gast zur Höhe,
1482 2741 2143 2890 betaglich.
842 2766 1433 2903 und deutete
879 2799 3798 2989 von mehr mit einer zufriedenen Handbewegung nach seinem Hause
879 2886 3865 3138 zurückwortete, das nun ziemlich tief unter ihnen lag. Im Fenster-
892 3047 3745 3303 rahmen des Turmgemacha glaubte Casanova eine weibliche Figur
904 3291 2477 3522 auf und nieder schweben zu sehen.
1358 3377 3819 3670 Die Sonneheigte sich dem untergang zu; aber noch war
950 3580 3926 3860 es heim genug. Ueber Olivos Vangen rannen die Schweisstropfen,
912 3803 4017 4034 während Casanovas glirne vollkommen trocken blieb. Allmählig weiter
495 3943 3815 4232 nach abwärts schreitend kamen sie auf üppigen Wiesenland. Von
3373 4100 3708 4224 Lorenz I
925 4145 3745 4385 einem Olivenbaum zum andern rankte sich das Geäst der Reben,
2225 4327 2399 4438 sch
908 4376 3848 4579 zwischen den Baumreihen wagten sich die hohen gelben Aehren.-
2366 4488 2845 4608 me
892 4463 3844 4822 „Begon der Sonne“, sagte Casanova/in anerkennender—fen, in tau¬
