4280 5288
890 420 3897 678 Anrede zu bedienen) so grausam sei die Einladung eines wiederge-
878 639 3921 859 fundenen alten Freundes auszuschlagen, aus dem lächerlichen Grun-
893 859 3844 1040 de, weil er heute, und durchaus gerade heute. von Mantua wieder
905 1017 3790 1275 abreisen müsse. Die befremdete Miene der Wirtin belehrte ihn
901 1152 3797 1413 sofort, dass diese von Casanovas Ansicht bisher nichts gewusst
905 1344 3847 1556 hatte, und Casanova hielt es daraufhin für angebracht, zu erklä-
909 1479 3855 1772 ren, dass er den Reiseplan zwar nur vorgeschützt, um nicht der
909 1710 3847 1945 Familie des Freundes durch einen so unerwarteten Besuch lästig
905 1899 3778 2130 zu fallen; tatsächlich aber sei er genötigt, ja verpflichtet,
920 2072 3890 2276 in den nächsten Tagen eine wichtige schriftstellerische Arbeit
932 2214 3928 2453 abzuschliessen, wofür er sich keinen geeigneteren Ort wüsste als
924 2376 3874 2680 diesen vorzüglichen Gasthof, in dem ihm ein kühles und ruhi-
924 2546 3944 2823 ges Zimmer zur Verfügung stände. Darauf beteuerte Olivo, dass sei-
932 2800 3936 2989 nem bescheidenen Haus keine grössere Ihre widerfahren könne, als
940 2965 3801 3197 wenn der Chevalier von Seingalt dort sein Verk zum Abschluss
936 3120 3917 3366 brächte; die ländliche Abgeschiedenheit könne einem solchen Un-
944 3339 3917 3532 ternehmen doch nur förderlich sein; an gelehrten Schriften und
936 3485 3986 3713 Hilfsbüchern, wenn Casanova solcher benötigte, wäre auch kein Man-
944 3663 4040 3909 gel; da seine, Olivos Nichte, die Tochter seines verstorbenen Stief
932 3840 3917 4102 bruders, ein junges, aber trotz ihrer Jugend schon höchst gelehr-
963 4017 3897 4240 tes Mädchen, vor wenigen Wochen mit einer ganzen Kiste voll Bü-
951 4163 3986 4433 chern bei ihnen eingetroffen sei;- und wenn des Abende gelegent-
951 4367 3921 4602 lich Gäste erschienen, so brauchte sich der Herr Chevalier wei-
944 4518 4017 4853 ter nicht um sie zu kümmern; es soi denn, dass ihm nach des Tages
