4200 5288
3383 358 3615 545 55
1117 484 3642 740 „Ich konnte dem König diese Mühe ersparen“, erwidert.
702 755 3604 965 Casanova ruhig,, und hoffe, dass Sie, Leutenant Lorenzl, sich mit
732 877 3699 1117 einer Erklärung zufrieden geben werden, gegen die der Bürgermeis-
732 1072 3718 1293 ter von Nürnberg nichts einzuwenden hatte, dem ich sie bei einer
732 1285 3680 1457 im übrigen gleichgiltigen Gelegenheit vorzutragen die ghre hat-
751 1396 2509 1537 „Unch da die an dieser in Spannung schwiegen“
728 1430 3669 1682 te. Das Alphabet ist bekanntlich allgemeines gut. Ich habe mir
732 1613 3760 1831 eine Annahl Buchstaben ausgesucht, die mir gefallen, und mich zum
721 1762 3604 2025 Edelmann gemacht, ohne einem Fürsten verpflichtet zu sein, der
736 1953 3760 2216 meine Ansprüche zu würdigen kaum im Stande gewesen wäre. Ich bin
740 2105 3688 2338 Casanova Chevalier von Seingalt. Es täte mir leid um Ihretwil-
736 2342 3692 2582 len, Leutenant Lorenzi, wenn dieser Name Ihren Beifall nicht fin-
744 2513 3646 2700 den sollte. “-.5eingalt - ein vortrefflicher Name“, sagte der
755 2658 3722 2879 Abbate und wiederholte ihn ein par Mal, als schmeckte er ihn mit
767 2818 3593 3055 den Lippen nach.- „Und es gibt niemanden auf der Velt“, rief
751 3028 3638 3257 Olivo aus, der sich mit höherem Rechte Chevalier nennen dürfte
770 3200 3760 3459 als mein edler preund Casanova!"- „Und sobald Ihr Ruhm, Lorenzi",
759 3356 3737 3554 fügte der Marchese hinzu, so weit erschallen sollte, als der des
755 3573 3692 3783 Herrn Casanova, Chevalier von seingalt, werden wir nicht zögern,
770 3711 3696 3917 wenn es Ihnen so beliebt, auch Sie Cheval der zu nennen". - Casa-
770 3921 3707 4161 nova, ärgerlich über den unerwünschten Beistand, der ihn von al-
778 4077 3840 4298 len Seiten wurde, war oben im Begriffe sich ihn zu verbitten,
778 4222 3806 4496 um seine Sache persönlich weiterzuführen, als aus dem Dunkel des
770 4458 3737 4706 Gartens zwei eben noch anständig gekleidete, alte Herren an den
