4136 5208
3506 359 3728 608 136
814 562 3862 837 während sie mit der Rechten ihr Gewand über der Bru### noch krampf-
795 872 3774 990 hafter zusammenfasste. Casanova erhob sich halb, sich mit beiden
803 1036 3709 1166 Händen auf das Lager stützend und starrte sie an. Er vermochte
811 1155 3717 1327 den Blick von ihr so wenig abzuwenden als sie von ihm. But und
795 1361 3678 1510 Scham war in dem seinen, in dem ihren Scham und Entsetzen. Und
826 1556 3770 1663 Casanova wusste, wie sie ihn sah; denn er sah sich selbst gleich-
814 1732 3621 1927 sam im Spiegel der Luft und xxx erblickte xxx sich so, wie er
822 1889 3743 2095 sich gestern in dem Spiegel gesehen, der im Turmgemach gehangen:
826 2088 3778 2233 ein gelbes böses Antlitz mit tiefgegrabenen Falten, schmalen Lip-
814 2260 3587 2375 pen, stechenden Augen - und überdies von den Ausschweifungen
811 2432 3545 2631 der verflossenen Nacht, dem gehetzten Traum des Morgens, der
795 2600 3793 2818 furchtbaren Erkenntnis des Erwachens dreifach verwüstet. Und was
795 2791 3717 2986 er in Marcolinens Blick las war nicht, was er tausendmal lieber
795 2952 3801 3074 darin gelesen: Dieb - Hüstling - Schurke - er las nur dies eine,
658 3135 3732 3254 das ihn schmachvoller zu Boden schlug als alle anderen Beschim-
784 3334 3763 3453 pfungen vermocht hätten - er las das Vort, das ihm von allen das
784 3506 3617 3613 furchtbarste war, da es sein endgiltiges Urteil sprach: Alter
784 3591 3667 3774 Mann.- Wäre es in diesem Augenblick in seiner Macht gestanden
795 3839 3602 3942 sich durch ein Zauberwort zu vernichten - er hätte es getan,
792 3919 3724 4111 nur um nicht unter der Decke hervorkriechen und sich Marcolinen
780 4156 3782 4286 in seiner Blösse zeigen zu müssen, die ihr verabscheuungswürdigen
2378 4279 2608 4390 aen. I
780 4275 1147 4416 dunken
803 4279 3633 4546 sein musste, als der Anblick einesekelhaften Tieres.-Sie aber,
784 4539 3686 4761 wie allmälig zur Besinnung kommend, und offenbar in den Bedürf-
