4200 5304
2428 376 2693 541 lange
1747 500 3201 768 ich's denn nicht was ist denn
1144 603 1338 834 entre le
657 702 3552 954 sprach, ihre weissen gepuderten Schultern mit dem Blicke strei-
653 871 3494 1173 fend als eine wohlbekannte Probe von nicht minder bekannten
2461 1024 3003 1144 die Manches -
640 1103 3713 1305 hübschen Dingen; noch mehr die Art, wie sie mit halbgeschlosse-
661 1227 3684 1507 nen Lidern lächelnd zu ihm aufsah, konnte auch weniger gefahrene
657 1404 3639 1706 über die Natur der zwischen ihnen bestehenden Beziehungen nicht
665 1598 3639 1879 in Zweifel lassen; sowie auch darüber, dass sie keinen Wert da-
677 1772 3581 2057 rauf legten, sie vor irgend jemandem geheim zu halten. Sie un-
694 1966 3647 2185 terbrachen ihr leises aber lebhaftes Gespräch erst, als sie den
686 2156 2528 2383 Herankommenden schon gegenüberstanden.
760 2305 3647 2519 Olivo stellte Casanova und Lorenzi einander vor. Die
681 2478 3531 2722 Beiden massen sich mit einem kurzen kalten Blick, in dem sie
702 2635 3738 2932 sich gegenseitig ihrer Abneigung zu versichern schienen, dann lä-
714 2784 3738 3118 chelten sie beide flüchtig und verneigten sich, ohne einander die
702 2994 3667 3267 Hände zu reichen, da jeder zu diesem Zweck dem Andern hätte ei-
702 3135 3684 3432 nen Schritt entgegentreten müssen. Lorenzi war schön, von schma-
719 3399 3762 3614 lem Antlitz und in Anbetracht seiner Jugend auffallend scharfen
719 3564 4035 3758 Zügen; xxx im Hintergrund seiner Augen schillerte irgend etwas insondere
727 3713 3734 3994 das den Erfahrenen zur Vorsicht mahnen musste. Nur eine Bekunde
727 3862 3750 4126 lang überlegte Casanova, an wen ihn Lorenzi erinnerte. Dann wuss-
752 4076 3672 4299 te er, dass es sein eigenes Bild war, das ihm, um dreissig Jahre
3073 4204 3696 4444 auch unterhaltungen:
743 4246 2709 4531 verjüngt, hier entgegentrat. xxx
719 4427 3742 4692 Bin ich etwa in seiner Gestalt wiedergekehrt! von
760 4568 3709 4886 er sich xxx. Da müsste ich doch vorher gestorben sein.. Und
