4136 5240
691 511 3521 676 zwingen! Aber dieser schmähliche Plan zank sofort wieder in
691 623 3690 856 sich zusammen, nicht so sehr weil Casanova dessen Schmühlichkeit,
694 811 3686 995 als weil er dessen Zweck- und Sinnlosigkeit gerade in diesem Fall
702 1010 3630 1205 erkennen musste. Was konnten seine Drohungen Marcolina kümmern,
694 1171 3641 1366 die niemandem Rechenschaft schuldig, die am Ende auch, wenn’s ihr
691 1385 3656 1539 darauf ankam, verschlagen genug war, ihn als einen Verläumder und
691 1577 3604 1734 Erpresser von ihrer Schwelle zu jagen. Und selbst wenn sie aus
694 1712 3600 1956 irgend einem Grunde das Geheimnis ihrer Liebschaft mit LorenzI
702 1952 3682 2102 durch ihre Preisgabe zu erkaufen bereit war, (er wusste freilich,
691 2113 3656 2248 dass er etwas erwog, das ausser dem Bereich aller Möglichkeiten
676 2294 3630 2429 lag) musste ein so erzwungener Genuss für ihn, der, wenn er lieb-
691 2421 3596 2624 te, tausendmalheisser danach verlangte Glück zu geben, als Glücke
694 2601 3566 2774 zu empfangen - sich nicht in eine unnennbare Qual verwandeln,
694 2759 3510 2973 die ihn zum Wahnsinn und in Selbstversichtung trieb? Er fand
691 2928 3652 3127 sich plötzlich an der Gartentür. Sie war versperrt. Lorenzi hat
691 3116 3529 3307 te also einen Nachschlüssel. Und wer - fiel ihm nun ein - wan
694 3273 3604 3525 denn durch die Nacht auf trabendem Ross davongesprengt, nachdem
676 3465 3581 3652 Lorenzi sich vom spieltisch erhoben? Ein bestellter Knecht of-
676 3634 3600 3863 fenbar.- Unwillkürlich musste Casanova beifällig lächeln...Sie
694 3821 3637 3994 waren einander würdig Marolina und Lorenzi, die Philosophin und
683 3986 3600 4204 der Offizier. Und ihnen beiden stand noch eine herrliche Lauf-
683 4200 3701 4471 bahn bevor. Wer wird Marcolinens nächster Liebhaber sein? fragte
691 4407 3457 4576 er sich. Der Professor in Bologna, in dessen Hause sie wohnt?
676 4527 3679 4801 Oh, ich Narr. Der war’s ja längst... Wer noch? Olivo? Der Abbate?
