2920 3448
633 360 2492 552 auch die tüchtiesten Adrokäten sich darin
633 528 2408 680 nicht auskennen und dass selbst Fälle, wo
643 659 2440 804 ein Schutz gesetzmässig gewährleistet wer-
678 788 2349 949 de, der Schutz des Aitors an seiner Un-
624 930 2433 1068 kenntnis des Gesetzes und an der Unmög-
629 1036 2487 1199 lickkeit scheitert im Fuslände Prozesse zu
638 1143 947 1297 führen.
650 1286 2429 1421 Alles daskann sich nicht ändern, ehe ein
657 1433 2352 1592 Staches U Klareg Acheberrecht et 1s.
598 1566 2396 1711 tiert, das das deistige Figehtum eben als
643 1709 2419 1847 Eigentum erklärt und den Verüutreuer und
617 1816 2300 1959 Dieb am geistigen Eigentum genau so ge-
608 1945 2338 2099 sellschaftlich ächtet und juridisch be-
601 2073 2480 2239 straft, wie es bei anderen Eigentumsdeliakn
643 2204 1543 2354 likten der Fall ist.
587 2302 2403 2492 Resolutionen,Appelle an die Anständigkeit
617 2468 2349 2648 einzelner Verleger etc.werden nicht dis
575 2585 1351 2768 Geringste ändern.
