3256 3832
562 356 833 551 11.1.1
1140 589 2228 801 ehler unsicherer Stilistik:
559 689 1010 828 Ein häufige
1832 700 2543 841 Moment allwissend
575 754 1791 982 Sie sind bis zu einen gewissen
1710 825 2060 925 geformte
583 858 2535 1058 in Hinsicht auf die von ihnen gesahattena Gestalt
602 974 2521 1229 lwis ein Gott, der sie geschaffen und nach seinem
605 1077 2543 1343 nlten bendes). Bötzlich aber aus Ergond stneus
608 1227 2589 1506 meskinen, stilistischen Grundenspielen sie den män-
499 1357 2608 1661 sotert tnegratorton, liden sis i. S. defos. Modet.
627 1457 2809 1769 dem kursierten Gerüchte über ihn, die auf ihre Verläss-
635 1655 2130 1870 lichkeit schwer zu untersuchen waren.
