2824 3352
1961 288 2156 416 9
1499 374 2317 525 hätte nitht die Be-
1525 532 2372 652 Sinn,den sie heben
1346 660 2369 774 unseren niskussionen nur
652 657 1125 797 wenn wir un
1083 782 2322 881 der Raveg beschränken würden.
779 787 914 896 rha.
361 792 712 925 auf, das 1
353 894 2252 1060 und auf die zahlreichen anderen Fragen nicht
413 1029 2197 1208 inwiesen, die in Zusammenhang damit stehen.
758 1281 2172 1444 Auf welche Weise wird Abhilfe ge-
317 1382 2408 1553 schaffch werden? Ich glaube nicht, dass einfach-
317 1520 2327 1694 durch enn Gesetz des Inhalts, dass des geistige
325 1644 2325 1805 Figentum ohneweiteres der materiellen nurxdans
322 1787 2348 1938 gleichzustellen sei, gründliche Abhilfe geschaf-
330 1943 738 2042 fen wäre.
704 2135 2359 2307 Eine der Schwierigkeiten besteht vor
317 2291 2346 2442 allem därin,dass die Vergehen gegen das geisti-
322 2423 2283 2574 ge Eigentum durcheus Antragsdelikte sind. Der
322 2522 2359 2696 Staatsanwalt, der augunblicklich zur stelle ist,
314 2675 2234 2831 wenn einen Bäcker eine Sammel aus dem Laden,
330 2772 2244 2972 jasogar, wön einen Buchhändler ein Buch aus
