2824 3352
609 371 2355 566 ersenienen sind, jedes urheberrechtlichen
620 554 2249 661 schutzes xn entbehren. Es könnte also
618 652 2281 787 ohneweiters der Fall eintreten, dass ir-
615 769 2204 907 gend ein Vorleser mit der Merk eines-
595 916 2174 1025 Schriftstellers durch die ganze Welt
613 1038 1953 1158 zieht,Millionen damit verdient
2091 1140 2464 1267 Gesetzes
613 1147 1925 1308 der Dichter des Werkes im Sins
572 1292 1312 1439 verhungern darf.
778 1355 2394 1543 Logisch ist das absolut nicht ein--
622 1514 2405 1686 zusöhen, aber fürk in dieser Frage scheint
611 1670 2253 1815 Logik und Rechtsgefühl überhaupt ausge-
620 1781 2410 1919 schaltet zu sein. Wir wissen je alle, dass
622 1907 2412 2052 die sutoren sich ihre Rechte auf Mitbetei
613 2059 2407 2186 ligung an dem Gewinn, der durch ihre Werke
613 2158 2430 2310 erzielt wird, Schritt für Schritt haben er-
634 2296 2362 2459 kämpfen müssen und historisch betrachtet
640 2419 2410 2561 ist es schliesslich kein Wunder, dess ein
618 2529 2339 2679 Stand, der erst seit einigen Jahrzehnten
622 2649 2416 2796 die Einführung der Tantiemen durchgesetzt
622 2767 2434 2903 hat;auch einige Mühe daran wenden wuss, un-
