2920 3416
1191 190 1758 413 Urheberrecht.
713 393 918 544 Dir 1.
1006 376 2422 559 oh. Gesätze und Verträge Iet. der
686 498 2129 659 Künstlar nur schäinbar gesichert:
688 627 2429 793 nie Gesetze sind nicht streng, nicht klar-
757 745 2468 950 mug, die Verträge lassemlücken und sind
723 893 1106 1013 insaitig.
642 1033 1287 1147 Die Verfehlung
1311 998 2656 1206 n,dor. Bötfugliegt in allen
652 1160 1118 1289 Dinzen des
1226 1179 2556 1352 istigen Eigentums weniger:kler.
637 1279 2317 1453 zutäge als in rein reteriellen Dingen.
615 1367 1389 1521 Des Publikun rin
1418 1472 2534 1597 eeereifen, dese einer
625 1540 2519 1684 der ein Buch aus einem laden stiehlt, einge-
615 1655 2576 1860 sperrt wird,als der Verleger, der dieses Buch
627 1811 2417 1968 gedruckt und den Autor nicht bezehlt hat.
623 1899 2534 2112 Den Mann, der das Buch aus dem laden stiehlt.
608 2031 1318 2178 klagt der Staat.
605 2190 2500 2344 Der Autor muss sich sein Recht solhst ver-
596 2302 1035 2466 schaffen.
593 2346 2478 2607 Diebstahl des feistigen Eigantung ist stots
576 2549 2348 2712 nur ain Antragsdelikt. Der Stehlende und
581 2671 2390 2888 betrügende Verleger, Unternehmer, Theater-
576 2810 2471 2983 diraktor bleibt immer noch ein unbescholto-
576 2930 2417 3132 ngr Wonsch, selbst wenn er zirilgerechtlich
557 3066 1758 3247 zur Zahlung verurteilt wird
