3256 3832
239 263 460 460 11
2615 455 2881 613 1524
408 418 653 697 Arar
2294 621 2550 737 weilen
574 645 2655 879 Die Dichtungen sind in einemfnoch vielstieferen
595 834 2571 984 Sinne munschträume als man im Allgemeinen an-
1460 924 1781 1016 risum
597 939 2594 1134 ninnt.Der Nunsch beztolt, sich zumeilen auf das
595 1095 2571 1260 ganze Megen des Dichtess, nicht nur auf irgend
534 1202 2468 1363 ein Ob jokt und gerade bei Richtern von sehr
560 1331 2413 1518 hohem Ränge kann man das bestätigt finden.
1339 1468 1837 1610 ergeskete. Ar
1000 1542 2505 1723 So kannsetn etwas schwindelhäft,ja
558 1608 2634 1847 hochstaplerisch agelegter Litorat immer wieder
1808 1760 1971 1842 etert
539 1792 2550 1960 die innerliche peinigung,die Läuterung seines
574 1905 2565 2110 Holdon zum Thema nehmen, ein anderer, völlig ir
574 2026 2544 2210 sich leschlaesener,egoistischer, ja (im tiksteh
584 2173 2568 2355 Sinnesharter Mensch kann zum Riakterx Geprä-
553 2292 2542 2510 sentattvenspichter des Mitle ids und der Men-
563 2415 2418 2626 schenlgebe werden, und auchein nichter der
513 2544 2629 2758 höchsten Fleganzen, dessen Dichtungen in Purpur,
553 2694 2460 2884 Hammt Relohtümern und Noblesben schwelgt, wird
560 2794 2587 3018 vielleicht im täglichen leben auf das Badezin-
1597 2931 1750 2989 un
539 2931 2652 3163 wor vorzichten, Shno don Nidorornot nur zu merka
