3272 3816
428 360 595 481 Ar
2234 385 2578 595 Luber
686 593 2662 803 Dör Erzähler und sdne legerschaft dürfen nier
636 780 2411 909 mals von der gleichen Atnosphäre umgeben
636 894 2495 1064 seln,so wenig nie der Bühnenautor und sein
681 1031 2522 1200 Publikum. Geradeso nie die Bühne gegenüber
633 1147 2558 1297 den Farkett eine Helt für sich vorstellt, und
636 1289 2652 1451 es immer eine Geschmacklosigkelt, ja sogar eine
628 1416 2659 1578 künstlerische Unanständigkeit bedeutet, rein ei-
610 1527 2543 1730 ne perednliche Verbindung zuischen Publikun
623 1677 2626 1839 und Sohauspieler horgestollt oder auch nur an-
633 1790 2421 1980 gestrabt wird, suenn also zum Exeppel ein.
615 1915 2576 2069 Schauspieler jemanden im Parkett grüsst,wenn
615 2056 2596 2211 er sich durch ein Blinzeln einen fersönlichen
615 2193 2614 2360 Beifall zu kole suchl,so bedeutet es auch ei-
613 2317 2601 2484 de Söhnache das Frzählere, wenn der Autor der-
613 2451 2502 2649 artige Privatverbindungen mit der leser an-
615 2583 1337 2783 zukaupten sucht.
