3256 3816
344 489 565 654 P.i
1807 291 2003 412 4
679 591 2403 828 Eine soltsame Wochselwirkung entwickelt
682 749 2396 942 isich zuweilen zwischen dem Dichter und
679 849 2517 1070 seiner soshalt. Die Gestalt - und das vor
691 982 2424 1200 allem ist es, wodurch sie sich von Figur
707 1128 2463 1312 unterscheidet - gewinnt in, immer höhörem
1561 1240 2603 1379 längere Zeit seit ihrer
670 1275 1561 1466 Masse Elgenleben, 10
726 1363 2447 1584 Erschaffung verflossen ist; der Dichter
742 1470 2536 1703 gorät zu ihr altmählig in die Verhaltnie,
2280 1656 2678 1817 dei Diite
721 1647 2401 1819 wie zueinem nicht von ihm, sondern von
693 1752 2550 1956 Gott geschaffenen Wesen, das mit ihm, unter-
765 1863 2454 2110 gleichen Gesetzen steht und die gleiche
749 2022 2515 2233 irdische Luft atmot. Und von manchen Spa
2452 2091 2587 2189 Ales
772 2105 2645 2368 ziorgang nag er in reinerer und bonkesterer
763 2266 2629 2512 Stimmung heinkähren, wenn ihn eine solche Ge
768 2394 2626 2638 statt von ihm selbst ge schäf fone. Gestalt,
772 2529 2468 2740 als wenn irgend einfstärblicher Monsch
793 2717 1468 2852 ihn begleitete.
