3256 3832
1510 413 1792 528 28
451 359 797 574 Kuod.
723 613 2697 769 Es gibt eins Irt von rechnerischer Phantasie,
695 761 2636 931 die wonn sie auch zuweilen scheinbar dichte
736 882 2520 1049 rischer Produkto hervorzubringen vermag-
736 1013 2595 1184 mit eigentlich dichterischer Begabung: kaum
738 1120 2664 1290 etwas zu tun hat. Was auf solche konstrukti-
769 1256 2512 1413 vemeise entsteht, das wag wohl für eine
731 1369 2794 1566 Weile wie mit künstlichen Flügeln ein paar
736 1505 2607 1687 Zoll breit über dig Erde hin Plattern; nas
633 1631 2677 1815 oin. Merk zum Aimmel himufträgt, das sind in-
738 1766 2597 1954 mernur die ungichtbaren, aber mitgeborenen
736 1892 1754 2077 Schringen des Conies.
