2984 3624
1109 468 2332 691 Tiefe in kunstlorischen Sinn
434 547 1049 686 Als Symbol der
421 662 2534 846 kann weder eine Ptrübe undurchsichtige, wenn auch
434 802 2450 954 bewegte Fläche gelten noch ein bodenloser Ab-
434 931 2526 1091 grund, in den kein Lichtstrahl zu dringen vormag.
439 1062 2397 1214 Nur der ist als Künstler tief, der die rauhen
405 1159 2413 1338 Flächen der Wirklickkeit so glatt und klar zu
418 1301 2445 1477 schleifen weigs,dass sie die Unendlichkeit mit
444 1446 2255 1635 allen Hinreln und Höllen wiederspiegelt.
