3256 3832
653 580 851 719 üort
1186 748 2732 951 In jeder menschlichen Natur stecken
690 835 2556 1028 gewisse Grund-und Urfehler, die gerade beim
688 949 2614 1165 künstler ins Krankhafte aus zuarten und damit
675 1080 2653 1299 se in Schaffen ung ünstig zu beeinflussen und:-
656 1215 2535 1431 die Raxaitatar Ergebnisse dieses Schaffens
651 1323 2651 1563 Musorisch zu machen urrnäganz imstande sind
646 1499 2643 1697 Im Wesen des. Gehies aber liegt ob,dass es die
630 1599 2751 1839 Fähigkeit besitzt, ja dass es geradezu mit Not-:
632 1713 2609 1953 wendigkeit dah in getrieben wird, genade solche
630 1868 2569 2063 Grund-und Irfehler zu Gunsten seines Schaf-
622 2000 1404 2177 fens auszunützen.
