2936 3400
937 427 2423 598 Vor Jahren fand.ienn ich nicht irr
701 561 2423 704 in der Juridischen Gesellschaft, eine En-
704 685 2391 831 quete über. die Fräge des Urheberrechtes
683 787 2404 935 stett. Es wurde damals von Beer-Hofmenn.
685 907 2483 1078 nicht mit Unrecht darauf hingewiesen, dass
701 1061 2416 1211 es eientlich genügen nüsste,das fgeistige
697 1145 2483 1336 Eigentum einfach dem materiellen Eigentum
731 1295 2547 1463 Gleichzusätzen,moxxuxxdanx dass also Ver
699 1412 2501 1585 gehen gegen das geistige Eigentur öbenso
706 1516 2455 1721 als diffanierend zu betrachten seien,wie
722 1668 2402 1830 jede- andere Art von Diebstähl und Reub.
932 1763 2633 1952 "Ganz im Cebenteil steht die sache hau-
725 1920 2374 2079 te so,dass das geistige Eigentum unter-
722 2040 2402 2206 Ausnahmsgesetzen steht, nicht unter Aus-
727 2185 2474 2340 nahrsgesetzen, die zu seinem Schutz erlas-
731 2308 2504 2460 sen worden sind, sondern unterksetzen, die
725 2430 2564 2587 das geistige Bigentum von Fall zu Fall vo-
736 2517 2499 2709 gelfrei sachen. Wie sich ja auch die Rehe
736 2661 2594 2838 zu ihrer Entschuldigung auf einen Paragrach
750 2792 2421 2956 so und so viel unseres Gesetzbuches be-
748 2917 2483 3113 raft, nachden erzählende Werke, die beretts
