2824 3416
499 394 2502 584 der Gesetze, gerichtlicher Verantwortung oder-
522 543 2408 735 Bestrafung heute noch nicht unterliegen und
507 674 2507 845 dass der völlige Mangel an Risiko,dessen sich
512 789 2392 996 die Schuldigen erfreuen, oder mindestens be-
530 948 2446 1099 wusst sein dürfen, keineswegs dazu beiträgt,
520 1063 2436 1242 unsere Hochschätzung für sie zu steigern.
822 1191 2546 1340 Das hier flüchtig berührte Problem des
530 1316 2551 1475 Urheberrechts ist im übrigen allzu kompliziert.
530 1427 2295 1608 als dass ich es innerhalb dieser nur als-
533 1565 2564 1737 persönlich intendierten Erklärung im weiteren
543 1706 2543 1895 Ausmasse aufwollen, könnte und dürfte, ich will
538 1844 2474 2011 für heute nur nochse viel andeuten, dass die-
548 1939 2490 2110 ses problem meines Frachtens(nur auf interna-
543 2103 2466 2251 tionalem Wegé zu behändeln und zu lösen sein
2095 2185 2274 2274 dürf.
668 2195 2072 2303 Mahr scheinlich nur dann hoffen
556 2192 2492 2377 dürfte und dass man die Tarlamente, die Regie
540 2344 2520 2513 rungen, die Allgemeinheit dafür zu interessie-
553 2487 2584 2656 ren, wenn ein nicht unerheblicher Perzentsatz.
551 2607 2454 2787 der aus übersetzten Werken stammenden Ein-
558 2715 2495 2912 künfte (an denen-die Originalautoren bisher
558 2853 2620 3091 nur in goringsten Mass oder gär nicht beteiligt
