2968 3624
1359 477 2217 630 Ihr intweitelt itm.
509 581 2437 709 Ein Humor ist -? Ueberschätzt ihn nicht, meine
1530 692 2449 764 i e et. tede ctrrebia lurt
603 707 2486 880 ieben. Er hat sich (einfach über das von ihm
885 833 1043 890 Rin
514 823 1883 984 selbst geschäffene Geschöpf in:
1975 865 2506 991 ht sehr vor
1648 917 2194 1016 de wollen aee
512 937 2498 1134 nehmer Weise(lustig gemacht, könnte es seinem
529 1073 2493 1226 Schöpfer nur erwidern, wer weiss, ob sich nicht
497 1191 2269 1391 horausstellte, dass os (klüger ist als er.
