3256 3832
290 274 564 454 l2t
487 398 838 598 Rücit.
2199 479 2360 620 r
1444 675 2603 932 rliht virler hinüber geghent.
1488 783 1638 893 vn
747 824 2611 1065 Dor Schaf fende verstcht im 1Algemeinen den
736 952 2542 1184 Nichtkünstler noch viel weniger als der-
722 1062 2739 1284 Nichtkünstler den Schaffen nersteht. Bedeutöt-
716 1206 2573 1425 der Schaffende dem Nichtkünstler gewisser-
705 1355 2567 1557 massen ein framdes Tier und ergibt sich am-
694 1474 2772 1707 Ende darein, dass es auch dergleidhen Käude).
1267 1591 1566 1682 hecinibet
692 1585 2564 1793 auf der Melt gibt, so erscheinen demjenigen.
2202 1759 2600 1848 Gequniett
686 1723 2650 1942 der seine Eristenz auf Produktion gebeut hat,
642 1837 2866 2061 dasden Nesen, dessen Verhänen is (mnchmal der aujeteen
664 1992 2545 2207 Drang ist zu bewahren und zu gestaltenjdie
664 2102 2473 2321 Anderen alle, denen ein solches Verhältnis-
703 2219 2614 2437 aur Melt nicht gegeben ist liggendels unheim
645 2354 2534 2570 liel und gespenstisch.Ein Mensch ohne Phan-
645 2501 2584 2686 tasie und ohne Höffnung siede z.B.ein Koh-
622 2606 2401 2819 lenarboitor und aueh ein Beanter zu sein.
628 2755 2589 2960 pklegt,ist. dem Maschen mkt Hoffnung uyd Phar-
622 2860 2526 3106 fasie, wie wir. den Schaffenden wohl bezeich-
609 3037 2467 3225 nen können, eigentlich so völlig unvorstell
548 3159 2423 3353 bar, dass er kaum begreift, wie jöner nicht
589 3264 2730 3521 an der Unsindzekeit seiner Fristenz zugrunde geten
584 3372 741 3544 145
