<?xml version="1.0" encoding="UTF-8" standalone="yes"?>
<PcGts xmlns="http://schema.primaresearch.org/PAGE/gts/pagecontent/2013-07-15" xmlns:xsi="http://www.w3.org/2001/XMLSchema-instance" xsi:schemaLocation="http://schema.primaresearch.org/PAGE/gts/pagecontent/2013-07-15 http://schema.primaresearch.org/PAGE/gts/pagecontent/2013-07-15/pagecontent.xsd">
    <Metadata>
        <Creator>prov=READ-COOP:name=PyLaia@TranskribusPlatform:version=2.7.0:model_id=50870:lm=none:date=22_01_2024_20:38</Creator>
        <Created>2023-09-27T14:40:00.414+02:00</Created>
        <LastChange>2024-01-22T20:38:52.602+01:00</LastChange>
        <TranskribusMetadata docId="1589062" pageId="60125563" pageNr="2" tsid="145640477" status="IN_PROGRESS" userId="40391" imgUrl="https://files.transkribus.eu/Get?id=WWWHPOMNIUJAGFGBKRJKYSCU&amp;fileType=view" xmlUrl="https://files.transkribus.eu/Get?id=PUVGIYGCDKYHJEFTTMXBBSZA" imageId="48550640"/>
    </Metadata>
    <Page imageFilename="1589062_0002.jpg" imageWidth="3272" imageHeight="3832">
        <ReadingOrder>
            <OrderedGroup id="ro_1711788996433" caption="Regions reading order">
                <RegionRefIndexed index="0" regionRef="tr_1"/>
                <RegionRefIndexed index="1" regionRef="tr_2"/>
            </OrderedGroup>
        </ReadingOrder>
        <TextRegion orientation="0.0" id="tr_1" custom="readingOrder {index:0;}">
            <Coords points="620,198 620,357 769,357 769,198"/>
            <TextLine id="tr_1_tl_1" custom="readingOrder {index:0;}">
                <Coords points="610,350 663,355 695,347 722,350 746,367 768,367 761,241 739,238 710,211 605,214"/>
                <Baseline points="620,298 649,302 679,303 709,301 739,305 769,307"/>
                <TextEquiv>
                    <Unicode></Unicode>
                </TextEquiv>
            </TextLine>
            <TextEquiv>
                <Unicode></Unicode>
            </TextEquiv>
        </TextRegion>
        <TextRegion orientation="0.0" id="tr_2" custom="readingOrder {index:1;}">
            <Coords points="758,782 758,3493 2868,3493 2868,782"/>
            <TextLine id="tr_2_tl_1" custom="readingOrder {index:0;}">
                <Coords points="870,838 1874,846 2048,860 2141,926 2318,894 2476,940 2522,897 2697,906 2690,727 2265,809 1939,739 1371,778 1072,678 865,731"/>
                <Baseline points="883,808 973,808 1064,814 1155,814 1246,820 1337,823 1428,827 1518,830 1609,835 1700,840 1791,844 1882,847 1973,849 2064,852 2154,860 2245,862 2336,865 2427,867 2518,871 2609,874 2700,877"/>
                <TextEquiv>
                    <Unicode>Dragatikerzein helest an den freien Wilf</Unicode>
                </TextEquiv>
            </TextLine>
            <TextLine id="tr_2_tl_2" custom="readingOrder {index:1;}">
                <Coords points="1577,899 1650,914 1762,902 1840,940 1854,928 1927,940 1942,938 1942,860 1898,868 1854,846 1784,872 1725,858 1699,870 1575,843"/>
                <Baseline points="1590,895 1615,897 1641,898 1666,898 1692,898 1717,898 1743,898 1769,898 1794,898 1820,898 1845,900 1871,901 1896,901 1922,900 1948,898"/>
                <TextEquiv>
                    <Unicode>nec et</Unicode>
                </TextEquiv>
            </TextLine>
            <TextLine id="tr_2_tl_3" custom="readingOrder {index:2;}">
                <Coords points="870,991 1322,962 1494,1021 1769,987 2017,1033 2129,1001 2705,1025 2680,921 2634,962 2231,945 2056,863 1840,938 1580,892 1062,906 865,843"/>
                <Baseline points="880,943 971,940 1062,949 1154,949 1245,952 1337,955 1428,958 1520,964 1611,967 1703,970 1794,972 1885,975 1977,983 2068,986 2160,989 2251,993 2343,995 2434,999 2526,1002 2617,1004 2709,1008"/>
                <TextEquiv>
                    <Unicode>len glauben wiean einen Gott. Denn was ist</Unicode>
                </TextEquiv>
            </TextLine>
            <TextLine id="tr_2_tl_4" custom="readingOrder {index:3;}">
                <Coords points="841,1106 1115,1086 1332,1135 1526,1101 1818,1188 1954,1152 2056,1193 2172,1154 2581,1162 2576,1030 2469,1011 2257,1016 2107,1074 1942,1023 1737,1062 1220,962 838,1004"/>
                <Baseline points="853,1068 939,1071 1026,1076 1112,1076 1199,1076 1285,1082 1372,1083 1458,1087 1545,1095 1631,1097 1718,1101 1805,1104 1891,1108 1978,1116 2064,1118 2151,1121 2237,1122 2324,1125 2410,1128 2497,1128 2584,1131"/>
                <TextEquiv>
                    <Unicode>das Dramal-Der Widerstand, der Kampf d.es</Unicode>
                </TextEquiv>
            </TextLine>
            <TextLine id="tr_2_tl_5" custom="readingOrder {index:4;}">
                <Coords points="809,1213 1239,1225 1307,1266 1643,1239 1759,1295 2005,1302 2107,1264 2547,1276 2542,1154 2053,1191 1861,1152 1818,1186 1686,1130 804,1096"/>
                <Baseline points="823,1202 909,1199 995,1199 1082,1207 1168,1211 1255,1211 1341,1214 1427,1221 1514,1224 1600,1226 1687,1230 1773,1233 1859,1235 1946,1244 2032,1247 2119,1247 2205,1252 2291,1253 2378,1256 2464,1259 2551,1262"/>
                <TextEquiv>
                    <Unicode>Einen, des Millens, dieses Einen mit dem</Unicode>
                </TextEquiv>
            </TextLine>
            <TextLine id="tr_2_tl_6" custom="readingOrder {index:5;}">
                <Coords points="2700,1339 2743,1341 2770,1334 2780,1341 2826,1329 2843,1341 2863,1341 2863,1276 2824,1281 2780,1266 2760,1283 2731,1285 2719,1273 2700,1276"/>
                <Baseline points="2712,1310 2738,1307 2764,1307 2790,1307 2816,1307 2842,1307 2868,1307"/>
                <TextEquiv>
                    <Unicode>ertrign</Unicode>
                </TextEquiv>
            </TextLine>
            <TextLine id="tr_2_tl_7" custom="readingOrder {index:6;}">
                <Coords points="843,1339 1439,1405 1589,1361 1691,1405 2083,1385 2236,1429 2340,1392 2709,1470 2705,1327 2430,1259 2141,1310 2095,1273 1414,1298 1186,1232 841,1268"/>
                <Baseline points="856,1328 948,1331 1041,1334 1134,1337 1227,1343 1320,1345 1412,1348 1505,1351 1598,1356 1691,1359 1784,1360 1876,1365 1969,1372 2062,1378 2155,1378 2248,1381 2340,1387 2433,1388 2526,1393 2619,1396 2712,1405"/>
                <TextEquiv>
                    <Unicode>Schiscksal! Was aber ist das Schicksal?ie</Unicode>
                </TextEquiv>
            </TextLine>
            <TextLine id="tr_2_tl_8" custom="readingOrder {index:7;}">
                <Coords points="826,1502 1198,1521 1283,1487 1371,1528 1473,1487 1621,1536 1835,1507 2304,1575 2401,1531 2751,1562 2768,1497 2403,1434 2282,1470 2126,1407 1946,1448 1213,1371 1001,1409 911,1356 821,1378"/>
                <Baseline points="838,1462 934,1459 1031,1464 1128,1468 1225,1470 1322,1474 1419,1480 1515,1483 1612,1489 1709,1490 1806,1494 1903,1497 2000,1498 2097,1504 2193,1508 2290,1511 2387,1519 2484,1521 2581,1522 2678,1525 2775,1533"/>
                <TextEquiv>
                    <Unicode>Suyme, das puadrat, kürz irgend eine Zusanmen:</Unicode>
                </TextEquiv>
            </TextLine>
            <TextLine id="tr_2_tl_9" custom="readingOrder {index:8;}">
                <Coords points="836,1621 2240,1645 2367,1696 2583,1669 2578,1565 2517,1545 2411,1604 2228,1550 1674,1550 1487,1499 1171,1553 833,1507"/>
                <Baseline points="850,1587 937,1590 1024,1593 1111,1598 1198,1600 1285,1605 1372,1608 1459,1610 1546,1614 1633,1615 1720,1617 1807,1623 1894,1627 1981,1629 2068,1633 2155,1638 2242,1641 2329,1644 2416,1650 2503,1653 2590,1656"/>
                <TextEquiv>
                    <Unicode>fgesung aller anderen freien willen,plus</Unicode>
                </TextEquiv>
            </TextLine>
            <TextLine id="tr_2_tl_10" custom="readingOrder {index:9;}">
                <Coords points="809,1735 1176,1735 1310,1798 1548,1757 1623,1803 1825,1769 1917,1813 2012,1774 2415,1779 2714,1832 2707,1667 2554,1711 2087,1640 1898,1682 1567,1655 1504,1694 1373,1614 1254,1684 899,1601 807,1652"/>
                <Baseline points="823,1716 917,1716 1012,1724 1107,1724 1202,1728 1296,1732 1391,1738 1486,1739 1581,1742 1675,1748 1770,1751 1865,1755 1960,1760 2054,1763 2149,1765 2244,1768 2339,1775 2433,1775 2528,1781 2623,1784 2718,1787"/>
                <TextEquiv>
                    <Unicode>den unabänderlichen Naturgegotzen: Natürlich</Unicode>
                </TextEquiv>
            </TextLine>
            <TextLine id="tr_2_tl_11" custom="readingOrder {index:10;}">
                <Coords points="826,1886 846,1888 863,1878 887,1891 902,1876 957,1888 999,1886 999,1750 982,1750 955,1767 938,1759 914,1762 894,1750 877,1752 855,1771 826,1764"/>
                <Baseline points="839,1850 866,1850 894,1849 922,1848 949,1848 977,1850 1005,1853"/>
                <TextEquiv>
                    <Unicode>EIbt</Unicode>
                </TextEquiv>
            </TextLine>
            <TextLine id="tr_2_tl_12" custom="readingOrder {index:11;}">
                <Coords points="1035,1883 1259,1922 1439,1876 1621,1927 1757,1891 2027,1954 2675,1920 2649,1798 2522,1837 2379,1796 2141,1832 1844,1779 1682,1818 1509,1764 1441,1810 1174,1779 1033,1823"/>
                <Baseline points="1047,1859 1128,1858 1210,1862 1291,1863 1373,1867 1455,1868 1536,1871 1618,1874 1700,1879 1781,1883 1863,1883 1945,1886 2026,1892 2108,1894 2190,1897 2271,1899 2353,1902 2435,1904 2516,1910 2598,1912 2680,1918"/>
                <TextEquiv>
                    <Unicode>es stärkerg und schwächere freie Mil.</Unicode>
                </TextEquiv>
            </TextLine>
            <TextLine id="tr_2_tl_13" custom="readingOrder {index:12;}">
                <Coords points="821,2000 1575,2005 1735,2058 1944,2022 2552,2044 2746,2087 2756,1908 2046,1956 1439,1876 1251,1922 816,1876"/>
                <Baseline points="832,1978 928,1979 1025,1984 1122,1985 1218,1989 1315,1995 1412,1999 1508,1999 1605,2003 1702,2009 1799,2013 1895,2016 1992,2020 2089,2023 2185,2026 2282,2027 2379,2032 2475,2035 2572,2041 2669,2044 2766,2050"/>
                <TextEquiv>
                    <Unicode>len. Nur im stärksten ist Gott,aber wir wiesen</Unicode>
                </TextEquiv>
            </TextLine>
            <TextLine id="tr_2_tl_14" custom="readingOrder {index:13;}">
                <Coords points="807,2172 1186,2124 1358,2187 1521,2134 1779,2146 1968,2221 2311,2170 2707,2221 2702,2080 2432,2121 2240,2036 1315,2073 1008,1997 802,2000"/>
                <Baseline points="817,2109 911,2107 1006,2112 1101,2115 1196,2116 1290,2118 1385,2121 1480,2126 1575,2130 1669,2133 1764,2136 1859,2142 1954,2145 2048,2148 2143,2150 2238,2153 2333,2159 2427,2163 2522,2164 2617,2169 2712,2172"/>
                <TextEquiv>
                    <Unicode>nicht wo der stärkste istfda hier der Erfol</Unicode>
                </TextEquiv>
            </TextLine>
            <TextLine id="tr_2_tl_15" custom="readingOrder {index:14;}">
                <Coords points="799,2253 1723,2270 1859,2318 2228,2318 2306,2355 2503,2321 2748,2372 2741,2219 2617,2240 2447,2180 1968,2221 1857,2182 1725,2223 1650,2185 1290,2216 943,2148 797,2165"/>
                <Baseline points="814,2232 910,2235 1007,2241 1104,2244 1201,2251 1298,2252 1395,2253 1491,2259 1588,2263 1685,2265 1782,2269 1879,2271 1976,2277 2073,2278 2169,2290 2266,2289 2363,2289 2460,2292 2557,2295 2654,2298 2751,2300"/>
                <TextEquiv>
                    <Unicode>ko ineswges entscheldet und uns (jedes andere</Unicode>
                </TextEquiv>
            </TextLine>
            <TextLine id="tr_2_tl_16" custom="readingOrder {index:15;}">
                <Coords points="807,2413 999,2374 1103,2413 1679,2394 2022,2464 2199,2415 2338,2459 2381,2425 2537,2445 2503,2318 2308,2352 1810,2296 1562,2343 1470,2272 1334,2257 1135,2328 938,2240 802,2250"/>
                <Baseline points="817,2366 903,2363 989,2369 1075,2371 1162,2375 1248,2375 1334,2378 1420,2383 1507,2384 1593,2389 1679,2392 1765,2396 1852,2403 1938,2403 2024,2406 2110,2408 2197,2408 2283,2414 2369,2420 2455,2423 2542,2429"/>
                <TextEquiv>
                    <Unicode>sichen Kriterium fehlt.Was aber ist zu-</Unicode>
                </TextEquiv>
            </TextLine>
            <TextLine id="tr_2_tl_17" custom="readingOrder {index:16;}">
                <Coords points="780,2515 1089,2593 1239,2547 1422,2573 1716,2530 2705,2595 2724,2525 2408,2471 2226,2496 2124,2440 1599,2479 1460,2401 1210,2386 972,2442 775,2425"/>
                <Baseline points="790,2494 887,2494 984,2497 1081,2501 1178,2505 1275,2508 1372,2512 1470,2515 1567,2518 1664,2518 1761,2528 1858,2530 1955,2539 2052,2539 2150,2542 2247,2544 2344,2545 2441,2551 2538,2554 2635,2555 2733,2560"/>
                <TextEquiv>
                    <Unicode>fall2(offenbar) nur das jenige, was von keinem-</Unicode>
                </TextEquiv>
            </TextLine>
            <TextLine id="tr_2_tl_18" custom="readingOrder {index:17;}">
                <Coords points="792,2654 1706,2654 1798,2705 2182,2743 2556,2722 2552,2612 2267,2586 1956,2627 1725,2571 1543,2605 1256,2549 1084,2590 787,2510"/>
                <Baseline points="805,2626 892,2626 980,2629 1068,2632 1156,2635 1243,2637 1331,2641 1419,2643 1507,2649 1594,2651 1682,2653 1770,2656 1858,2656 1945,2662 2033,2663 2121,2671 2209,2672 2296,2675 2384,2678 2472,2681 2560,2697"/>
                <TextEquiv>
                    <Unicode>Willen,was nicht von einer wenschlichen-</Unicode>
                </TextEquiv>
            </TextLine>
            <TextLine id="tr_2_tl_19" custom="readingOrder {index:18;}">
                <Coords points="778,2775 1142,2770 1317,2826 2260,2812 2449,2860 2663,2833 2683,2743 2019,2736 1929,2700 1278,2724 773,2656"/>
                <Baseline points="790,2757 884,2754 979,2760 1074,2760 1169,2764 1264,2768 1359,2768 1454,2775 1549,2778 1644,2784 1739,2787 1833,2788 1928,2792 2023,2793 2118,2796 2213,2801 2308,2805 2403,2811 2498,2814 2593,2818 2688,2820"/>
                <TextEquiv>
                    <Unicode>Entscheidung abhängig ist. Und das Schicksal</Unicode>
                </TextEquiv>
            </TextLine>
            <TextLine id="tr_2_tl_20" custom="readingOrder {index:19;}">
                <Coords points="773,2897 1072,2933 1159,2901 1215,2938 1652,2914 1878,3011 2024,2950 2134,2986 2219,2938 2398,2979 2564,2957 2586,2877 2233,2826 2044,2867 1626,2799 1319,2829 1152,2777 770,2814"/>
                <Baseline points="787,2885 877,2885 967,2885 1057,2888 1148,2888 1238,2894 1328,2900 1419,2903 1509,2906 1599,2909 1690,2910 1780,2916 1870,2923 1960,2922 2051,2925 2141,2928 2231,2934 2322,2936 2412,2940 2502,2942 2593,2942"/>
                <TextEquiv>
                    <Unicode>gaher ein Gewisch des digenen willens,des</Unicode>
                </TextEquiv>
            </TextLine>
            <TextLine id="tr_2_tl_21" custom="readingOrder {index:20;}">
                <Coords points="865,3091 1397,3038 1720,3091 1920,3055 2136,3106 2372,3123 2520,3079 2649,3113 2726,3086 2722,2933 2172,2991 2024,2950 1871,3011 1638,2994 1531,2938 1215,2982 1004,2909 860,2928"/>
                <Baseline points="877,3020 969,3020 1062,3023 1155,3024 1248,3029 1341,3032 1433,3033 1526,3034 1619,3040 1712,3041 1805,3046 1897,3053 1990,3056 2083,3059 2176,3062 2269,3065 2361,3067 2454,3068 2547,3074 2640,3076 2733,3079"/>
                <TextEquiv>
                    <Unicode>Hens der Andern und des Aufalls.Aber nicht</Unicode>
                </TextEquiv>
            </TextLine>
            <TextLine id="tr_2_tl_22" custom="readingOrder {index:21;}">
                <Coords points="768,3188 1217,3159 1322,3222 2347,3198 2586,3244 2622,3242 2620,3130 2272,3130 2221,3093 1927,3130 1682,3069 1422,3108 1164,3069 765,3096"/>
                <Baseline points="781,3145 873,3145 965,3148 1058,3151 1150,3155 1243,3158 1335,3162 1427,3161 1520,3166 1612,3169 1705,3174 1797,3175 1889,3180 1982,3181 2074,3187 2167,3193 2259,3190 2351,3196 2444,3199 2536,3202 2629,3208"/>
                <TextEquiv>
                    <Unicode>nur der Zufall ist: vorher nicht zu beroch-</Unicode>
                </TextEquiv>
            </TextLine>
            <TextLine id="tr_2_tl_23" custom="readingOrder {index:22;}">
                <Coords points="753,3353 984,3285 1477,3351 1813,3307 2445,3353 2469,3242 2299,3203 1915,3246 748,3203"/>
                <Baseline points="764,3276 849,3276 935,3282 1020,3282 1106,3287 1192,3287 1277,3289 1363,3294 1449,3295 1534,3298 1620,3298 1706,3306 1791,3306 1877,3309 1963,3311 2048,3316 2134,3321 2220,3324 2305,3327 2391,3328 2477,3333"/>
                <TextEquiv>
                    <Unicode>nen, sondern auch die Erscheinungsforden</Unicode>
                </TextEquiv>
            </TextLine>
            <TextLine id="tr_2_tl_24" custom="readingOrder {index:23;}">
                <Coords points="746,3499 943,3472 1142,3526 1215,3489 1300,3528 1470,3470 1528,3485 1526,3366 1439,3327 1210,3315 1067,3356 926,3317 741,3351"/>
                <Baseline points="758,3408 796,3405 835,3405 874,3409 913,3410 951,3409 990,3411 1029,3411 1068,3414 1106,3416 1145,3415 1184,3416 1223,3418 1261,3420 1300,3420 1339,3423 1378,3426 1416,3426 1455,3428 1494,3430 1533,3432"/>
                <TextEquiv>
                    <Unicode>des Froten Mllon</Unicode>
                </TextEquiv>
            </TextLine>
            <TextLine id="tr_2_tl_25" custom="readingOrder {index:24;}">
                <Coords points="1655,3453 2114,3497 2389,3468 2607,3509 2603,3387 2316,3424 2058,3378 1652,3387"/>
                <Baseline points="1668,3432 1715,3435 1762,3438 1809,3438 1856,3438 1903,3440 1950,3444 1998,3445 2045,3446 2092,3445 2139,3450 2186,3452 2233,3452 2280,3456 2328,3458 2375,3458 2422,3458 2469,3461 2516,3461 2563,3464 2611,3458"/>
                <TextEquiv>
                    <Unicode>er nicht in uns selbst</Unicode>
                </TextEquiv>
            </TextLine>
            <TextEquiv>
                <Unicode></Unicode>
            </TextEquiv>
        </TextRegion>
    </Page>
</PcGts>
