2968 3624
541 403 2531 632 "Der Künstler muss bei seine Arbeit auch die
611 551 2554 750 natürlichen frenzen der Aufnahmsfähigkeit in
622 707 2541 881 Rechnung ziehen, die nicht nur für das grosse
619 803 2602 994 Pub likun, sondern auch für den Konner besteht.
627 964 2609 1137 -Es gibt Feisterworke, die, weil das der Künst-
606 1079 2529 1228 ler vergass;minder stark und beglückend wir-
586 1215 2476 1389 kon,als es ihnen schst beschieden wäre. Das
591 1339 2446 1525 sind die werke, die rey der ersten,»bis zur
549 1452 2486 1631 Jetzten ilhe Vollendung sind und genisser-
566 1588 2536 1769 Massen keine Sekunde lang-zu Item ja zur Be-
569 1706 2594 1917 sinnung kommen lassen, in denen der Künstlor:
538 1842 2403 2033 nicht einen stoment lang mit uns gemeinsam
549 1963 1173 2151 sterblich ist.
