3288 3832
548 375 854 553 Kinge
2375 418 2643 573 etint
716 635 2737 823 Der Erzähler und seine leserschaft dürfen nie
678 744 2452 907 mals von der gleichen, Atmosphäre umgeben
681 900 2531 1076 sein,so wenig wie der Bühnenautor und sein
724 1025 2559 1195 Publikum. Goradeso wie die Bühne gegenüber
660 1149 2612 1346 dem Parkett eine Melt für sich vorstellt, und
673 1259 2679 1463 es immer eine Geschmacklosigkeit, ja sogar eine
665 1409 2699 1590 künstlerische Unanständigkeit bedeutet, wenn ei-
645 1542 2556 1736 ne persönliche Verbindung zwischen Publikum
650 1659 2697 1863 und Schauspieler hergestellt oder auch nur an-
645 1799 2419 1985 gestrebt wird, (wenn also zum Exempel ein.
627 1924 2595 2105 Schauspieler jemanden im Pärkett grüsst, wenn
627 2057 2607 2243 er sich durch ein Blinzeln einen persönlichen
622 2184 2653 2352 Beifall zu holen suchtfso bedeutet es auch ei-
612 2309 2605 2493 ne Schwäche des Erzählers, wenn der Autor der-
612 2447 2518 2635 artige Privatverbindungen mit dem Leger an-
609 2592 1333 2742 zuknüpfen sucht.
