2904 3384
2221 249 2363 376 12
837 336 2408 528 Ar unklarsten und für die iutoren an
496 503 2358 631 beschämendsten liegen die Arhoberrechtsver-
499 611 2348 758 hältnisse beim riln. Auf dieser Gebiete ist
479 705 2258 875 das, was wir geistiges Eigentum nennen, an-
479 828 2448 980 schwersten zu fessen. Es wird kaum einen Ein-
476 962 2420 1109 fall,kaur e in sogenanntes cujet geben, von den
469 1079 2345 1216 der Filmunterncner nicht behaupten könnte,
456 1199 2410 1393 dass er es nihht selbst gefunden;aber darauf
476 1324 2418 1468 kommt es hier weniger an. Hier ist es einfach
451 1458 2455 1608 die Honorierurig an sieh, das System der Hono--
464 1590 2281 1752 rierung, gegen das sich die Autorensaufs Ent
454 1717 2428 1864 schiedenste wehren rüssten. Es wird eine Zeit-
449 1820 2353 1982 kommen. - heute ist sie viel leicht noch zien-
451 1969 818 2071 lich fer-
990 1962 2323 2109 in der ran staunen wird,mit wol-
449 2084 2365 2231 ehen sumpen Autoren von den Filmunternehrern
451 2208 2348 2343 im Allgemeinen abgefunden zu werden pflegen,
444 2343 970 2460 und in welch
1064 2345 2311 2480 iis sverhältnis das dem Autor-
439 2463 2375 2627 zugebilligte Honorar mit den sonstigen,zuwei-
606 2585 1097 2714 ungeheueren
1109 2585 2343 2739 Ausgaben steht, das Filme be-
1246 2824 2345 2998 muss das recht des Autors
