2808 3336
462 395 2244 596 wie es beinche auf allen anderen Schrift-
460 532 2333 708 stellerischen Gehietender Fall war, Schritt
460 686 1687 850 für Schritt erkärpft worden.
790 912 2368 1074 In jener bereits vorher erwähnten
606 1021 731 1163 ust
810 1061 2276 1205 erklärte der Justizminister Klein,
885 1151 2224 1322 Besserung aller dieser Zustände
795 1297 2348 1436 h organisation erreicht worden könn-
445 1402 2259 1603 le und dess die sutoren sichbesser organt
455 1590 701 1687 sieren
746 1561 2055 1682 rügsten als es bisher geschah.
917 1682 2174 1831 Nun steht die asche praktisch
447 1809 2184 1988 leider so, dass Organisationen vollkormen
430 1926 2179 2100 wirkungslos bleiben,und jeder faktischen
427 2060 2425 2219 Nacht entbehren, wenn nicht zugleich ein Strekk
437 2199 2182 2356 recht vorliegt, oder vielmehr eine Streik-
430 2321 1019 2473 pflicht. -wl
882 2445 2351 2592 Abgesehen davon, dass der Streikge-
415 2577 2296 2719 danke als solcher in seinen erpressorischen
408 2694 2212 2848 ren danzen jeden freien geistigen Arböiter
398 2806 2214 2992 antipathisch sein dürfte, ist er völlig un-
