2904 3352
1744 449 2343 607 damit gescheh
928 589 1571 706 und ein einzeln.
1663 579 2387 706 Staat die Fragen
1119 701 1448 849 ehtes in
1515 719 2458 849 sinne der Vernunft, der
928 813 2540 987 gkeit zu regeln begänne. Es kann nicht
592 936 2540 1102 ordnung geschaffen werden, bevor der Schütz des
1071 1081 2496 1227 gehtums in allen Länden auf glei-
977 1214 2456 1349 anerkannt, gewährleistet und durch-
525 1214 908 1329 ehe Weis
538 1321 2468 1459 geführt wird. Diejenigen von Ihnen, die Tele-
538 1436 2537 1596 genheit haben, entweder als originalautoren.
477 1558 2527 1747 oder als lebersetzer rit den Verlegern anderer
536 1724 2451 1864 Länder zu verkehren, werden wissen,wie arg es
538 1828 2456 1986 in dieser Hinsicht steht und wie beinahe kei-
523 1963 2331 2129 ne Möglichkeit existiert, in einem fremden
528 2081 2285 2236 Land,selbst mit Hilfe eines Advoktaten, in
525 2218 2489 2359 Streitfällen zu seinen Rechten oder sagen wir
520 2351 2359 2504 einfacher - zu seinen Honoraren zu kömnen.
