2968 3640
309 174 762 365 Urteberckt.
321 441 644 654 Menit
637 646 2498 886 Wir haben schriftsteller von Bedeutung suie
597 806 2488 987 man sich auszudrücken pflegt,nixktxeigent-
595 933 2520 1124 lich nicht schreiben können; und doch können
578 1063 2040 1242 wir sio und müssen 810 als gros30
2072 1095 2437 1254 schrift-
1819 1212 1991 1300 die
676 1205 2476 1393 olkr bezeichnen, da doch ihre einzige Mlög-
962 1288 1148 1388 für 1
580 1327 2461 1504 lichkeit ihr Wesen auszudrücken im Wort be-
563 1486 2459 1631 schlossen ist. Offenbar spüren wir in ihrem
544 1572 2446 1773 sogenannten schlechten Stil dochihren tät-
556 1707 2520 1912 sächlichen guten, und unter dem holperig unge-
526 1849 2459 2042 schickten Gang ihrer sätze hören wir geheim-
524 1966 2378 2179 nisvoll das Rauschön ihne grossen Geistes.
