2968 3640
295 155 740 346 Urbebuuckt
1194 562 1530 663 reprodu-
511 569 2435 785 so gibt est auch rxereduziorende Künstler, die
508 729 2424 905 wie nnux sie ununterbrochen von sich selbst
496 854 1027 1022 die höchste
1131 887 2246 1006 spannung fordern, auch von
841 928 2584 1047 und die unerbitllichste Kontinuitätin
490 1022 2313 1144 Hörer das höchste Mass (von Aufmerksamkeit-
424 1093 2462 1278 beanspruchen. Dieser inspruch bleibt notwendig
478 1235 2488 1408 unerfüllt, die Zxixkungxx dargebrachle Leisturg
490 1362 2374 1530 wird also niemals nach lebühr gewürdigt, der
521 1497 2483 1659 Hörer ist sich dieser Undankbarkeit mehr oder
478 1616 2396 1804 weniger Kär bewuskt, dies macht ihn- unzufrie-
531 1756 2272 1911 den mit sich selbst, auf diesem Nege wird
579 1858 752 1949 wiede
490 1891 2452 2025 er gegen den-rüngtler verstimmt und ungerecht
475 2000 2368 2180 und so hat dieser gerade darum nicht völlig
470 2137 2094 2313 gewirktweilser zu viel gegeben hatte.
