2888 3400
1346 405 1625 564 1r. u. 1.
944 444 1089 578 F7
419 609 2536 807 Inner wieder wird mir aus Amerika berichtet. dass
447 734 2572 916 sich dort Leute als zum Abschluss über eines mei-
441 852 2558 1056 ner Merkesberechtigt ode gar als meine Geueralbe-
447 997 2614 1173 vollmächtigten ausgeben, denen ich Vollmachten sol-
444 1103 2639 1318 cher Art niemals erteilt habe. sowohl den Verlegern
455 1243 2510 1449 Redaktouren, Theaterdirektoren, insbesondere aber
455 1385 2631 1572 mir selbst sind daraus schon manche Unannehmlich.-
464 1494 2689 1703 keiten und Schädigungen erwachsen. Und damit solche
464 1653 2561 1835 Zu Ainkunft vermieden werden, richte ich an alle.
466 1776 2692 1974 Interessenten in Amerika das dringende Ersuchen von
480 1902 2580 2089 Teuten, die mit ihnen in meinem Namen über irgend
472 2033 2667 2209 eines meiner Wörke zu verhandeln oder abzuschlies-
480 2159 2661 2343 sen wünschen, den Vorweis einer von mir ausgestell-
483 2279 2725 2466 ten schriftlichen, auf den speziellen Fall bezügliche
491 2424 2550 2642 Ermächtigung zu verlangen, ehe sie eine meitere
489 2558 2404 2742 geschäftliche Verbindung mit ihnen eingehen.
874 2675 2550 2846 Eine sölche Mahnung erscheint mir unsp
489 2815 2488 2985 aringondor geboten, als ja der Respokt vor dem
503 2935 2631 3175 geistigen Eigentum oder auch nur der richtige Be-
1782 3136 1969 3253 11
