<?xml version="1.0" encoding="UTF-8" standalone="yes"?>
<PcGts xmlns="http://schema.primaresearch.org/PAGE/gts/pagecontent/2013-07-15" xmlns:xsi="http://www.w3.org/2001/XMLSchema-instance" xsi:schemaLocation="http://schema.primaresearch.org/PAGE/gts/pagecontent/2013-07-15 http://schema.primaresearch.org/PAGE/gts/pagecontent/2013-07-15/pagecontent.xsd">
    <Metadata>
        <Creator>prov=READ-COOP:name=PyLaia@TranskribusPlatform:version=2.7.0:model_id=50870:lm=none:date=22_01_2024_20:38</Creator>
        <Created>2023-09-27T14:40:00.518+02:00</Created>
        <LastChange>2024-01-22T20:38:52.756+01:00</LastChange>
        <TranskribusMetadata docId="1589062" pageId="60125567" pageNr="3" tsid="145640479" status="IN_PROGRESS" userId="40391" imgUrl="https://files.transkribus.eu/Get?id=HUVIAZVNVTVUSZXAUKRXEBCO&amp;fileType=view" xmlUrl="https://files.transkribus.eu/Get?id=ATLMMNSWCGICENLKGWRKEYEB" imageId="48550644"/>
    </Metadata>
    <Page imageFilename="1589062_0003.jpg" imageWidth="3256" imageHeight="3832">
        <ReadingOrder>
            <OrderedGroup id="ro_1711788998313" caption="Regions reading order">
                <RegionRefIndexed index="0" regionRef="tr_1"/>
            </OrderedGroup>
        </ReadingOrder>
        <TextRegion orientation="0.0" id="tr_1" custom="readingOrder {index:0;}">
            <Coords points="820,433 820,2415 2748,2415 2748,433"/>
            <TextLine id="tr_1_tl_1" custom="readingOrder {index:0;}">
                <Coords points="1326,586 1362,591 1381,576 1386,586 1422,583 1450,600 1469,588 1491,593 1500,436 1464,441 1457,431 1407,417 1386,419 1355,441 1334,441"/>
                <Baseline points="1345,501 1370,501 1396,499 1421,497 1447,495 1472,495 1498,495"/>
                <TextEquiv>
                    <Unicode></Unicode>
                </TextEquiv>
            </TextLine>
            <TextLine id="tr_1_tl_2" custom="readingOrder {index:1;}">
                <Coords points="833,795 2607,795 2607,726 2269,676 2031,712 1838,669 1586,717 833,662"/>
                <Baseline points="847,758 935,761 1023,761 1112,761 1200,766 1288,766 1377,774 1465,769 1553,772 1642,771 1730,769 1818,771 1907,769 1995,769 2083,771 2172,769 2260,772 2348,774 2437,773 2525,774 2614,772"/>
                <TextEquiv>
                    <Unicode>wirksam ist. AllEs hat seinen Grund,aber</Unicode>
                </TextEquiv>
            </TextLine>
            <TextLine id="tr_1_tl_3" custom="readingOrder {index:2;}">
                <Coords points="829,893 1022,931 1534,898 1750,945 1936,910 2005,955 2260,907 2653,910 2653,838 2438,848 2353,791 2312,829 2005,852 1786,812 1274,843 1143,788 829,831"/>
                <Baseline points="841,892 931,889 1022,889 1113,892 1204,895 1295,895 1386,897 1477,898 1568,896 1659,898 1750,898 1840,898 1931,901 2022,901 2113,901 2204,901 2295,901 2386,901 2477,902 2568,901 2659,904"/>
                <TextEquiv>
                    <Unicode>nicht alles hat seinen Sinn, zum mindesten</Unicode>
                </TextEquiv>
            </TextLine>
            <TextLine id="tr_1_tl_4" custom="readingOrder {index:3;}">
                <Coords points="912,1064 1172,1031 1345,1041 1410,1088 1734,1033 1776,1074 2648,1050 2648,933 2577,976 2417,948 2236,993 1553,912 1469,964 1362,907 1245,972 1091,917 912,922"/>
                <Baseline points="925,1011 1011,1017 1097,1023 1184,1022 1270,1026 1357,1025 1443,1027 1529,1028 1616,1028 1702,1030 1789,1028 1875,1028 1961,1029 2048,1032 2134,1029 2221,1029 2307,1035 2393,1036 2480,1032 2566,1032 2653,1035"/>
                <TextEquiv>
                    <Unicode>nen uns Faspharen. Nehre n wir an, jemänd</Unicode>
                </TextEquiv>
            </TextLine>
            <TextLine id="tr_1_tl_5" custom="readingOrder {index:4;}">
                <Coords points="822,1167 1998,1167 2512,1236 2636,1200 2636,1100 2517,1091 1848,1105 1729,1043 1445,1119 1226,1050 1122,1105 991,1048 822,1074"/>
                <Baseline points="835,1154 925,1149 1015,1151 1105,1151 1196,1151 1286,1154 1376,1154 1467,1154 1557,1154 1647,1157 1738,1159 1828,1157 1918,1157 2008,1160 2099,1160 2189,1160 2279,1160 2370,1161 2460,1160 2550,1160 2641,1154"/>
                <TextEquiv>
                    <Unicode>stolporte über einen Kirschkern, der Farrer</Unicode>
                </TextEquiv>
            </TextLine>
            <TextLine id="tr_1_tl_6" custom="readingOrder {index:5;}">
                <Coords points="912,1300 1436,1350 1622,1295 2150,1355 2674,1307 2674,1243 2553,1222 912,1226"/>
                <Baseline points="925,1280 1012,1280 1100,1281 1188,1283 1276,1284 1363,1286 1451,1286 1539,1289 1627,1289 1714,1289 1802,1289 1890,1289 1978,1289 2065,1289 2153,1291 2241,1289 2329,1294 2416,1295 2504,1293 2592,1292 2680,1292"/>
                <TextEquiv>
                    <Unicode>ner Kirsche angehört, die im vorkgen-Jahr</Unicode>
                </TextEquiv>
            </TextLine>
            <TextLine id="tr_1_tl_7" custom="readingOrder {index:6;}">
                <Coords points="855,1448 1019,1429 1241,1488 1338,1438 1884,1438 2055,1488 2186,1438 2581,1434 2581,1362 2186,1341 2143,1372 2067,1326 1617,1381 1341,1326 855,1329"/>
                <Baseline points="868,1414 958,1408 1048,1411 1139,1411 1229,1414 1320,1414 1410,1417 1501,1417 1591,1420 1682,1417 1772,1417 1863,1418 1953,1420 2044,1420 2134,1423 2225,1423 2315,1420 2406,1421 2496,1421 2587,1420"/>
                <TextEquiv>
                    <Unicode>som Baum fiel und ve rfault ist. Hier ist</Unicode>
                </TextEquiv>
            </TextLine>
            <TextLine id="tr_1_tl_8" custom="readingOrder {index:7;}">
                <Coords points="833,1603 1167,1548 1679,1603 1729,1564 1793,1593 2024,1550 2119,1591 2569,1603 2746,1562 2746,1474 2612,1445 2024,1488 1867,1441 1700,1503 1617,1464 1172,1495 831,1450"/>
                <Baseline points="844,1545 939,1542 1034,1543 1129,1543 1224,1545 1320,1545 1415,1545 1510,1545 1605,1545 1700,1548 1796,1549 1891,1548 1986,1548 2081,1545 2176,1548 2272,1551 2367,1551 2462,1554 2557,1551 2652,1551 2748,1551"/>
                <TextEquiv>
                    <Unicode>alles ausgesehaltet, was nur im Ehtferntostan</Unicode>
                </TextEquiv>
            </TextLine>
            <TextLine id="tr_1_tl_9" custom="readingOrder {index:8;}">
                <Coords points="1069,1710 1803,1676 2548,1710 2548,1641 2372,1586 2305,1626 2103,1588 1631,1619 1507,1567 1367,1631 1069,1567"/>
                <Baseline points="1083,1671 1156,1674 1230,1674 1303,1674 1377,1674 1450,1675 1524,1677 1597,1676 1671,1677 1744,1675 1818,1677 1892,1680 1965,1677 2039,1677 2112,1677 2186,1679 2259,1680 2333,1677 2406,1679 2480,1683 2554,1689"/>
                <TextEquiv>
                    <Unicode>inem nenschlichen Finzelwillen zu-</Unicode>
                </TextEquiv>
            </TextLine>
            <TextLine id="tr_1_tl_10" custom="readingOrder {index:9;}">
                <Coords points="1033,1850 1303,1807 1448,1874 1564,1817 2615,1819 2579,1743 2381,1753 2269,1707 2143,1760 1950,1710 1860,1762 1714,1760 1474,1679 1367,1731 1033,1717"/>
                <Baseline points="1047,1802 1125,1802 1204,1803 1282,1806 1361,1805 1439,1805 1518,1803 1596,1805 1675,1805 1753,1805 1832,1805 1910,1806 1989,1805 2067,1808 2146,1807 2224,1805 2303,1808 2381,1808 2460,1809 2538,1808 2617,1799"/>
                <TextEquiv>
                    <Unicode>inhängt. Trotzden kann es wie täusend</Unicode>
                </TextEquiv>
            </TextLine>
            <TextLine id="tr_1_tl_11" custom="readingOrder {index:10;}">
                <Coords points="807,1955 969,1991 1281,1957 1391,1998 1629,1943 1962,1943 2074,1995 2412,1943 2617,1979 2617,1895 2434,1881 2296,1810 2017,1879 1888,1815 1660,1815 1514,1886 1310,1845 1133,1881 807,1857"/>
                <Baseline points="820,1930 910,1927 1000,1930 1090,1927 1180,1930 1270,1930 1360,1930 1451,1930 1541,1936 1631,1933 1721,1936 1811,1933 1901,1936 1991,1936 2082,1945 2172,1941 2262,1936 2352,1936 2442,1939 2532,1937 2623,1942"/>
                <TextEquiv>
                    <Unicode>andere ähnliche zufälle schicksat dorden.</Unicode>
                </TextEquiv>
            </TextLine>
            <TextLine id="tr_1_tl_12" custom="readingOrder {index:11;}">
                <Coords points="1717,2384 1760,2386 1781,2372 1805,2384 1819,2381 1829,2391 1848,2391 1850,2265 1838,2265 1819,2248 1800,2253 1767,2231 1719,2248"/>
                <Baseline points="1730,2384 1760,2384 1791,2383 1822,2381 1853,2384"/>
                <TextEquiv>
                    <Unicode></Unicode>
                </TextEquiv>
            </TextLine>
            <TextEquiv>
                <Unicode></Unicode>
            </TextEquiv>
        </TextRegion>
    </Page>
</PcGts>
