3256 3832
494 501 781 716 Kuvrt
751 998 2715 1235 Der koman ist auf Fülle gestellt, die Novelle
751 1149 1477 1289 auf Schlankheit.
748 1344 2690 1549 Ein Roman von Bedeutung Ist ohne Persönlich-
731 1470 2584 1662 ke it. des Autons überhaupt nicht zu dänken.
731 1591 2603 1796 Für die Noralle gehnügt der Einfall,also ge-
719 1764 2705 1951 wissermassen das Glück des Augenblicks, wie es
697 1855 2603 2055 auch. dem Talent geschenkt ist. Von den Röma-
1035 1961 1830 2062 ertabti uit ube mit it. 1
704 1993 2616 2188 neu bleiben nur diejenigen der wirklichen
739 2100 1223 2260 onies übrig
