2760 3272
533 386 2397 564 Aus der Eingabe von Caron Beaukerchais an
477 533 2341 703 die Nationalverammlung gegen den Urheber-
487 665 2435 830 rechtsraub der Theaterdiraktoren (23 Dezember
477 805 744 949 1781)
500 914 2226 1089 Der geistige Arbeiter,Ende Kai 1925).
487 1033 2485 1203 Einen sochen Direktor sagte ich eines Tages:
493 1168 2498 1338 Wenn die zeiten so schlecht sind, dass Sie den
505 1300 2364 1422 Verfasern ihre Herke nicht bezahlen können,
523 1437 2318 1574 (ohne die es allerdings kein Theater gäbe)
495 1528 2442 1698 wie können sie Ihre chauspieler;Dekorataüre,
498 1665 2442 1838 Waler Musiker, Schuhmacher, Beleuchter, Theater-
495 1777 2463 1950 friseure bezahlen. Denn keiner von diesen ist
493 1924 2460 2074 für den prfolg so notwendig als das aufgeführ-
495 2061 2452 2221 te stuck, das sie alle in Nahrungsetzt.-Aber,
485 2196 2498 2353 aber, erwiderte der Direktor, die würden uns mit-
500 2300 2460 2488 Gewalt zwingen zu zahlen: Diese überaus naive
503 2422 2414 2615 Antwort entschied nach meiner uffassung iie
503 2554 2407 2734 Frage.fünfzig schriftsteller auf sich selbst
493 2689 2536 2879 angewlesen, fern von den Orten, an denen man ihr.
500 2810 2414 3016 Gat. plandert,hatten niemals un Gerechtigkeit
