2824 3336
1453 391 2212 533 gebührenden Rechte
590 405 1244 538 ich die anderen
1363 526 2219 689 eben die Mitbeteili
581 522 1318 668 usiehern, wie z.B
544 650 2304 814 gurig an: den rialrren, die Theaterdirakto-
538 787 2276 917 ren und Konzertunternehmer duch Vorlesung
535 894 2372 1043 gen seiner epischen Werke erzielen. Ich er
519 1029 2249 1194 wähne auch p Theaterdirektoren. Denn auf
528 1171 2221 1302 die Gefahr hin, dass Sie mich für einen
522 1279 2237 1441 Querulenten halten, möchte ich ihnen mit-
533 1423 2226 1565 teilen;dass ich vor einigen Wochen zueh
519 1542 2221 1711 gegen eine Direktion in Neutschland die
515 1693 2265 1851 Klage serhoben lebe, die durch eine berühm-
512 1823 2221 1958 le Schauspielerin vor überfülltem Hause
506 1940 2317 2079 die Vorlesung einer Novelle von mir abhal-
522 2056 2219 2162 ten liess, und sich gleichfalls, geradeso
506 2191 2333 2333 wie die Ravag, unter Berufung auf einen Ge-
1777 2313 2363 2457 den 3000 Mk."
503 2315 1729 2457 set zesparagraphen wegert, von
1873 2441 2354 2578 enommen hat,
494 2452 1139 2596 die sie an jen
1960 2576 2326 2727 auszuzah-
1695 2553 1894 2731 onnie
506 2576 1276 2736 der Autor auch nu-
490 2708 892 2869 len
