2952 3416
614 332 2199 573 Urheberrecht und geistiges Eigentur.
619 585 2476 792 Meine Abhändlung, nur kleine Flebnisse, Fol-
631 725 1994 865 gerungen, vielleicht Vorschläge.
778 838 2382 1002 handalt sich hier nicht um das geisti
653 978 2368 1125 Eigentum als Küustwerk,sondern als Ware.
646 1084 2452 1262 selbst. wenn leute finden sollten, der Dich
653 1216 2426 1368 ter sei mit der Freude des Schaffeng genü
658 1344 2315 1508 gand belohnt, ex oder es sei eines Küngt
653 1462 2498 1655 lpre nieht würdig sich mit matoriellen Din-
660 1607 2474 1763 Gr zu befassen oder die Not sei gar. etwas
650 1773 1498 1891 Günstiges für ihn-
655 1872 2382 2033 sie werden mindestens begreifen, dass der
653 1994 2512 2153 Ertrag seiner Schöpfungen, wein schei nicht
658 2125 2515 2255 dem rünstler, doch auch nicht dem Zwischen-
655 2211 2589 2418 händlar, dem. Unternehmer, dem Kaufmann, sondern
660 2392 2421 2604 doch dem ökfentlichen Mohl zuguts lammen
662 2573 976 2676 müsstte.
665 2573 2498 2823 Man pedanke, erst der Künstler macht durch
672 2789 2433 2907 seine Arbeit denen, die vori ihr leben, den
665 2939 1773 3102 Erwerb überhaupt möglich.
