2824 3336
2287 259 2440 369 10
468 388 1033 514 einer Auslage
1075 340 2183 543 gestohlen wird, wird vöttig
2202 345 2589 532 Remeniurs
428 498 2399 639 gleiéhgültig bleiben, wenn er zufällig erfährt,
1573 613 1787 696 eter
401 626 2319 797 dass dieses gleiche Buch nieht nur in seiner
399 765 1768 904 rateriellen Gestalt, von einem n-
1883 757 2271 885 dem Buch
1025 856 2263 952 abiiuif nur heispiotsweise
404 867 2103 1046 händler gestohlen wurde, sondern, dass Ide
2167 928 2381 1065 Verle
412 1006 2429 1182 ger dieses Buches-es unterlassen hat dem Autor-
385 1153 2300 1287 des Ruches se in Honorar zu bezahlen. Er wird
391 1255 2410 1426 sofort, die Anklage erheben, wenn irgendwer z.B.
364 1383 2295 1552 bein Diebstahl eiges Theaterbilléts betreten
372 1517 2359 1699 wird, aber er wird sich nicht in geringsten da-
383 1642 1931 1790 rur kümmern, wenn der Theaterdirektor
1971 1688 2365 1814 vergisst,
353 1782 2333 1937 den Autor die Tantièmen für die Aufführung zu
366 1913 781 2057 bezahlen.
802 2038 2383 2175 Die Forderung, dass auch in einem sol-
366 2159 2276 2333 chen Falle, das Gericht unaufgefordert seines
361 2271 2271 2442 Antes waltet, ist freilich leicht erhobn, aber
356 2389 2426 2592 die technische Durchführung ist eine unendlich
348 2552 856 2710 schwierige.
730 2659 2405 2809 Und hierin, in der Kompliziertheit des
300 2771 2445 2983 geschäftlichen Betriebes, liegt das Hauptproblor,
