3240 3816
723 462 941 651 Mur
1013 695 2764 892 einer ganz bestimmten Cruppe von Litem-
2111 840 2362 921 Gemrili.
852 805 2846 1026 ten ist die Verehrung füreine ganz bestimm-
842 959 2586 1140 te Dreiheit von Bichtern nicht in deren
830 1108 2638 1299 geuialen oder genialischen Plementen, son-
837 1185 2695 1386 dern, in deren ethischen Minderwertigkeiten-
837 1329 1326 1513 begründet.
820 1458 2531 1634 Strindbers, das grösste Cenie unter den:
800 1602 2581 1803 Dreien, vielleicht, das einzige wirkliche,
763 1751 2596 1940 zeigt auch in seinenWerken patkologische
787 1848 2486 2052 hystorische, komödiantische, ja zuweilen-
790 1952 1736 2141 verbröpcherische Züge.
785 2096 2764 2293 Hedekind, insbesondere in seinen schwäche-
777 2228 2576 2424 ren Produkten, weist züge des Philisters-
758 2360 2196 2551 des Pedanten, ja des Pfaffenauf.
763 2511 2618 2717 Peter Altenberg trägt mek als jew Andern
750 2658 2514 2817 in seiner äusseren Fristenz die. Züge des
728 2759 2024 2901 Schwindlers und Hochstaplers.
2066 2856 2690 2983 die ober einalenti
730 2899 2690 3072 Ein sonddrbarer Trugschluss lässt jene Grin-
688 3003 2628 3221 pe von Litoratren in jenen Minderwertigkei.
718 3134 2451 3328 teü den eigentlichen Nährbodenfür das I
897 3316 2479 3482 vermuten, insbesondere verspüred sie
