3096 4232
1591 1217 1742 1388 -4
2513 1329 2783 1477 etot.
777 1357 2358 1472 Einanderer Direktor hat mir nach ein
766 1456 1950 1540 tern folgende Worte gesagt:
777 1556 2595 1683 sie, Herr Beaumarchais, Sie, der reich- Mann,
774 1668 2671 1841 verstehen sie es dann gar nicht, dass man sie
761 1815 2605 1973 als geldgäerig bezeichnen muss, wenn Sie so
670 1940 2638 2085 energisch auf die Honofierung Ihrer Herke-
766 2065 2663 2220 dringenz- Verehrter,erwiderte ich, ner selige
764 2172 2661 2358 Warschall Detrees hatte 209.000 Pfund Rente.
802 2317 2714 2475 Niemale konnte ich von ihm eine Flasche Sil-
764 2452 2763 2620 leri bekommen,ohne ihm im voraus 6 Franken zu
764 2587 2717 2727 bezahlen und kein Hensch hat ihm Habgier oder
759 2714 2605 2862 Angerechtigkeit vorgeworfen. - Und trotzden
774 2852 2635 2956 ist mein -tück vielmehr mein Figen als sein
761 2954 2663 3117 We ingut sein eigen.Deberdies haben Sie eine
759 3094 2681 3244 Ahnung, was ich mit dem Gelde mache? Wenn ich
769 3216 2816 3366 Hilfsbedürftige unterstütze in ich verpflicht1
764 3356 2635 3493 die Herren Ihaterdirektoren meine geheimen
805 3468 2752 3628 Almosenpfleger spielen zu lasen? Und die klei
774 3588 2763 3751 nen Wädchen, deren Beiehte die Herren abnehmen
777 3718 2676 3883 gehören auch sie zu meinen Hilfsbedürftigen?
