2984 3624
513 465 2452 630 is gibt eine Art von rechnierischer Phäntagie,
526 604 2452 777 die zukeilen scheinbar diechterische Produkte
480 736 2496 876 hervorzübringen vermag,die aber yit eigentlich
475 863 2516 1038 dichterischer Begabung kaum etwas zu tun haben
477 982 2498 1155 Wir sehen was da entsteht wohl eine Weile ein
1361 1089 1932 1181 uber gle Etober
485 1122 2437 1318 faar Veter noch über die Erde kinfliagen hin-
472 1226 2445 1417 Plattem wie mit künstlithen Flügeln, doch ist
457 1373 2488 1538 dafür gesorgt, dass man sich zum Himmel auf nur
1163 1472 1571 1574 Hugel beren
470 1508 2039 1670 mit angeborenen zu schnin en vermag.
462 1759 655 1871 sram
