2872 3416
865 501 2307 649 nicht nur im grossen Publikum, son
340 485 841 659 griff davon
838 617 2220 796 in den-Kreisen, die mit Kunst und
364 651 667 780 dern a
388 738 2352 902 Literatur beruflich und geschäftlich zu tun-
382 862 2352 1010 haben, im Ganzen nur mässig entwickelt ist und
393 983 2446 1176 dass die bestöhenden urheberrechtlichen Gesetze
393 1134 2507 1302 und Verordnungen in sämmtlichen Ländern, nicht mr
390 1279 2346 1442 in Amerika,keineswegs ausreichen,um Missver-
380 1397 2439 1537 ständnissen oder selbst Missbräuchen auf diesem
372 1518 2481 1671 Gebiet wirksam zu begegnen. Es wird hoffentlich
345 1632 2307 1801 einmal eine Zeit kommen, in der für Werke der
385 1790 2338 1935 Kunst und Literatur Anxnkatz spezielle
382 1906 2373 2062 Gesetze nicht mehr notwendig sein und sich das
382 2025 2254 2201 geistige Eigentum von Seiten des Staates des
380 2146 2465 2333 gleichen Schutzes erfreuen wird, wie jeder andere
366 2278 2349 2449 Besitz. Ich für meinen Teil und viele logisch
372 2417 2349 2549 denkende Menschen mit mir sind schon heute so
364 2533 2433 2676 weit, dass sie Handlungen und Unterlassungen, die
380 2660 2494 2842 geeignet sind denxxänxEIex jemanden um den Nüta
1279 2837 2462 2926 zu verkürzen oder zu; betrü-
356 2821 1218 2995 genuss seiger Arbei
1257 2910 1413 3008 11e1
994 2918 1141 2997 hen.
970 2924 2491 3108 für unkorrekt halten, die in. Sinm
377 2966 828 3111 gen auch d
