3112 4232
1598 1229 1729 1378 33
803 1317 2748 1471 für jedes Auftreten bezahlen nuss, sonat kommt
800 1451 2804 1610 sie überhaupt nicht. Sein ganzes Verdienst geht
795 1577 2814 1739 darauf.-Ich aralderte; Wenn Sie von Ihrer Kol-
800 1693 2804 1847 legin nicht den geringsten Nachlags des spiel-
792 1825 2617 1981 gelds von 25 louis erzielen können - zumal
785 1963 2781 2120 diese Kollegin nur ein Sechstel in der Auffüh-
795 2092 2622 2234 rung meines stückes darstellt - wie können
787 2208 2620 2360 Sie von dem Urheber, der für sochs Sechstel
785 2367 2562 2496 seines Herks nicht einmal ein Zehntel des
770 2458 2650 2627 Spiolgelds Ihrer Kolle, in erhält, vorlangen,
777 2589 2645 2733 dass er auch auf dieses Zehntel verzichtet.
777 2708 2748 2900 Er verstand mich und hörte sofort auf in mich
782 2870 2599 2996 zu dringen. Auf meine Antwort gab es keine
770 2993 1264 3117 rreiderung.
755 3107 2746 3278 Des Rätsels Lösung ist, dass die Theaterdirek-
787 3238 2655 3389 toren gezwungenerwassen allen übrige teuer
780 3372 2753 3503 ohne zu murren bezahlen, wenn sie nur: die Arhe-
765 3483 2789 3624 ber auspländern können.Das ist ihre Rechtschai-
974 3634 1136 3776 11
