3272 3832
244 331 617 547 kin
397 462 2323 728 Als Spabol der Tiefe in kunstlorigshen Finn
405 610 2520 836 kann weder eine Ptrübe, undurchsichtige, wenn auch
394 757 2444 988 bewegte Fläche gelten noch ein Podenloser Ab-
423 862 2509 1090 grund,in den kein Lichtstrahl su dringen vormag.
455 1006 2423 1227 Nur der ist als Künstler tigt, der die rauhen-
373 1140 2399 1366 FFlächen der Mirklichkeit sosplatt und klar zu
423 1261 2512 1458 schleifen weiss, dass sie dje Unendlichkeit mit
462 1419 2231 1666 allen Hinmeln und Hölzensnjedersziegelt.
