2824 3400
545 364 2316 555 Ich brauche nicht erst zu versichern, dass
543 529 2238 672 ich hiernicht in ejener Sachekkier das
534 630 2314 795 Wort ergreife. Es handelt sich nicht un-
534 750 2274 884 weine 300 S., die übrigens vorläufig noch
529 882 2307 1020 die 300 S. der Ravag sind,es handelt sich.
536 988 2424 1136 auch nicht un die Ravag allein, sondern um
527 1091 2304 1270 die Frage des geistigen Figentums und des
538 1223 2024 1434 srhöberrechts ganz im Allgemeinen.
781 1373 2191 1540 Diese Fragen sid keineswegs aus
534 1498 2337 1658 schliesslich oder auch nur vorwiegend mat
538 1618 2401 1801 teriel le, sondern es sind ideelle, wenn auch
527 1761 1721 1919 nicht gerade ideale Fragen.
783 1900 2189 2048 leh glaube nicht einmal, dass sie
513 2006 2372 2187 von den Unternehrern ausschliesslich oder
536 2135 2330 2292 vorwiegend in ihrer nateriellen Bedeutung
534 2269 2394 2448 aufgefasst werden, sondern dass auch für die
538 2394 2285 2563 Unternehmer hier eine rachtfrage auf den
548 2523 2295 2695 Spiele stoht. Es hewdelt sich genau gese
1589 2640 2274 2786 sagen wir milder
517 2664 1486 2814 hen um einen Kampf oder
1547 2774 2217 2944 un Diskussionen
555 2777 1439 2963 un Heinungsdifferenz
