2888 3336
1716 348 2131 490 rim pecre c.
838 430 2479 601 Das Interesse des Stagtes, von den Par-
558 579 2452 712 larentariern gar nicht zu sprechen, ist heute
550 678 2419 840 ein geringeres als es jemals war. Nirgendwo
548 782 2469 978 sehen wir an leitenden stellen, in Oesterfeich
553 929 2426 1115 gewiss nicht, Männer, die sich für geistige Ar
533 1079 2469 1207 beit oder für das Privatschicksal der geisti-
548 1195 2308 1342 gen Arbeiter interes sieren.Auch die begab-
536 1287 2402 1463 tösten unserer Staatsmänner, also dur Leute,
538 1455 2317 1617 die irstande wären die Gesetze zu ändern,
546 1586 2445 1767 gebon ihrg kraft in kläglichsten politischen
526 1723 2457 1878 Parteikampfe aus, Ferner als je sind wir ven-
587 1834 2356 1984 er Erkenntnis, dass es ein geistiges gibt,
541 1955 2460 2078 das über allen Parteien, auch über allen so-
553 2102 2404 2223 genannten Heberzeugungen steht und nach wie
574 2197 2455 2341 vor, auch im sozialistischen Staat, wird nicht
543 2337 2368 2460 nur der Dichter,sondern übehaupt jeder gei-
553 2464 2404 2602 stige Arbeiter bei der Teilung der Erde, auf
543 2600 2421 2771 den Himmel hingewiesen, der ihr angeblich in-
541 2730 1349 2880 ner offen stehe..
