2984 3640
325 176 754 330 Urbeberrcht
2398 413 2705 589 1524
296 477 602 618 Rent
381 693 2377 845 Beim Schaffenden Künstler muss jede leistung
397 821 2414 994 den stempel der Notwendigkeit tragen, sonst ist
360 925 2500 1111 sie in einem höchsten einne, verfehlt. Beim nach-
397 1066 2465 1237 schaffenden, der ja in jedem Falle auf die Wir-
389 1189 2414 1359 kung des Augenblicks eingestellt ist, kann für
674 1311 1231 1388 lveil de inien
384 1319 2454 1506 dieser Notwendigkeit auch (anderes eintreten, köu-
400 1458 1884 1652 tine, Ehrgeiz,algar Sensationsläst.
730 1703 2542 1887 Das Prinzip ds „könnte-man-nicht" wie ein
1245 1815 1375 1916 der
405 1860 2462 1975 grosser Regisseur von dinem andern grosgen, aber
1404 1945 1655 2028 ne une
400 1964 2337 2143 etwas äusserlichefn zu gegen Pflegte, gewinnt
1826 2073 2273 2151 dar riaes
402 2116 2457 2327 hier seine Bedeutung. Leute, die dieses „könnte-
394 2225 2249 2406 man-nicht reprägentieken, werden nie durch
394 2369 2335 2524 eine dungende innere Notwendigkeit zu einer
405 2502 2377 2668 bestimmten leistung angetrieben, sondern stets
445 2620 2335 2796 dur ch irgend einen äusseren Anlass:Sie sind
448 2769 2343 2921 stets auf der suche nach einem Problem für
413 2876 2348 3067 ihr falent. Uhd so glänzend sie es bewältigen
400 3011 2367 3190 imögen,es hätte immer auch irgend ein anderes
946 3110 1215 3195 celi des
405 3153 2249 3334 sein könnensmit dem sie sich beschäftigen.
