2952 3448
635 400 2434 601 gen, der Anteil des Autors ein geringerer.
625 561 2441 713 Früher beispielsweise der Perzentsatz 25,
583 686 2473 850 20, jetzt auf 15-10 herunter. Dazu konmt, dass
586 803 2427 996 die Nachzählungen verspätet oder gar nicht
579 945 1003 1108 erfolgen.
618 1064 2539 1255 Das Ausland nützt überdies die Valutaverhält
574 1206 2331 1362 nisse in einer nicht vornehmen Wäse aus.
571 1304 2363 1496 Der Tou mäncher Kriefe;wir haben ja keine
586 1465 2458 1631 Vaxxkx Pflicht dir zu zahlen, aber wir geben
571 1606 1304 1728 dir ein Almosen.
615 1704 2358 1882 Wan wird darauf aufmerksam gemacht, dass
559 1838 2280 2021 ein holländischer Gulden, ein Dotlar so
613 1973 1855 2126 und so viel Kronen wert sei.
566 2092 2419 2273 Die Bücherkäufe sind inm Ganzen herunterge-
583 2251 898 2397 gangen.
598 2363 2468 2524 Der Theaterbesuch heruntergegangen. In kei-
566 2500 2524 2673 nem Falle entsprechen die Tautienen der Cold-
566 2619 923 2773 parität.
955 2690 1631 2800 Zeitungshonorar
610 2754 2519 2932 Auch die Zeitungen folgen der Parität nibht.
603 2871 1716 3069 Aier gibtf Schandhonotare.
