2984 3624
632 434 2548 629 problemätioch ist der laute Erfolg des Tage,
395 576 2632 752 denn morgen vielleicht schon komnt die Enttäuschung:-
404 735 2465 891 problenatisch der Ruhm, denn er ist meistens ein-
1724 844 2008 922 besmll.
390 830 2537 1044 Wissverständnis, oft sogar ein abinViles-pro-
373 947 2476 1170 blomatisch die Unsterblichkeit, denn im Verhält-
387 1083 1239 1237 nis zur Ewigkeit 1s
1231 1133 2559 1303 t ihre Nauer höchst, beschränkt.
1259 1209 1607 1292 ntzücken
415 1206 1097 1376 probtenatisch d.
1234 1262 2557 1418 Begeisterung der Geliebten, dem
368 1334 2431 1532 es währt nicht länger als ihre Zärllichkeit für
1223 1459 1362 1546 du
1523 1479 1916 1565 degehun
312 1487 2473 1663 dich; problematisch der Beifall der Jünger,denn
407 1587 1582 1679 der ergitt deme Schuitenmel
379 1638 2565 1799 sie zollen ihn eigentlich ssich selbst; -proklomaties,
365 1729 2387 1927 die Anerkennung der Freunde, denn morgensind sie
401 1874 2476 2047 es währscheinlich nicht mehr;-problematisch die
340 1994 2434 2172 Wut deiner Feinde, denn so ragend sie sich gebär-
354 2128 2487 2323 den, de in Mark könnte trotziem misglungen sein, -
340 2250 2362 2420 Kür mit zwei radlen Worten hat der Künstler zu
343 2381 2353 2590 rechnens mit dem Kraudax Glücksgefühl während
323 2515 2423 2688 des schaffens und mit dem Tewinn, den er aus sei-
334 2637 2473 2818 ner Arbeit zicht und dener zur Erleichterung und
340 2768 2345 2949 Verschönerung seines Erdendaseins zu verwenden
270 2921 649 3038 vermag.
