2984 3640
310 174 767 367 Urbeberecht.
315 468 609 609 Rüvgl
2443 471 2731 656 1924
635 723 1740 882 Schicksal des Kunstwerks!
588 825 2026 1025 Heiliger Augenblick des Empfangs
637 970 2190 1121 Glück-und qualvolle Zeit der Arbeit
593 1108 2349 1280 Staunen und Enttäuschung nach Vollendung
588 1233 2526 1402 Schwerzlicher Augenblich narh des Abschieds,-
590 1350 2294 1514 nach Entdendung in die Oeffeutlibhkeit.
1129 1472 1660 1548 mit Motlwell
583 1509 2567 1688 Wenige warten wohlwollend, in der Bereitschaft,
577 1623 1347 1779 gelten zu lassen.
616 1745 2658 1946 Noch Wenigewigen sich verstehend oder jar. in
525 1868 931 2013 Andacht.
687 1982 1033 2073 vor allen
622 2019 2539 2169 Aus hundert Winkeln ragt das Uebelwollen, der
567 2151 2625 2341 Weid, das Missverstehen,die Erbitterung herver.
562 2271 2651 2435 Epoche des Innewerdens, der Abkehr, der Verwirrung
559 2404 2385 2547 der Entfremdung zwischen nichter und Werk.
606 2531 2544 2705 Indess (vollzieht sich das Schickal des Werks
564 2664 2097 2820 nach seinen ihmanenten Gesetzen, e
585 2796 2586 2968 Das Work wandelt meiter durch die Zeit unver-
551 2919 2632 3080 wundet und unvörwundbar, wenn es darnach geschaf-
590 3041 2521 3213 fen ist, und stirbt immer nur an sich selbst.
