2904 3512
629 503 2497 691 eines Buchs kann jeder verzichten, gegenüber
613 665 2384 836 dem-Künstler fängt des Sparenzuerst au.
655 789 2410 947 Was der Völkerbund mechen könnte ist fol
613 925 2501 1090 gendes: Eine internationade Schriftsteller-
669 1015 944 1097 Engrefs
618 1064 2318 1200 vereinigung anregen, die mit möglichster-
611 1181 2459 1289 Beschleunigung eine Reform des interuationa-
604 1320 2407 1468 len Urheberrechtes durchzuführen imstande-
606 1444 841 1571 wäre.
641 1548 2471 1736 Das Interesse der Regierungen hiefür nach-
597 1703 902 1830 rufen.
632 1806 2426 1994 Dass ein solches Interesse durch ethieche
667 1938 2368 2119 Wotive allein rege gemacht werden, könn-
641 2069 1712 2217 te ist unwahrscheinlich.
632 2203 2379 2386 Es müsste eine Möglichkeit gefunden wer-
632 2346 2332 2459 den, das Erträgnis der geistigen Arbeit
627 2471 2330 2621 des. Einzelnen ökonomisch auch für den
620 2602 1830 2739 Staat nutzbarer zu machen.
658 2710 2457 2898 Es müsste auch das Interesse der Bevölko-
620 2840 2415 3035 rune, des grossen Publikuns auf die ldee.
629 2981 1327 3136 geleitet werden.
625 3103 2464 3267 Das ist nur auf dem Mege möglich, dass ein
674 3232 2447 3382 Teil der Honorere, die den Schriftstöller
