2824 3352
2151 214 2307 389 8
853 402 2326 598 In Publikum und in der lasse fehlt
418 441 746 702 vorläu.
864 545 2406 726 beinahe jedes Verständnis für diese
496 679 2573 827 Auffassung. Das itt ebenso ehrenvoll als gefähr-
459 799 2506 966 lich für unseren ständ, denn es soll wieder ein-
668 927 2453 1081 ausgesprochen werden, dass Alle, die geisti-
530 1070 2487 1227 je Arbeit ins Wort umsetzen, und von dieser Be-
449 1180 2498 1349 rufe leben, Schriftsteller, Journalisten und Dieh-
438 1323 2440 1488 ler, abgesehen von Grade des Talentes, abgesehen
444 1430 2386 1623 von ihren politischen Ueberzeugungen einen in
431 1574 2433 1717 sich geschlossenen Stand bilden. Mit Solideri-
483 1728 2477 1840 tät hat das nicht das Geringste zu tun. Ob der
389 1827 2346 1968 Einzelne den Finzelnen liebt oder hasst,hoch
431 1958 2524 2117 oder geringschätzt, tut hier nichts zur Sache. E
433 2075 2506 2226 Aber wir haben nun einmal gemeinsame Interesseu,
752 2174 932 2258 ner an
418 2182 2440 2383 die wir nur durch geweinsanesVorgehen fördern
425 2320 2380 2480 können: Dem Gefühl der Einigkeit, das mir hier
405 2440 2289 2631 vorschwebt, fahlt jede Sentiventelität und i
415 2584 916 2764 des Pathos.
