3272 3832
346 322 493 438 14
362 414 762 631 Punk.
637 637 2539 844 Der Erzähler und sa no leserschaft dürfen n.
608 796 2376 962 mals von der gleichen Atnosphäre ungeben
566 901 2471 1093 soin, so wonig wir der Rühnenautor- und sein
671 1035 2507 1224 Publikum- Geradeso wie die Bühne gegenüber
610 1145 2591 1357 den parkett eine Kelt für sich vorstellt, und
631 1297 2651 1467 es immer eine Geschmacklosigkeil, ja sogar eine
639 1436 2741 1601 künstlerische Unanständigkeit bedeutet, wenn ei-
631 1551 2528 1745 ne porsönliche Verbindung zulschen. Publikum
631 1687 2644 1873 und Sohauspieler horgestellt oder auch nur an
645 1829 2431 2007 gestrebt wird, (wenn also zum Exempel ein
639 1920 2604 2133 Schauspieler jewanden im Parkett grüsst, wenn
642 2075 2644 2235 er sich durch ein Blinzeln einen erednlichen
647 2182 2651 2387 Beifall zu holen suchl/.so bedeutet es auch ei-
639 2334 2651 2515 ne Sehmäche des Erzählers, menn der Autor der-
660 2473 2552 2646 artige Privatverbindungen mit der leser an-
668 2623 1404 2803 zuknupfen sücht.
