3256 3832
520 328 830 558 Ritet
777 552 2813 793 Das Kinische als das Charakteristische der modernen
795 670 2743 905 Kritik, ja überhaupt der modernen Betrachtungsart.
782 822 2765 1089 Hat: Nichts. mit Tronte und nichts mit Brubalität zu
798 993 995 1092 tun.
806 1086 2319 1268 beruht auf: Ueberheblichkeit vor allem.
766 1220 2858 1449 Das. Hömische statuiert a. priort ein falsches Verhälf-
761 1356 1529 1511 nis zum Betrachter.
761 1465 2853 1695 Gegen nichts ist man mehrloser als gegen die Hinischt
713 1631 971 1721 keit.
1212 1591 1420 1748 .1
787 1708 2103 1951 Ein Nort: der Kam wähe am Platzd.
750 1852 2316 2071 Hämisch und höhntdch ganz etwas anddres.
731 1975 2631 2234 Im-Hohn kann Schnerz, Vermueiflung, Grösse liegen
721 2127 2661 2348 Der, Han ist stets subalterndr: Natur. Verbitterung
710 2276 1172 2413 als Quelle.
702 2365 2850 2594 In Dagranm kernder kan nur na im negativen, der wirk-
705 2498 2677 2725 liche Hohpf eigentlich nur auf der posttipen Satdt
699 2655 1188 2797 vorkommen.
694 2759 2717 3026 der Den 16t  Rich iuper unberechtigt, woil er sich
683 2938 2191 3114 sofort in eine falsche Positur setzt.
654 3037 2722 3243 Der Hämische will simmer hämlsch sein, der Höhnische
667 3157 2808 3395 geht Innerhin von Sächtichen aus und die Stärke seiner
640 3291 2346 3552 Er tepfindung (nacht seinen Kohn rursdhlich,
