2824 3336
868 381 2026 507 is wäre ein Unrecht, wenn wir
519 528 1965 610 da wir über das Vorgehen der Rava,
530 590 2245 714 ehen, die Gelegenheit nicht benützten und
718 707 2001 840 den zahlreichen anderen Mängel
617 828 2373 962 icken des Nrleberrechts, von der mangelnden
537 957 2348 1108 schütze des geistigen Eigentums und vor al-
532 1090 2254 1232 len von deg höchst ungenügenden Rückhalt
528 1228 2247 1336 sprächen, den eine Bewegung zur Aenderung
503 1315 2297 1483 dieser Zustände in den breiteren Schichten
865 1444 1223 1533 vorläufi
516 1478 2357 1627 des Publikums fände. Man darf vielleicht a
516 1584 2302 1744 sagen, dess bisher der Begriff des geisti-
523 1728 2327 1870 gen Eiger tums der grossen Menge keineswegs
523 1857 2208 1997 kder geworden, dass er den Menschen noch
528 1978 2345 2137 gwiss ndehtin Fleisch und Blut übergeger-
895 2093 1044 2173 10
528 2116 2196 2251 gen ist als der Regriff des rateriellen
519 2251 2329 2389 Eigentums, über den sieh nicht nur die Bür-
519 2345 2297 2463 ger, sondern auch die Marzisten in Wesent-
509 2463 2238 2582 lichen vollkommen klar und in aller Ver-
512 2591 2316 2775 schieienheit des Standpunkts durchaus eini
500 2743 707 2844 sind
