3256 3816
299 274 545 467 Arti
1167 568 1376 676 ielt
534 576 2475 780 Derkünstler wans beimeine Arbeit auch die
586 707 2524 906 natürlichen Grenzen der Aufnahmsfähigkeit. in
589 841 2506 1025 Rechnung ziehen,die nicht nur für das grosse
2189 937 2501 1032 Jelimui tel
604 978 2599 1180 Pub likum, sondern auch für den Konner bestehfe
601 1084 2602 1293 -Es gibt Meisterwerke, die, weil das der Künst-
591 1226 2620 1446 ler vergass,minder stark und beglückend wir-.
612 1340 2496 1611 kon, als es ihnen sonst beschieden wäre. Das
583 1474 2465 1732 sind die merke,die voy der ersten bis zur
620 1600 2522 1804 letztensilbe Vollendung sind und gewigsar-
1848 1714 2527 1825 i de kemdann
671 1745 2746 1926 maggen koine Sekunde tang zuAtem ja zur Be-i
547 1853 2060 1998 kei Atheingoonia Bewieren, subll
635 1840 2568 2078 sinnung kommen: las sen, in denen der Künstler
679 1988 2512 2202 nicht einep loment-lang mit uns gemeinsam
632 2150 1422 2375 storblich iht eor¬
