2888 3464
768 443 2647 617 durch diese Reform zufliessenwürden, einer
807 578 2744 759 grossen internationalen Wohltätigkeitsaktien
788 708 1402 862 zugute käme.
2389 848 2551 980 Fi
836 855 2358 971 Es müssten sofort alle das geistige
807 968 2698 1137 getum beschränkenden Gesetze zum mindesten.
802 1101 2409 1272 für die Lebensdauer des betreffenden
800 1209 2546 1404 Schriftstellers beesennatürlich auf 30-
800 1339 2423 1542 50 Jahre hinaus aufgehoben worden, das
795 1501 2508 1660 geistige Eigentum müsste solchen Schutz
805 1607 2609 1775 geniessen wie jedes andere gaixtixx Eigen-
800 1751 997 1903 tur.
829 1862 2563 2033 Man vergesse nicht, dass von dieser voll-
790 2004 2594 2153 kommenen Schutzlosigkeit des geistigen.
826 2117 2467 2293 Eigentums nicht im geringsten die Be-
795 2264 2599 2406 völkerung und das Publikum profitiert, son-
790 2382 2553 2568 dem ausschliesslich der Unternehmer.An.
824 2544 2532 2676 der Werk,von dem der Schriftsteller ab-
778 2640 2582 2821 solut nichts mehr hat, bereichert sich der
795 2770 2409 2936 Verleger und der Theaterdirektor.
776 2883 2645 3054 Jedes Land. hat andere Erheberrechtsgesetze.
790 3021 2491 3233 langjährige Erfahrungen zeigen mir, dass
