3256 3816
575 487 861 670 Kiod
2688 469 2824 625 20.
831 683 2686 889 Der Fouilletonisnus ist in laufe der Zeit
894 838 2811 1012 zu einer solchen Höhe der. Entwicklung gedie-
878 941 2676 1147 hen, dass es täusch ende Machähmungen aller
868 1087 2726 1255 Kunstgattungen gibt von der kleinen Frzäh-
878 1220 2826 1353 lung bis zum grossen Drama (roy den Plauderöt
878 1335 2701 1519 en und Essafs gar nicht zu reden),die fast
863 1456 2806 1644 ausschliesslich mit den Flementen des Feuil-
861 1589 2781 1775 letonismus ezdugt wurden, Und auch berufend:
876 1714 2836 1925 Kritiker lassen sich oft über die Ihre Natur.
863 1880 2603 2038 solcher runstwerke oft genug täuschen..
848 1978 2686 2186 Doch ebenso häufig aus Unverständnis oder-
851 2123 2656 2292 auc hnur aus übergrosser Vorsicht begehen
848 2236 2753 2412 andere-oder. auch, die gleichen Kritiker den
808 2364 2691 2563 Fohler Fouillotonisnus auchdort zu sehen,
851 2495 2869 2698 wo wirkliolio kunst ge boten wurder wird, dieabe
846 2651 2688 2836 mit fouilletonistischen Elementen vorsetzt
848 2781 2731 2934 war oder auch nur mit Elementen,wie sie uns
851 2874 2520 3085 auch bein Fouillotonistan zu begegnen
858 3050 1245 3183 pflogen.
