3256 3816
2580 594 2812 756 7.71.
719 680 2737 894 Man liest einen schönen Aufsatz lüber Natio-
712 792 2807 1029 nalgefüh) zum Beispiel. Man findet nichts Aagegen
714 964 2609 1131 eiuzuwenden, es ist alles ebenso richtig dem
683 1032 2671 1295 shhalt nach als vortrefflich ausgedrückt-Und
685 1220 2700 1397 doch spürt man, irgend estwag stimmt hier: nicht.
657 1319 2713 1559 Wan hat nicht das Recht und hütet sich auch zu
675 1428 2734 1668 behäupten, dass daskas dort geschrieben steht,
675 1600 2533 1783 etwa nicht die Heberzeugung des Mannes zum
659 1733 2567 1931 Ausdruck bringe, der es geschrieben. Aber man
670 1837 2596 2046 Fühlt: es könnte hier etwas anderes, ja sogar-
649 1989 1585 2148 das Gegenteil von den
1618 2007 2664 2155 stehgn und es wäre nteht
639 2108 2596 2286 mehr und nicht weniger wahr und würde ebenso
641 2244 2447 2421 wirken. Zugleich aber fühlt man, der Wann
610 2380 2385 2567 keineswegs ein Lügner,kein Narr,kaum: ein
2421 2424 2700 2588 Posei,
1066 2460 1220 2546 Tntl
581 2486 2450 2697 Läber man aknt, dass br ös. in gewiesen Sinn
620 2624 2088 2786 nicht selbst geschrieben hat. Er
2106 2682 2653 2838 5t ein Dich-
620 2744 2598 2945 ter und hat eine Gestalf geschaffen, die Unter
1407 2864 1663 2976 Merkn
732 2841 990 3031 16254
1014 2854 2609 3068 Tonsshaften dte uns vor äufigver-
584 3005 2622 3208 borgen bleibenf oder die sogar auf jenem Auf-
584 3154 1621 3294 satz erschlossen worden
1650 3156 2413 3365 könnten)auch-die
594 3247 2466 3511 Ueberzeugung bositztdie man eben in jehen.
