2968 3640
296 177 764 317 Urbebrncte.
2359 473 2636 634 1914
436 470 808 657 Suadl.
465 675 2491 860 Du begreifst den Kummer dör Leute, deuen es für
486 797 2369 977 sich und ihre Familie an Bröt und Kertoffel
494 940 2546 1120 mangelt, und vorstehst ihn mitzufühlen. Das kam-
465 1057 2481 1236 ich dir niehExxExXer und deiner geelenkenntnis
465 1195 2322 1356 noch nicht sonderlich hoch anrechnen. Erst,
473 1320 2421 1501 wenn du dich in den gemütszustand eines Men-
444 1436 2530 1636 schen hineinzudeüken vermagst, dem das Enbböh--
481 1569 2416 1748 ren von 1ustern und Caviar Gram bedeutet und-
455 1709 2483 1904 wenn, duxthn es dir gelingt ihn um dieses Graus
457 1818 2444 2018 willen nicht zu verachten, dann will ich dich
462 1956 1816 2143 ags Psychologen gelten lassen.
