2952 3640
290 159 755 371 Urbeberdt.
212 494 475 708 Mumt.
408 671 2383 867 Was f체r ein kindlicher Versuch der Stilerneu-
379 823 2404 1021 erung, die sich darin ausspr채chen soll, dass man
392 946 2325 1116 Artikel und andere nebens채chliche Worte,die
387 1074 2484 1278 sich aus den sinn des Satzes von selbst verste-
387 1183 2482 1406 hen, fortl채sst. Die Kunst des Stils besteht viel-
394 1304 2482 1518 mehr darin, dass man diese Worte an ihre richtige
402 1447 2469 1667 stelle, gle ichsam in die stempausen der Inteilier
379 1573 2372 1816 enx Aufmerksamkeit hineinzuversetzen weiss,
