3272 3832
551 430 788 672 Peod
1396 534 1586 661 5
708 735 2572 980 Man verwechselt Phantasie und Vorstellungsgabe.
710 870 2365 1107 Vorstellungsgabe ist. die höhére Punktion.
708 939 2525 1217 chentäsie viel häuftger als Vorstellungsgabe.
675 1143 2531 1410 Im Fraum hat jeder Mönsch Ehantäsig,kelnesnees
658 1250 1391 1429 Vorstellungsgabe.
675 1352 2649 1627 Vorstellungsgabe ist gezügette Phantaßie, hat das,
669 1515 2883 1793 was mir Püentasie nennen, zur anbedingten Voraussetzung.
642 1661 2762 1928 Vorstellungsgabe kann an sich niemals(krankhaft fein.)
644 1779 2784 2027 mhantasie ist beinche inner zn der Grénie desffatholo-
633 1919 2462 2170 gischen menn nicht schaf an sich patholögischt.
