3256 3832
284 1012 456 1147 Farnber
2271 824 2406 951 1651
734 795 2303 983 Der geringste Künstler, der Hanswurst sel
2523 824 2692 994 ringt
869 904 1102 1007 eitlere
1680 930 1924 1018 wille
684 967 2740 1147 wirklichere Hörtesbringtmehr Glücksmäglichkeitenun
761 1036 1092 1129 Hictwerssi
766 1116 1911 1232 ingt eher die Eylösung in die
1958 1100 2727 1267 Welt), als der gräss-
1749 1185 1905 1277 Krit
684 1182 2618 1386 te Feldngrr und Held. Das Einzige, was die grossen
684 1322 2499 1505 Kriegsherren an der Menschheit an lositirem zu
1717 1447 1876 1540 dere
673 1450 2732 1640 bieien haben, ist im Grunde hur ein ästhelisches Vergl
668 1593 2552 1770 gnügen, Gewiss ist es herrlich einen Alexander,
673 1717 2634 1911 einen Nanolson, einen Cisar anzuschauen, aber es ißt
662 1836 2631 2048 ein etwas kostspieliges Vergnügen. Und die Anderur
644 1974 2565 2181 mussten dafr bezahlen. Von keinem dieser Heisen
641 2094 2769 2287 wüsste die Gesphichte zu erzühlen, wenn nicht Hundert-
660 2242 2602 2427 tausende um sie hittensterbeh müssen. Keifer von
2414 2369 2581 2462 gete
647 2388 2679 2560 ällen diesen hat aukxux etwas in die Weit gesetzt,
861 2470 1097 2560 n viel
641 2515 2753 2687 was auch nur fron relativer Dauer gewesey wire. (Grenz-:
604 2626 2698 2790 verschiebungen, das ist das einzige, was (sie geleistet
1654 2753 1953 2843 wepessar
633 2769 2690 2971 haben - und einen köstlichen Anblick für die Nachge-
623 2881 2605 3055 borenen, denen sie keine Gefah mehr fedeuten. N.
668 3002 2486 3206 Kelleulle mit. der leikrestige, dee Kuiefskeld inSen
702 3098 986 3199 Fist. 16
572 3135 2120 3283 ) Uns e kumbtemir ei in eergeli
2189 3159 2592 3355 Junurt
612 3241 935 3432 nutbe
1012 3278 1577 3437 conesente
