3256 3816
291 281 524 469 Antt.
284 623 585 762 stimit
1236 714 1557 899 reprodg
486 732 2401 962 so gibt es auch rporodeziorende Künstler,die
423 924 2459 1122 ie unux sie ununterbrochen von sich selbst
496 1079 2173 1249 die höchste inspannung fordern, auch vi
838 1114 2431 1279 und die unerbittlichste Kontinuität
534 1233 2272 1383 Hörer das höchste Mass (von Aufmerksamkei
537 1322 2479 1507 beanspruchen. Dieser Inspruch bleibt notwendig
537 1454 2517 1628 unerfüllt, die Zaistungxx dargebrachte leisturg
544 1583 2426 1780 wird also niemals nach gebühr gewürdigt, der-
577 1702 2525 1887 Hörer ist sich dieser Undankbarkeit mehr oder
544 1836 2469 2036 weniger kar bewuskt, dies nacht ihn unzufrie-
570 1950 2332 2168 den mit sich selbst, auf diesem Nege wird
534 2102 2515 2277 er gegen den Fünstlor verstimmt und ungerecht
552 2224 2421 2403 und so hat dieser gerade darum nicht völlig
552 2370 2183 2573 gewirkt, weilser zu viel gegeben hatte.
