2952 3448
525 420 1958 613 kein Buch aus diesem Verlag dürft
525 579 1125 715 kauft werden.
519 705 2346 898 Damit wären ja nur die Autoren gestraft.
499 934 2406 1114 der Diebstahl an einem Autor ist eben immer
501 1096 1485 1248 nur ein Intragsdelikt,
512 1214 2579 1389 Es müsste so. weit kommen, dass auch hier die Ce-
522 1328 2537 1506 rechtigkeit so automatisch einsetzt, wie sie es
509 1462 2072 1629 dendieb eines Apfels gegenüber tut.
525 1595 1856 1772 Wie kann men es dahin bringen?
493 1733 1955 1903 Wieder hört man: Organisation.
532 1853 2239 2012 organisation ist erst einer der letzten
509 1973 2477 2151 Schritte auf dem Wege, der zu beschreiten ist.
514 2117 2495 2273 klärung des Begriffs: Geistiges Eigentum. Da-
504 2237 1634 2412 mit hätte es zu beginnen.
514 2354 2610 2534 Tiefe Gründe, dass darin nicht nur solche Unklar-
504 2506 2592 2657 heit besteht, dass sogär ein Widerstand herrscht
1576 2594 2213 2673 innerhalb aller
504 2626 2560 2795 diesen Begriff zu klären in alten Verfaesungen
535 2746 2542 2921 (wie der Aufstieg des Sozialisnus lehrt,dessen
2302 2921 2521 3033 vor-
509 2887 2297 3041 Feindseligkeit gegen geistige Arbeit ihm
499 2991 2143 3171 her selbst gar nicht so bewurst war).
512 3124 1796 3260 Das Verbrechen des Marxismus.
