2872 3448
571 449 2420 628 Oft hört man die Frefe: Warum schützt sich
545 588 2293 750 der Autor nicht durch eine Orgenisation?
583 693 2403 886 Es gibt Organsationen, sie sind machtlos,
621 838 2415 1020 werden weder durch die Gesetze,noch, durch
619 984 2241 1137 Einsicht von Seite des Publikums, noch
578 1089 2093 1247 durch Vornehmheit der Unternehmer u
588 1252 922 1371 stützt.
619 1345 2463 1491 Es gibt keine streikmöglichkät. Ein Boykott.
576 1476 2480 1651 eines Theaters, eines vorlegers ist praktisch
566 1620 1856 1758 einfach nicht durchführbar."
595 1729 2480 1882 Auf keinem Gebiet gibt esso viele Dilellar
583 1861 2468 2052 tenund die sind ihrer Natur nach die gebore
571 1992 1369 2155 nen streikbrecher.
564 2109 2310 2262 Nirgädzein solches Unterbieten, das na-
576 2248 2238 2420 türlich entschuldbar ist durch die Not
559 2382 2408 2551 des Einzelnen und das von den Unternehmeru
578 2523 1388 2671 ausgenützt wird..
566 2623 2396 2781 Das Bedürfnis nach geistigen Werten natur-
576 2776 2439 2943 gemäss ein geringes. Auch hier richtet sich
547 2900 2408 3029 der Handel nach dem Gesetz von Angehot und
554 3017 2470 3201 Nachfrage. Auf den Luxus eines Theaterbeankt
