3240 3816
241 870 433 1030 1
907 590 2598 789 auch wenn das, was er schreibt, tatsäch-
642 697 815 813 onde
1636 705 1969 799 riiole
571 700 2606 967 lich seine Heberzeugung(tst, er ist zum Nieder-
579 849 2606 1077 schreiben wenigstens durch ingend etwas veran-
600 954 2535 1211 lasst, was mit der Sache selbst nichts zu tuh
802 1104 2608 1358 Im besten Fall durch irgendein Erlebnis,
603 1190 750 1345 hat
592 1208 2574 1473 durch das Berauschtödin von irgend einem Nort-
626 1324 2548 1615 oder auch durch die Richtung des Blattes, bei
2225 1497 2582 1623 ich oder
1350 1494 2160 1701 ist, durch die Tust
619 1560 1308 1722 dem eri engagiert
634 1625 2561 1845 einen Andern zu fördern, der auch ihn fördern
986 1767 1560 1872 durd. de Bedirsen
632 1746 2671 2010 kann, oder jemanden zu geledigen, ner Begäbtere,
640 1874 2645 2107 gegen sich selbst, Ehrlichergwird. das meistens
936 1997 2564 2215 wisgen; zuweilen merkt er es erst aus
592 2115 917 2244 selber
936 2189 1166 2283 liger
653 2102 2650 2396 seiner Fouilletan (es kann auch ein Leitärti-
2377 2343 2514 2414 1
642 2265 2451 2522 kol, ein Stück oder eine Novelle spin), die
666 2385 2781 2668 Schwäkheren ahnen es bestenfalls. In Augenblicken,
2296 2474 2718 2613 puotictgibt
653 2550 2501 2779 um die sie nicht zu beneiden sind.Undseige
1164 2655 2595 2870 ex, die sind: so himmelmeit davon:
647 2755 1072 2917 Sorte eit
655 2784 2608 3020 entkörnt zu wissen, was Ueberzeugung ist, dass
700 2902 2556 3148 siehit besten Gemissen schwören verdehisis
689 3043 2737 3263 hätten ihre Ueberzeugung, ausgedrückt, auch wenn
1748 3130 2752 3266 se das gegenteil behau
881 3195 1727 3316 gestern gesprächswe.
1806 3216 2561 3342 heute schrieben.
868 3269 1672 3512 haben von deginag
