2824 3384
586 361 2354 549 Ich Brauche nicht erst zu versichern, dass
430 522 2276 694 hhier nicht in ejener Sachekkiar das
579 630 2296 809 Wort erreife. Es händelt sich nicht zü-
575 747 2329 933 meine 300 S:, die übrigens vorläufig)noch
572 864 2324 1055 die 300 S. der Raveg sind, es handelt sich
1285 995 2356 1163 6Ravag allein, sondern um-
1262 1106 2393 1283 tistigen rigentums und des
1253 1246 2069 1384 inz im Allgemeinen.
1251 1402 2232 1529 zen sid keineswegs aus
1271 1513 2340 1662 Ir auch nur vorwiegend ra-
1267 1644 2421 1816 es sind ideelle, wenn auch
1246 1800 1756 1936 spale Fragen.
1218 1906 2230 2016 e nicht einmel,dass sie
1214 2018 2421 2184 Ehvern ausschliesslich oder
1248 2149 2388 2285 Ihrer nateriellen Bedeutung
1241 2278 2450 2430 on, sondern dass auch für die
1253 2400 2352 2536 Er eine rachtfrage auf den
607 2526 2372 2687 Spiele stehl. Es handelt sich genaugese-
605 2655 2359 2827 hen um einen Kampf oder sagen wir milder-
605 2798 2276 2961 un le inungsdifferenzen,ur Diskussionen
