2952 3384
924 421 2527 590 die Theater, die doch bekanntlich Pen-
674 597 2443 744 tigren zehten, wenigstens manchmal, fragen
669 674 2452 849 doch vorker in jedem Falle an, sei es beir
669 805 2501 959 Autor oder bei seiner Vertreter, ob sie ein
667 934 2401 1088 Stück aufführen, dürfen und zahlen über-
667 1055 2413 1193 dies noch Tantiömen, wenigstens manchmal.
676 1158 2527 1334 Es besteht absolut kein vernünftiger. Grund,
1767 1264 1989 1355 mit
683 1299 2506 1465 dass ein solcher Vorgang (auch beim Vortrag
674 1427 2553 1652 erzählender Richtungen oingehalten werde.
