3272 3816
484 354 793 542 R.iint
836 506 2717 781 Jedos Kunstrork vorrat den Leuor unträglich
843 729 2627 900 Ursprung und Art. Nis unter den Menschen,
841 850 2558 1031 eibt es auchunter den Merkenadelig und
817 983 2729 1180 niodrig Geborene. Unter jenen Lrjakewieder.
815 1102 2586 1280 manche, die bei allen Verzügen dock schon
988 1214 1337 1294 mannker
819 1235 2684 1413 dig ergreifenden Züge des Vorfalls zeigen;
822 1363 2482 1532 unter diesen Snobs, die im Innorsten ge-
805 1484 2662 1662 mein, sich dich mit einer gewissen- fälschen
1812 1613 2518 1708 uber ih mahrei lade
822 1608 2518 1772 Vornehmheit zu gebärden, und zu täuschen
800 1760 2525 1919 vermögen. Und auch an Pärvonus fehlt es
805 1857 2596 2076 nicht, von denen sich manche ihrer Abkunft
777 1993 2648 2199 zu schämen gehuthen, andere wieder sich mit
796 2126 2548 2308 ihr brüsten, und sich gleichsam etwas da-
767 2259 2627 2449 rauk zu Guto tun, dass sie mit zerrissonen:
770 2401 2650 2598 Sohlen iy das peich der Kunst herofngewan-
772 2529 1271 2684 dert kamen:
