3256 3832
539 454 897 609 Kier
781 552 2811 851 Debor Franthotton dor Produtttor, 4000. dor Provei
787 745 1256 872 tionskraft.
779 836 2403 1068 Allgemeine und speziellePatholesie.
732 1008 2481 1222 Die Krankheiten der Kunstprodukte verlaufen
761 1101 1828 1341 naturgen100 in Matterleib.
745 1253 2677 1496 Es ist eine Geschichte der Fotalerkränkungen des
750 1398 2656 1609 Kunstwerks, Ist das Mörk einmal auf die Welt ge-
719 1503 2736 1764 bracht, so kann es wohl eine Mißsgebürt sein aller-
727 1640 2566 1864 lei Schönheitsfehler zeigen, aber es kann nicht
673 1756 1377 1929 mehr erkrenken.
683 1919 2592 2135 Auch die Allgemeinerkrankungen häufiger als man-
619 2042 2571 2262 "denkt. Manchmal sohne fersichtlichen Zusammenhang
640 2161 2316 2352 mit dem sonstigen Befinden des Künstlers.
683 2295 2754 2532 Vollkommends zeitweiliges Versiegen der Produktions-
668 2442 962 2568 kraft.
2316 2483 2483 2607 1
676 2543 2006 2752 Eusthaisches und Erbsthatschos.
