3272 3816
254 372 568 594 Rin
603 556 2525 780 problenatiach ist der laute Erfolg. des Tags,
375 704 2572 869 denn morgen vielleicht soton kommt die Enttäuschung
387 819 2430 1023 problomatisch der Ruhm, denn er ist meistenssein
1771 919 2531 1014 wen nicht zar hiwillis
378 955 2504 1150 Missverständnis, oft sogar ein absichtlichesj Pro-
384 1079 2483 1271 blenatisch die Ansterblichkeit,denn im Verhält-
1780 1177 2341 1277 zn jedem Felle
1339 1218 2557 1398 hre Dauer(höehst beschränkt.
390 1248 1103 1410 nis zur Ewigkeit
2179 1307 2563 1384 In dem loutt
1262 1310 1623 1413 ntzücken.
1392 1357 2560 1520 istorung der Goliobten, dem
429 1345 1168 1528 problomatisch die
387 1434 2678 1667 es währt nieht länger als ihre Zärtlichkeit kür d Ad
372 1599 2471 1777 dichi-problematisch der Beifall der Jünger, denn
710 1664 2788 1789 decuc Scheiden- diene auch in rich, und duntche in dic duvermandt
390 1732 2761 1910 siefzollen ihneigentlich sich selbstproblomatiah kel
372 1821 2445 2061 die Anerkennung der Freunde, denn vorgensind,eie
461 1963 2495 2176 es wahresheinlich nicht mehrisproblenatisgh die
429 2114 621 2202 Ahll
399 2090 2477 2306 Rut do iner Feindordenn so ragend sie sich gebär-
393 2244 2536 2418 den, de in Werk könnte trotzlem misslungen sein,-
1599 2353 1930 2436 tert du
396 2374 2415 2536 Nur mit zwei realen Worten hat def Künstler)zu
396 2498 2312 2681 rechnen, mit dem Frauder Glücksgefühl währe
1073 2513 2613 2699 n oorude qt tettist et fir. das we i
393 2628 2463 2817 des schaffens und mit den geninn, denger) aus sei
399 2737 2536 2927 ner Arbeit zieht und den er zur Erleickterung und
1647 2847 2563 2962 in demut ee ner Schaffen
656 2885 834 2959 Eler
396 2909 2424 3077 Verschönerung deines Erdendasoins zu verwenden.
390 3057 766 3225 verwagrt
