2968 3640
576 546 2487 732 Riefe jemand aus: Hier ist ein nundervolles
568 707 2568 870 Sujet zu einem Bild eingefellen;-und s zeigte
556 832 2397 1003 sich dann, dass dieses angebliche sujet in-
563 958 2585 1122 nichts weiter besteht als in den paar Farben.-
543 1076 2553 1237 flechen auf hellem oder dunklem Grund,so ver-
538 1222 2326 1376 den wir füglich zweifeln dürfen, ob, der s
538 1333 2487 1504 sprach auch ein richtiger ldler gewesen sei
558 1454 2379 1630 und er selbst wird es sich wahrscheinlich
561 1612 2452 1755 überleden (bis vor kurzen war es gewiss der
850 1725 978 1793 sich
573 1738 2334 1901 Fall), auch auf einen solchen.Einfallhin
2095 1816 2465 1909 Werki
563 1861 2563 2007 vor die. Stafflei zi stellen und sein Angriff
609 1994 2417 2150 zu. nehmen;- Aber wie biele Schriftsteller
568 2125 2505 2281 gibt ös die sich berechtigt halten die Foder
571 2243 2555 2399 zu ergreifen, sobald nur ein rages Naturgefühl
571 2362 2450 2548 eine verschinomiene Seelenstimmung in ihnen
546 2512 2437 2701 aufgeschwebt ist und sie nöhmen es dir sehr
541 2648 2500 2822 übel;wenn du nicht gleich gewillt bist ihre
546 2766 2548 2975 Farbenflecke für künstlorische leistungen an-
543 2905 918 3071 zusehen.
