3112 4216
1654 1165 1790 1329 25
1341 1339 2773 1506 die Nacht oder das Vertrauen, wie
831 1339 1029 1470 zue
775 1457 2788 1606 der Haufen von Requisitenlieferanten, die durck
775 1601 2734 1765 ihre Anwebenheit während der Verwendung ihrer
775 1716 2657 1883 Regudsiten die Gerechtigkeit durch ihr Ge-
772 1849 2637 2001 schrei zwingen ihnen Gehör zu schenken. Das
767 1962 2745 2126 konnten die schriftsteller nie, sie sind immer
759 2096 2606 2239 bestohlen worden. Ein anderer Provinzthea-
772 2260 2596 2406 tordirektor, übrigens ein berühmter Pariser
754 2367 2588 2501 Darsteller, bat mich eines Tages, ich sollte
764 2480 2778 2647 einige meiner Verbandsgenossen veranlassen ihn
762 2598 2698 2773 einige Herke für ein Butterbrot aufführen zu
803 2729 2788 2898 lasien.Und zwar während der sogenannten hellt
775 2860 2698 3042 gen Noche in seiner Provinzthsater. Alo kann
762 2996 2827 3170 ich den, erwidarte ich ihm, einen derartigen Ver-
762 3106 2775 3286 schlag dan schriftstellern machen, denen es be-
762 3240 2793 3404 kannt ist, dase Sie einige Ihrer Kolleginnen
757 3373 2639 3494 nach Rouon komnen lassen, deren gresser Ruf
759 3491 2660 3671 viel Publikum in dieser Fratonoche ins Thar-
762 3614 2678 3796 ter ziehen wird.- Aber, aber,erviderte er,sie
782 3768 2757 3958 wisgen doch, dase ich meiner Kollegin 25 Louis
