2840 3464
457 143 994 330 stul de Sinier
842 289 1756 490 Kritik und Pälschang.
377 427 1979 636 thein.Hestf. Zeitung, Fesen 16. Febr.1930.
380 575 2408 765 Auch in Schnitzlere" Spiel d. Sommerlüfte" merkt man
339 713 2428 906 den Verfall der vis dranatica. Zudem offenbart sich
333 842 2345 1049 darin das Unvermögen des Verfassers zu Probienen
1368 994 2447 1153 nehmen. Das Stück ist von
339 966 1340 1175 unsörer Zeit Steilung zu
328 1126 2480 1318 jener Atmosphäre der Vorkriegszeit erfüllt, da die Men-
322 1277 2293 1453 schen nur höchet persönliche, niemand ausser ihnen
336 1407 2439 1588 interessierende Sorgen hatten und begegnet deher all-
328 1547 2502 1726 gemeiner Gleichgültigkeit. Dasf es sich dennoch für ei-
325 1685 2524 1874 nige Zeit auf dem Spielplan halten konnte verdankt es
328 1811 2450 2015 nur Sohnitzlere Person, den die Niener aus einem gewie-
336 1952 2439 2169 den Lökalpatriottenue als einen der ihren betrachten.
311 2257 2519 2428 Ale Musterbeispiel aller möglichen Arten von Fälschung.
325 2353 2458 2574 1. Es ist nicht Sache des Anka Dichtere zu Problemen
333 2505 2337 2708 einer bestimmten Zeit Stellung zu nehmen. Er kann
330 2601 1817 2730 die Probleme wählen, die ihn beliehen.
322 2697 2373 2852 oder auch gar keine Problene, sondern nur Gestalten
322 2824 1005 2984 und Situationen.
