2840 3448
383 209 868 365 uil de sunm
530 336 1198 487 Kritik und Falsch
540 527 2342 701 darin liegen, dass es von jener Atmosphäre der
549 649 2529 853 Vorkriegszeit erfülfte ist etc., da ja Dutzende sol-
544 850 2143 985 cher Stücke grösstem Interesse begegnen.
542 935 2538 1126 s. Das Stück wurde 18 Mal aufgeführt und wurde ab-
544 1106 2384 1263 gesetzt, als dar der Darsteller des Käplan sein
544 1243 1631 1390 Gastspiel abbrechen musste.
547 1305 2511 1544 s. Es ist noch niemals vorgekommen, dass das Rubli-
796 1487 1079 1584 Theater
552 1479 2546 1678 kum ein e deswegen besucht, weil es dem Dichter
554 1688 2486 1812 einen gewissen Lokalpatriotismus entgegenbringt,
544 1805 2384 1989 oder ihn als einen der ihren betrachtet. Sonet
554 1942 2305 2133 ware der Erkolgoder Misserfolg eines Stücks
544 2093 1278 2260 a priori beetimmt.
