2824 3464
509 375 2538 539 Aus dem Tagebuch von Bahr,31. März 1929, Neues Niener-
501 514 846 656 Journal.
512 615 2457 798 Anläselich Cajetan Bernvilles Schrift "Ueber das
501 762 2224 960 Leben der heiligen Therese, von Kinde Jesu.
519 912 2343 1076 ... doch dass sie jetzt bis in die kleinsten
496 1041 2411 1190 bayrischen und österreichischen Tandorterhinein
491 1157 2515 1292 vom Volke verehrt wird, ja dass in keiner Dorfkirche
491 1281 2370 1451 ja fast schon auch in keinem Gebetbuch ihr Bild
481 1413 2484 1580 fehlt, ist seltsdn. Gerade die Bilder befremden nin
486 1527 2322 1704 unseren Geschmack zunächst, sie süsseln, man hat
479 1677 2457 1872 den Eindruck: sie kokettieren mit dem lieben Gott.
474 1811 2467 1955 Erst wer die Heilige näher kennen lernt, sei es aus
451 1922 2413 2094 Schilderungen ihres Lebens, sei es durch unmittel-
463 2069 2495 2241 baren Verkehr mit ihr im Gebet wird der hohen Kraft
469 2201 1595 2386 inne, die von ihr ausstrahlt.
