2824 3448
241 158 793 356 sput de Sincit
439 284 1280 487 Kritik und Palschung.
471 447 1716 627 rktukxtuauStünk
466 584 2474 758 Das, in diesem Stück zu den Problemen unserer Zeit
461 760 2380 902 keine Stellung genommen wurde, ist keineswegs ein
479 913 2394 1012 Beweis dafür, dass dem Verfasser dieses Vermögen
444 1058 1141 1178 überhaupt fehlt.
463 1143 2407 1309 3. Ob ein Stück von der Atmosphäre der Vorkriegs-
474 1274 2418 1462 zeit erfüllt ist oder von der der Nachkriegszeit,
466 1470 2458 1558 hat mit dem Wert eines Stückes nicht das Geringste
466 1623 774 1735 zu tun.
2166 1655 2611 1764 edem eseat
461 1687 2605 1925 4. Ee ist nicht Sache des Dranatikete in einen Sfück
431 1888 2503 1989 zur die allgemeinen Sorgen der Zeit darszustellen.
1882 1965 2262 2059 di mei
793 1973 972 2083 nach
474 1981 2627 2134 5. Auch xan dem Kriege hätten manchg Menschen nur - we
471 2105 1277 2185 wengilem in ellen
463 2153 2420 2321 höchst persönliche, nur sie selbet interessierende
458 2273 766 2439 Sorgen.
463 2383 2383 2597 6. Es ist vollkonnen unmenr, dass das Fublikum im
469 2557 2380 2715 Theater nur die allgemeinen Sorgen der Zeit und
461 2648 2514 2852 nicht sogenannte höchstpersönliche zu sehen münscht.
466 2782 2295 2964 7. Selbst wenn des Stück wirklich allgemeiner
461 2921 2367 3114 Gleichgültigkeit begegnete, kann der Grund nicht
