2824 3400
487 336 2598 593 Sie hatte eine etwas beunruhlgende Art, so z.B. bemerk
609 530 766 614 sie
493 541 2590 690 te (gelegentlich:Gestern Abend war ich in einer Stim-
487 663 2476 817 mung - die Sommerluft, der Sternenhimmel -ach, jeder
490 769 2660 990 hätte mich gestern haben können. Aber leider war keiner
522 990 685 1072 da.
503 1023 2641 1231 Unsinn - Interessantmacherei, ist ja alles nicht mahr.
487 1207 1737 1399 Vor allen - dass keiner da nar.
