2792 3368
588 332 2402 515 In einer Landschaft, an irgend einer Stelle an
588 475 2454 651 Rande der Strasse eine Tafel, die ankündigt, dess
583 599 2463 766 hier ein Echo sei. Ein Vorüberreisender Fremder
599 730 2463 906 versucht und das Echo meldet sich nicht. Er be-
597 855 2470 1014 schwert sich beim Bürgermeister. Da stellt sich
590 990 2404 1175 heraus, dass das Echo tatsächlich verschwunden.
588 1126 2393 1288 scheint. Da dieses Echo eine Anziehungskraft
604 1269 2400 1419 des Orfes bedeutet hatte, engagiert man irgend
597 1386 2472 1566 Jemanden, einen Bauernbürschen etwa als Echo, der
604 1526 2365 1686 irgendwo in der Nähe verborgen sich als Echo
599 1669 1023 1810 etabliert.
599 1777 2463 1917 Bedingungen, die das Echo stellt. Falsches Echo,
595 1889 2458 2081 in Streik, Konkurrenz, seine Geliebte bei ihn.
599 2046 1770 2196 sein edgültiges Verschwinden.
