2824 3400
328 323 548 489 Non.
2335 218 2570 418 1930
587 394 2479 582 Er und sie verlassen auf einer Reiee den Gast-
584 550 2352 753 hof., Jeder für sich selbst. Erkehrt zurück.
616 672 2572 856 ie kommt nicht wieder. Er weise nicht, was gesche-
577 834 2543 1010 hen ist. Endlich bemächtigt sich seiner der Wahn-
589 968 2465 1130 dass er sieumgebracht hat. Der Wahn wird immer
589 1090 2452 1264 stärker, es kommt bis zu Selbstbeschuldigungen,
579 1222 1905 1440 bis in die Mälie des Selbstmordes.
