2792 3368
386 447 1933 623 Anwerkungen zu einem Novellenstoff.
383 588 2219 762 Eril war im Thater mit ihr, daher vord채ch-
386 715 2217 889 tigt, dass er-den Mord begangen hat. Harum
383 840 2344 1042 h채tte ich es tun sollen? lch war nicht eifer-
391 967 2336 1189 s체chtie. Sie bat mich, sie nicht allein zu las-
391 1135 588 1252 sen.
427 1230 2324 1392 Der Indizienbeweis spricht gegen ihn.Er hat
391 1372 1948 1543 eine perlenschnur f체r sie versetzt:
417 1487 2187 1677 Er behauptet, dass sie ih darum gebeten.
386 1628 2078 1802 Eril, Schauspiel er am gleichen Theater.
386 1741 2341 1929 Als er sie verliess, wusste er nichts von den
378 1894 637 2029 Mord.
435 2041 752 2200 Etrege
2402 188 2527 327 20
