3432 4008
2563 316 2658 472 29
667 480 2753 745 Als unwert meines hohen Freunde erkannt.
687 575 2971 889 Und eilt' ich gar so sehr den Bund zu knüfen
754 785 2888 1090 War’s Treue nicht zum angestammten Herrn;
745 958 2592 1199 Ein andres sangen:brüderlicher Wahn
739 1018 2911 1366 von Ehre war’s,-war Angst um dich,Anselma.
736 1274 2663 1524 Die ihn geliebt, und die so ebenbürtig
739 1412 2727 1677 Sie ihm an Herz und Geist, sowürdig sie
754 1545 3057 1829 Auch eines Trons mir schien, -doch nimmermehr
754 1749 2732 1964 Das Aug zu seiner Höh erheben durfte.
779 1887 2963 2126 Der Torheit zwar, aus der ich mich vermass,
800 2036 2773 2336 In fremdes Dasein einzugreifen,bin ich
802 2120 2977 2410 Mir längst schon inne.Doch erst heute fühl
2965 2160 3103 2353 ich
843 2318 2922 2589 Die prust erfüllt von seinem Wort-darin
912 2410 2971 2712 Ihm selber kaum bewusst, dein Jugendbild
892 2586 3040 2902 Im goldnen Glanze der Erinnerung blühte +
909 2778 2997 3063 Was ich an dir, was ich aan ihm gesündigt.
869 2868 3089 3193 Und nicht an Euch nur. Auch an diesem Reich,
872 3063 2960 3339 Das von beglücktrer Fürstenhand geführt,
897 3170 3216 3480 Vielleicht an hoffnungsreichrer Wende stünde.
