3464 3992
2276 391 2444 598 57
416 534 2553 814 Auch Ungenach solch wildem Faut begegnen.
458 709 2295 982 Wie etwa, dass man wegen Hochverrats
448 877 1990 1103 Vors Kriegsgericht ihn stellt.
435 1024 2893 1259 Konrad: (immer ruhiger und frecher, je weniger sich
451 1182 2394 1462 der Freiherr zu beherrschen vermochte)
1612 1287 2778 1497 Herr Kanzler, sagt
461 1481 2416 1672 Wozu der Umweg.Haltet selbst Gericht.
461 1573 2638 1847 Dem andern Richtern, die sich nicht wie Ihr
512 1742 2654 1993 Just mich als Eidam in den Kopf gesetzt -
470 1888 2788 2162 Es ehrt mich sehr, doch ward Ihr allzu schlau
483 2069 2553 2289 Wer weiss, ob ihnen Hochverrat erschiene,
496 2286 1551 2495 Was Eüch so scheint.
1408 2416 2670 2591 Nicht Hochverrat, dass du
493 2457 979 2642 Foeiherr:
490 2546 2629 2778 Statt deines Kaisers Ruf zu folgen planst
509 2661 2781 2912 Im Feld zu des gestürzten Marschalls Gunsten
563 2867 2654 3074 Die Truppen aufzurühr.n.Nicht Hochverrat,
515 2985 2731 3242 Dass du - jedoch,ich sprech’s nicht aus, wa
2683 3077 3017 3230 durch
515 3137 2549 3404 Dein Hirn an tollen Plänen rast. Doch da
528 3268 3090 3551 Ich's weiss und Vorsicht Pflicht in dieser Stunde
566 3449 2759 3725 Will ich, bis du vor deinen Richtern stehst,
