6744 4088
2432 619 2914 805 G.O.H.F.S.
2301 1054 2629 1260 G.C.H.F.F:F:H:H
1621 959 2000 1251 Seiffer
543 1228 740 1391 G.H.F.P
2098 1375 2930 1562 Monsieur le dit conseil
2468 1519 2865 1702 gebben e
1480 1542 1873 1725 G.H.F.P.
998 1650 2534 1886 (idaw ein Ja! meust bau at me¬
1208 1837 2937 2072 xxx am xxx und xxx
2563 2449 2953 2652 elew dol
1116 2632 1480 2838 se me ee
5961 187 6128 504 52
3794 376 5916 566 Wie völlig ich von Sinnen war, Ihr wisst
3801 530 6367 763 Dass zwischen Land und Land - zeitweil'ge Grenz-
3794 678 6174 890 Ein Bach vorläuft, die beiden Lager scheidend.
3817 815 5827 1025 Im Frühjahr breiter, doch dem Sommer zu
3830 946 6174 1182 Von Tag zu Tag in schmalern Bett versichernd.
3814 1123 6155 1336 Und dort, wo ich mit meiner Truppe Wacht steh
3817 1303 6122 1476 Schluckt ihn der Sand so ein, dass beide Ufer
3873 1476 5922 1683 Sich immer näherrüekend nicht mehr Ufer
3837 1614 5772 1787 Nur nachbarliche Wege sind im Schilf.
3883 1784 6001 1938 Und wie ich abends auf und nieder wandle
3879 1938 6191 2118 Begibt sich's, dass zu gleicher Stunde drüben
3932 2056 5749 2292 - Auf Wache oder nur der Einsamkeit
3847 2239 6092 2406 Und Stilie zu geniessen - sich ein Jüngling
3843 2409 5798 2580 Ergeht von meinen Jahren, meinem Rang.
3840 2554 5837 2714 Doch in den Farben jenes andern Lands.
3896 2681 4420 2806 Vur freilich
3847 2681 5870 2878 Doch eben in den Farben seines Lands
3909 2835 6220 3038 Nun mag's der Himmel, mag's die Hölle wissen,
3889 2963 6354 3169 Wer von uns Zwei 'n zuerst das Haupt zum Gruss,
3853 3143 6151 3339 zum Wort die Lippen regte;-doch dies erste
3876 3333 6508 3572 Vielleicht sprach ich's-; wie am betrunknen Pförtner
