3336 3944
2688 267 2812 486 95
527 349 2796 616 Ich einer von den Tausend und - sein Freund.
562 613 2806 793 Der Strahl, der mich erweckt, der erste Gruss
520 746 2707 984 Des Tags, an dem das Schicksal unsres Lands
517 892 2761 1120 Für - ewig sich entscheiden sollt' und sich
514 1070 3002 1273 Für dreissig Jahr entschied, des Tags, an dem ich
520 1203 2723 1396 Wie sonst zu Spiel und Jagd und Abenteuern
520 1371 2498 1542 zum ersten Mal an meines Fürsten Seite
501 1501 2879 1704 Dem blut'gen Ernst der Schlacht entgegenritt,
511 1673 2571 1806 Des Tags,an dem sich ewig unzerreissbar
511 1838 3063 2012 Ein Band von Mensch zu Menschen schlingen sollte,
517 1968 2577 2187 Das doch zerriss, wie jedes Menschenband,
574 2117 1574 2317 er hält bewegt inne
574 2244 2901 2437 O Tag des Trugs und sinnlos wie kein anderer
562 2428 2799 2606 Und tiefster Wahrheit voll wie keiner mehr.
549 2577 1831 2777 Doch wer vers tünde das?-
1796 2704 3094 2929 Streicht aus und schreibt.
546 2863 2022 3079 (Er beginnt in trookenem ron)
571 3050 2748 3231 Nach einer Waffenrast von vierzehn Tagen,
517 3171 2663 3415 Wohl ausgenützt von beiden Seiten,standen
581 3374 2609 3577 Sich sohlachtbereit die Heere gegenüber
