3320 3928
2707 176 2836 304 73
512 345 2762 503 Doch nicht zum letzten Mal.Von Jahr zu Jahr
547 451 2332 647 Aus manchen Abenteuern - unberührt
530 638 2285 790 Von zugefügtem,wie erlittnem Leid,
518 790 2344 986 In immer neuer Sehnsucht fanden wir
512 939 2382 1127 Zu alter, neuer Zärtlichkeit und Qual
489 1103 2838 1255 Des Schicksals vorbestimmtes Paar uns wieder.
506 1223 2370 1446 Um immer wieder, nach erfüllter Zeit,
489 1393 1601 1568 Aufs Neu zu scheiden.
1630 1413 2704 1618 Weisst du das so gut
492 1545 898 1744 Freiherr
1519 1598 2628 1726 Und so siehst du wohl
556 1683 2637 1882 (Ein gleiehes Ende diesmal auch voraus?)
1560 1826 2013 1964 rstlich
489 1864 2376 2063 Und dennoch denkst duvan vermählung?
486 2028 1033 2189 Sylvester:
521 2133 2502 2335 Die stürme sind, die Jugend ist vorbei.
477 2312 2356 2464 Da ich vor einem Jahr sie wiederfand
477 2440 2487 2613 Nach einer Trennung lang wie nie zuvor
471 2590 2370 2745 Da fügte sich's, dass eben ihrem Sang
524 2736 2508 2935 Zum letzten Mal der hingerissnen Hörer
527 2862 2560 3096 Beifall erklungen war. Dass ich, den nur
521 3029 2560 3248 Ein zufall in die gleiche Stadt geführt
518 3228 2648 3377 An die sem Tag zur Stelle war; -als Zeichen
448 3289 2689 3550 Des Schicksals nahmen Beide wir's entgegen.
497 3453 2736 3670 Aus unverblasstem Glanz, freiwillig trat sie
