3384 3944
2461 293 2591 480 65
560 520 1006 722 Freiherr
611 693 1051 835 Er ging.
955 801 2742 1037 Er hörte mich, mein Wort besteht.
574 790 892 1009 Konrad
568 963 1111 1162 Freiherr;
631 1034 2801 1296 Leb wohl und hetze nicht dein Ross zu Tod.
563 1244 2847 1489 Dass Ueberhast nicht schlimmer dich verspäte
565 1429 1881 1665 Als Zög 'rung je vermocht.
1745 1537 2554 1745 Sei ohne Sorge.
571 1625 1029 1764 Konrad:
577 1682 2858 1952 Zu rechter Stunde reit' ich in die Schlacht.
580 1861 2301 2049 Um unter allen Feinden im Gedräng
582 2006 2679 2239 Den Einen mir zu suchen — wisst Ihr noch
591 2139 2674 2336 Dem ich am Bach, lustwandelnd in Gespräch
591 2310 2515 2563 Beinahe Freund geworden.-Seltsam hoch
585 2469 2583 2671 Seh ich ihn ragen.-In die Runde schaun
605 2591 2784 2813 Als sucht er just nach mir und sehnte sich
602 2782 2614 3009 Nach einem andern Zwiegespräch mit mir,
608 2935 2833 3151 Wie's besser uns geziemt. -Er soll es haben.
648 3077 1065 3367 er geht
