<?xml version="1.0" encoding="UTF-8" standalone="yes"?>
<PcGts xmlns="http://schema.primaresearch.org/PAGE/gts/pagecontent/2013-07-15" xmlns:xsi="http://www.w3.org/2001/XMLSchema-instance" xsi:schemaLocation="http://schema.primaresearch.org/PAGE/gts/pagecontent/2013-07-15 http://schema.primaresearch.org/PAGE/gts/pagecontent/2013-07-15/pagecontent.xsd">
    <Metadata>
        <Creator>prov=READ-COOP:name=TrHtr:version=2.1.0:model_id=51170:date=29_07_2023_23:07</Creator>
        <Created>2023-05-10T13:16:30.853+02:00</Created>
        <LastChange>2023-07-29T23:07:04.752+02:00</LastChange>
        <TranskribusMetadata docId="1428572" pageId="55410781" pageNr="111" tsid="131468680" status="IN_PROGRESS" userId="64420" imgUrl="https://files.transkribus.eu/Get?id=TZCIWKMUPRWXTZBVEPUHCOIH&amp;fileType=view" xmlUrl="https://files.transkribus.eu/Get?id=JYPCKBQOMDTKHIEYEBSQWDXE" imageId="44684924"/>
    </Metadata>
    <Page imageFilename="1428572_0111.jpg" imageWidth="3304" imageHeight="3928">
        <ReadingOrder>
            <OrderedGroup id="ro_1711792452958" caption="Regions reading order">
                <RegionRefIndexed index="0" regionRef="tr_1"/>
                <RegionRefIndexed index="1" regionRef="tr_2"/>
            </OrderedGroup>
        </ReadingOrder>
        <TextRegion id="tr_1" custom="readingOrder {index:0;}">
            <Coords points="411,540 2886,540 2886,2284 411,2284"/>
            <TextLine id="tr_1_tl_1" custom="readingOrder {index:0;}">
                <Coords points="476,625 2364,616 2364,430 1882,525 1376,525 476,427"/>
                <Baseline points="492,599 537,593 582,593 626,593 671,593 716,593 761,593 805,593 850,593 895,593 940,593 984,593 1029,596 1074,593 1119,593 1164,593 1208,593 1253,596 1298,593 1343,593 1387,593 1432,596 1477,596 1522,593 1567,593 1611,593 1656,593 1701,593 1746,596 1790,596 1835,593 1880,593 1925,596 1969,599 2014,593 2059,590 2104,590 2149,593 2193,596 2238,593 2283,596 2328,596 2372,599"/>
                <TextEquiv>
                    <Unicode>Und da es niemand hören kann wie ich</Unicode>
                </TextEquiv>
            </TextLine>
            <TextLine id="tr_1_tl_2" custom="readingOrder {index:1;}">
                <Coords points="2138,750 2208,747 2297,799 2336,781 2446,799 2532,769 2571,778 2568,528 2474,543 2376,622 2342,610 2269,644 2248,625 2135,622"/>
                <Baseline points="2155,743 2199,740 2244,743 2289,746 2334,749 2378,752 2423,749 2468,746 2513,743 2557,743 2578,743"/>
                <TextEquiv>
                    <Unicode>ein Kine</Unicode>
                </TextEquiv>
            </TextLine>
            <TextLine id="tr_1_tl_3" custom="readingOrder {index:2;}">
                <Coords points="467,796 1165,744 2040,769 2037,628 1952,601 1623,656 808,595 464,644"/>
                <Baseline points="483,749 525,746 570,746 614,743 659,743 704,746 749,743 793,746 838,746 883,746 928,746 973,746 1017,746 1062,746 1107,743 1152,743 1196,743 1241,743 1286,746 1331,746 1375,746 1420,746 1465,746 1510,746 1555,746 1599,746 1644,749 1689,746 1734,749 1778,749 1823,752 1868,749 1913,749 1958,749 2002,743 2047,743"/>
                <TextEquiv>
                    <Unicode>Soll's unser beider sein. So w</Unicode>
                </TextEquiv>
            </TextLine>
            <TextLine id="tr_1_tl_4" custom="readingOrder {index:3;}">
                <Coords points="473,909 2187,942 2214,747 473,781"/>
                <Baseline points="489,892 534,892 579,892 623,892 668,892 713,895 758,895 802,895 847,895 892,898 937,898 982,898 1026,895 1071,895 1116,895 1161,898 1205,898 1250,898 1295,898 1340,898 1384,898 1429,898 1474,895 1519,895 1564,898 1608,898 1653,901 1698,898 1743,904 1787,901 1832,901 1877,904 1922,901 1966,898 2011,898 2056,895 2101,892 2146,895 2190,898 2223,901"/>
                <TextEquiv>
                    <Unicode>Dem Vater und der Mutter zugehört.</Unicode>
                </TextEquiv>
            </TextLine>
            <TextLine id="tr_1_tl_5" custom="readingOrder {index:4;}">
                <Coords points="442,1089 2879,1086 2879,973 2791,958 442,891"/>
                <Baseline points="459,1065 468,1062 513,1059 558,1053 602,1050 647,1050 692,1047 737,1047 782,1047 826,1047 871,1053 916,1053 961,1050 1005,1047 1050,1047 1095,1050 1140,1050 1184,1047 1229,1044 1274,1047 1319,1050 1364,1050 1408,1050 1453,1050 1498,1050 1543,1050 1587,1050 1632,1050 1677,1050 1722,1050 1767,1050 1811,1050 1856,1053 1901,1053 1946,1056 1990,1053 2035,1053 2080,1053 2125,1053 2169,1053 2214,1056 2259,1053 2304,1056 2349,1056 2393,1056 2438,1053 2483,1056 2528,1056 2572,1053 2617,1053 2662,1053 2707,1050 2751,1053 2796,1050 2841,1044 2886,1035"/>
                <TextEquiv>
                    <Unicode>Anselma und Freiherr kommen, Leonilda,Sylvester</Unicode>
                </TextEquiv>
            </TextLine>
            <TextLine id="tr_1_tl_6" custom="readingOrder {index:5;}">
                <Coords points="921,1238 1556,1229 1763,1302 1967,1238 2486,1299 2647,1238 2647,1116 2565,1080 2156,1128 1934,1074 1656,1144 1397,1083 1177,1138 1049,1077 921,1104"/>
                <Baseline points="937,1208 955,1205 999,1205 1044,1199 1089,1196 1134,1199 1178,1205 1223,1205 1268,1202 1313,1202 1358,1202 1402,1199 1447,1199 1492,1202 1537,1202 1581,1202 1626,1202 1671,1202 1716,1205 1761,1208 1805,1211 1850,1205 1895,1205 1940,1202 1984,1202 2029,1202 2074,1202 2119,1202 2163,1202 2208,1202 2253,1202 2298,1205 2343,1205 2387,1199 2432,1199 2477,1199 2522,1199 2566,1196 2611,1193 2656,1187"/>
                <TextEquiv>
                    <Unicode>(trägt versiegelt ein Buch in der</Unicode>
                </TextEquiv>
            </TextLine>
            <TextLine id="tr_1_tl_7" custom="readingOrder {index:6;}">
                <Coords points="454,1263 531,1220 668,1238 705,1223 753,1247 790,1223 827,1238 888,1223 888,1071 686,1089 592,1077 488,1104 454,1089"/>
                <Baseline points="471,1202 516,1196 561,1193 605,1193 650,1196 695,1196 740,1196 785,1196 829,1193 874,1199 895,1202"/>
                <TextEquiv>
                    <Unicode>Freiherr</Unicode>
                </TextEquiv>
            </TextLine>
            <TextLine id="tr_1_tl_8" custom="readingOrder {index:7;}">
                <Coords points="403,1385 500,1379 528,1400 543,1391 567,1409 586,1394 610,1418 644,1418 644,1238 531,1220 476,1254 403,1244"/>
                <Baseline points="420,1352 465,1349 510,1349 555,1349 599,1346 644,1352 647,1352"/>
                <TextEquiv>
                    <Unicode>Hand</Unicode>
                </TextEquiv>
            </TextLine>
            <TextLine id="tr_1_tl_9" custom="readingOrder {index:8;}">
                <Coords points="409,1540 2535,1562 2535,1388 2464,1376 1446,1324 409,1388"/>
                <Baseline points="426,1501 438,1501 483,1507 528,1510 573,1507 617,1507 662,1507 707,1510 752,1510 796,1507 841,1507 886,1507 931,1507 976,1513 1020,1507 1065,1504 1110,1507 1155,1507 1199,1507 1244,1510 1289,1510 1334,1510 1378,1507 1423,1507 1468,1507 1513,1510 1558,1510 1602,1507 1647,1507 1692,1510 1737,1507 1781,1507 1826,1507 1871,1507 1916,1507 1961,1510 2005,1510 2050,1510 2095,1510 2140,1507 2184,1507 2229,1507 2274,1510 2319,1507 2363,1507 2408,1507 2453,1504 2498,1510 2543,1498"/>
                <TextEquiv>
                    <Unicode>Sylvester: (küsst Anselma bewegt die Hand)</Unicode>
                </TextEquiv>
            </TextLine>
            <TextLine id="tr_1_tl_10" custom="readingOrder {index:9;}">
                <Coords points="464,1711 491,1723 595,1714 631,1687 741,1702 778,1681 833,1696 891,1684 891,1549 854,1531 811,1546 796,1531 717,1543 695,1531 644,1565 610,1546 573,1580 464,1549"/>
                <Baseline points="480,1656 495,1656 540,1659 585,1659 629,1659 674,1659 719,1659 764,1656 808,1659 853,1656 898,1650"/>
                <TextEquiv>
                    <Unicode>Anselma:</Unicode>
                </TextEquiv>
            </TextLine>
            <TextLine id="tr_1_tl_11" custom="readingOrder {index:10;}">
                <Coords points="451,1827 2535,1867 2742,1827 2742,1708 1491,1629 1366,1702 451,1711"/>
                <Baseline points="468,1802 513,1805 558,1805 602,1808 647,1811 692,1811 737,1811 782,1811 826,1811 871,1811 916,1811 961,1811 1005,1811 1050,1811 1095,1811 1140,1814 1184,1811 1229,1811 1274,1811 1319,1811 1364,1814 1408,1817 1453,1814 1498,1814 1543,1814 1587,1811 1632,1814 1677,1814 1722,1814 1767,1814 1811,1811 1856,1811 1901,1811 1946,1811 1990,1814 2035,1814 2080,1814 2125,1811 2169,1814 2214,1814 2259,1814 2304,1817 2349,1814 2393,1814 2438,1814 2483,1817 2528,1814 2572,1814 2617,1814 2662,1811 2707,1811 2749,1811"/>
                <TextEquiv>
                    <Unicode>Wir sind sehr froh,Euch wieder hier zu sehn,</Unicode>
                </TextEquiv>
            </TextLine>
            <TextLine id="tr_1_tl_12" custom="readingOrder {index:11;}">
                <Coords points="448,2004 549,2037 637,1995 1000,2040 1290,1989 1421,2019 1543,1998 1546,1851 451,1824"/>
                <Baseline points="465,1969 471,1969 516,1966 561,1964 605,1964 650,1969 695,1966 740,1964 785,1964 829,1964 874,1969 919,1969 964,1969 1008,1966 1053,1966 1098,1964 1143,1966 1187,1964 1232,1966 1277,1966 1322,1966 1367,1966 1411,1964 1456,1964 1501,1961 1549,1961"/>
                <TextEquiv>
                    <Unicode>(auf das Buch deutend)</Unicode>
                </TextEquiv>
            </TextLine>
            <TextLine id="tr_1_tl_13" custom="readingOrder {index:12;}">
                <Coords points="400,2141 2760,2156 2794,1989 400,2019"/>
                <Baseline points="417,2113 462,2113 507,2113 552,2116 596,2116 641,2116 686,2116 731,2116 776,2116 820,2119 865,2119 910,2119 955,2119 999,2119 1044,2119 1089,2119 1134,2116 1178,2116 1223,2116 1268,2119 1313,2119 1358,2116 1402,2116 1447,2116 1492,2119 1537,2119 1581,2119 1626,2119 1671,2119 1716,2122 1761,2119 1805,2119 1850,2122 1895,2119 1940,2119 1984,2116 2029,2119 2074,2119 2119,2119 2163,2119 2208,2119 2253,2116 2298,2116 2343,2116 2387,2116 2432,2119 2477,2119 2522,2119 2566,2119 2611,2116 2656,2116 2701,2119 2746,2119 2790,2122 2802,2122"/>
                <TextEquiv>
                    <Unicode>Hier bringen wir das Buch, dem wir’s verdanken.</Unicode>
                </TextEquiv>
            </TextLine>
            <TextLine id="tr_1_tl_14" custom="readingOrder {index:13;}">
                <Coords points="393,2284 2281,2300 2281,2162 2150,2129 393,2156"/>
                <Baseline points="411,2265 456,2268 501,2271 546,2274 590,2271 635,2271 680,2271 725,2271 770,2271 814,2268 859,2271 904,2274 949,2274 993,2271 1038,2268 1083,2268 1128,2271 1173,2271 1217,2268 1262,2271 1307,2268 1352,2271 1396,2271 1441,2271 1486,2268 1531,2271 1575,2268 1620,2268 1665,2271 1710,2271 1755,2268 1799,2268 1844,2268 1889,2271 1934,2268 1978,2271 2023,2268 2068,2271 2113,2271 2158,2271 2202,2268 2247,2268 2289,2265"/>
                <TextEquiv>
                    <Unicode>Sylvester.(auf den Freiherrn deutend</Unicode>
                </TextEquiv>
            </TextLine>
        </TextRegion>
        <TextRegion id="tr_2" custom="readingOrder {index:1;}">
            <Coords points="399,2367 2856,2367 2856,3505 399,3505"/>
            <TextLine id="tr_2_tl_1" custom="readingOrder {index:0;}">
                <Coords points="400,2458 2080,2425 2574,2507 2852,2443 2852,2312 2605,2278 2428,2361 400,2284"/>
                <Baseline points="417,2420 462,2417 507,2417 552,2417 596,2417 641,2417 686,2420 731,2417 776,2420 820,2420 865,2423 910,2423 955,2420 999,2420 1044,2420 1089,2420 1134,2423 1178,2423 1223,2417 1268,2417 1313,2417 1358,2417 1402,2420 1447,2423 1492,2420 1537,2420 1581,2420 1626,2420 1671,2423 1716,2420 1761,2420 1805,2417 1850,2420 1895,2420 1940,2423 1984,2426 2029,2423 2074,2423 2119,2423 2163,2423 2208,2420 2253,2420 2298,2420 2343,2423 2387,2423 2432,2423 2477,2420 2522,2420 2566,2420 2611,2423 2656,2423 2701,2423 2746,2420 2790,2420 2835,2423 2856,2426"/>
                <TextEquiv>
                    <Unicode>Ich hoff“, Ihr glaubt ihm nicht. Er will durchaus</Unicode>
                </TextEquiv>
            </TextLine>
            <TextLine id="tr_2_tl_2" custom="readingOrder {index:1;}">
                <Coords points="390,2589 1357,2596 1357,2425 1232,2458 1101,2422 924,2455 827,2422 769,2449 531,2428 390,2477"/>
                <Baseline points="408,2563 453,2566 498,2566 543,2569 588,2569 632,2569 677,2569 722,2569 767,2569 811,2572 856,2569 901,2569 946,2569 990,2569 1035,2569 1080,2572 1125,2572 1170,2572 1214,2569 1259,2569 1304,2572 1349,2575 1364,2578"/>
                <TextEquiv>
                    <Unicode>Mich missverstehn.</Unicode>
                </TextEquiv>
            </TextLine>
            <TextLine id="tr_2_tl_3" custom="readingOrder {index:2;}">
                <Coords points="1272,2751 1934,2794 2120,2736 2352,2794 2840,2754 2840,2641 2586,2654 2376,2586 1272,2592"/>
                <Baseline points="1289,2716 1292,2719 1337,2719 1381,2719 1426,2722 1471,2722 1516,2725 1561,2725 1605,2725 1650,2722 1695,2725 1740,2725 1784,2725 1829,2725 1874,2722 1919,2722 1964,2722 2008,2722 2053,2722 2098,2722 2143,2719 2187,2713 2211,2716 2256,2722 2301,2722 2346,2725 2390,2725 2435,2725 2480,2722 2525,2725 2569,2725 2614,2725 2659,2722 2704,2722 2749,2722 2793,2722 2838,2722 2847,2722"/>
                <TextEquiv>
                    <Unicode>Hörst du's dort oben knistern?</Unicode>
                </TextEquiv>
            </TextLine>
            <TextLine id="tr_2_tl_4" custom="readingOrder {index:3;}">
                <Coords points="387,2769 476,2803 543,2772 561,2782 601,2751 726,2766 759,2745 875,2763 875,2647 824,2641 766,2666 735,2644 702,2657 653,2638 537,2660 436,2599 387,2611"/>
                <Baseline points="405,2719 450,2722 495,2725 540,2722 585,2722 629,2722 674,2722 719,2722 764,2722 808,2722 853,2719 883,2719"/>
                <TextEquiv>
                    <Unicode>Freiherr:</Unicode>
                </TextEquiv>
            </TextLine>
            <TextLine id="tr_2_tl_5" custom="readingOrder {index:4;}">
                <Coords points="381,2934 2263,2885 2614,2980 2614,2794 2410,2772 381,2791"/>
                <Baseline points="399,2880 444,2877 489,2877 534,2877 579,2877 623,2880 668,2877 713,2874 758,2877 802,2874 847,2874 892,2877 937,2877 982,2877 1026,2877 1071,2877 1116,2877 1161,2877 1205,2877 1250,2880 1295,2880 1340,2880 1384,2880 1429,2880 1474,2877 1519,2877 1564,2877 1608,2874 1653,2874 1698,2877 1743,2877 1787,2877 1832,2877 1877,2877 1922,2877 1966,2877 2011,2877 2056,2877 2101,2877 2146,2880 2190,2880 2235,2883 2280,2883 2325,2880 2369,2880 2414,2880 2459,2880 2504,2880 2549,2880 2593,2880 2620,2880"/>
                <TextEquiv>
                    <Unicode>Die Scheite sind's, an die das Feuer greift,</Unicode>
                </TextEquiv>
            </TextLine>
            <TextLine id="tr_2_tl_6" custom="readingOrder {index:5;}">
                <Coords points="381,3044 2059,3077 2300,3041 2300,2922 1559,2962 738,2882 381,2934"/>
                <Baseline points="399,3029 420,3023 465,3026 510,3026 555,3029 599,3026 644,3029 689,3029 734,3026 779,3026 823,3026 868,3026 913,3029 958,3032 1002,3032 1047,3032 1092,3029 1137,3032 1181,3032 1226,3032 1271,3029 1316,3032 1361,3032 1405,3032 1450,3032 1495,3029 1540,3029 1584,3029 1629,3029 1674,3029 1719,3032 1764,3035 1808,3032 1853,3029 1898,3029 1943,3029 1987,3029 2032,3029 2077,3029 2122,3029 2166,3029 2211,3032 2256,3032 2303,3034"/>
                <TextEquiv>
                    <Unicode>Führ“ ihn - zur Richstatt ‘,Schwester.</Unicode>
                </TextEquiv>
            </TextLine>
            <TextLine id="tr_2_tl_7" custom="readingOrder {index:6;}">
                <Coords points="2214,3227 2324,3245 2486,3209 2528,3227 2568,3206 2635,3224 2721,3215 2721,3071 2684,3068 2635,3099 2535,3087 2467,3038 2406,3068 2355,3041 2318,3065 2294,3053 2272,3068 2248,3044 2214,3056"/>
                <Baseline points="2232,3181 2277,3181 2322,3181 2366,3181 2411,3181 2456,3187 2501,3187 2546,3187 2590,3187 2635,3184 2680,3184 2725,3181 2728,3181"/>
                <TextEquiv>
                    <Unicode>Euer Spott</Unicode>
                </TextEquiv>
            </TextLine>
            <TextLine id="tr_2_tl_8" custom="readingOrder {index:7;}">
                <Coords points="409,3224 698,3202 756,3221 909,3215 912,3050 753,3062 717,3032 680,3032 610,3059 494,3035 412,3062"/>
                <Baseline points="429,3187 474,3193 519,3187 564,3184 608,3184 653,3184 698,3187 743,3184 787,3181 832,3181 877,3184 919,3187"/>
                <TextEquiv>
                    <Unicode>Sylvester:</Unicode>
                </TextEquiv>
            </TextLine>
            <TextLine id="tr_2_tl_9" custom="readingOrder {index:8;}">
                <Coords points="442,3367 2620,3355 2620,3248 2474,3215 2004,3285 1793,3218 1635,3273 442,3227"/>
                <Baseline points="459,3339 477,3339 522,3334 567,3337 611,3337 656,3339 701,3339 746,3337 790,3339 835,3337 880,3337 925,3339 970,3339 1014,3339 1059,3339 1104,3339 1149,3339 1193,3337 1238,3339 1283,3339 1328,3337 1373,3339 1417,3337 1462,3339 1507,3339 1552,3342 1596,3339 1641,3339 1686,3339 1731,3339 1775,3339 1820,3342 1865,3342 1910,3339 1955,3339 1999,3339 2044,3342 2089,3345 2134,3339 2178,3342 2223,3345 2268,3345 2313,3345 2357,3345 2402,3342 2447,3339 2492,3339 2537,3337 2581,3337 2626,3337"/>
                <TextEquiv>
                    <Unicode>bringt wahrlich mich dahin, dass ungeschaut</Unicode>
                </TextEquiv>
            </TextLine>
            <TextLine id="tr_2_tl_10" custom="readingOrder {index:9;}">
                <Coords points="586,3504 2495,3520 2474,3352 586,3352"/>
                <Baseline points="602,3492 647,3489 692,3489 737,3489 782,3489 826,3492 871,3492 916,3495 961,3492 1005,3489 1050,3492 1095,3492 1140,3492 1184,3492 1229,3492 1274,3492 1319,3492 1364,3492 1408,3492 1453,3495 1498,3495 1543,3492 1587,3492 1632,3489 1677,3486 1722,3486 1767,3489 1811,3492 1856,3492 1901,3492 1946,3492 1990,3492 2035,3492 2080,3492 2125,3492 2169,3495 2214,3492 2259,3492 2304,3495 2349,3495 2393,3495 2438,3492 2483,3495 2504,3495"/>
                <TextEquiv>
                    <Unicode>2. Blätter all ich in die Flammen werfe</Unicode>
                </TextEquiv>
            </TextLine>
        </TextRegion>
    </Page>
</PcGts>
