3432 4024
1346 438 2562 667 Und wärt in Euerm Sinn,
468 539 864 748 Konrad :
447 608 2657 888 Herr Kanzler, jedenfalls zur Zeit gekommen.
462 774 2499 1040 Denn hätten vor dem Stadttor Eure Wagen
468 932 2815 1186 Auf offner strasse sich gekreuzt - Ihr hättet
480 1135 2565 1323 In voller Fahrt den seinen aufgehalten -
483 1245 2460 1466 Um - Frieden zu erbetteln unserm Land.
512 1427 1406 1656 Bewegung — Pause
503 1620 1427 1829 Freiherr: (ruhig)
480 1659 2586 1954 Das wäre möglich. Doch ich traf zum Blück
500 1868 2380 2094 In seinem Haus noch den Marqueso an,
509 2005 2592 2237 Den,eh' ich noch zum Antritt meines Amts
542 2192 2544 2404 Beim Kaiser dienstbereit mich meldete,
521 2297 2851 2559 Ich auf zusuchen angemessen fand.-
506 2452 2702 2711 Als Freund aus bessern Tagen, den es drängt
506 2642 2901 2866 Den Freund, eh er die Stadt,das Land verliesse,
509 2782 2749 3041 Ein letztes Mal in Herzlichkeit zu grüssen.
512 2940 2752 3157 So und nicht anders war mir selbst zu Sinn,
521 3068 2600 3289 Und ihn, der, wie ich keineswegs verhehle,
521 3211 2761 3467 Zuerst mich überrschascht und kühl empfing,
530 3390 2726 3646 Bald so wie mir.Denn eben, dass sein Wagen
518 3572 2523 3804 Bereit zur Abfahrt schon im Hofe stand
