3400 4040
2551 283 2730 497 155
1026 509 1133 657 —
547 529 987 729 Und dann
583 598 2129 833 (rasch) Wo ist das Pförtehen?
1972 714 2638 940 Gab es eins,
550 812 1020 981 Freiherr:
541 907 2893 1115 So ist es längst von Büsch und Dorn umstellt.
562 1065 2424 1270 Dominik: (ist wieder da ganz bereit
574 1300 961 1442 Konrad:
574 1341 2706 1546 Ich find es mir und Pfad und Weiher auch.
577 1529 2096 1731 Freiherr: (nach kurzem Sinnen)
589 1692 2248 1862 Vielleicht - wenn's dir bestimmt.
2168 1760 2989 2031 Auf Wiedersehn!
627 1829 1734 2067 (reicht ihm die Hand)
633 2022 862 2272 ab)
660 2299 2177 2492 Konrad: (bleibt allein zurück)
654 2430 2822 2667 Wenn's mit bestimmt.- Was sprach er da? En
2653 2519 2965 2664 klang
616 2578 2608 2786 Wie Spott beinah.Verdammte Art.So lang
601 2757 2917 2959 Er vor mir steht, fühl immer ich als Jüngling
619 2905 2914 3131 Als Knabe mich. Doch - nun er fort, weiss ich,
630 3027 2876 3253 Ich bin ein Mann — und er ist grau und alt.
642 3176 3039 3494 Noch könnt' ich fort. Und früher als jede Kunde
657 3467 2941 3729 Vom Hof und aus der Stadt, wär ich beim Heer.
648 3497 931 3637 Würxi
