3416 3976
2257 291 2624 443 3 36
603 510 2595 754 Um deine gache besser.Denn das hiesse,
603 644 2947 912 Dass deiner sie noch denket, dass du ihr lebst
606 862 1162 1025 Sylvester:
652 1011 2915 1194 Nicht einmal das -? Schon zum Gespenst gewor-
2633 1092 2854 1284 den?
606 1188 1089 1410 Freiherr:
647 1351 2805 1520 Dem wäre sie zu schrecken Macht verliehn.
600 1514 2548 1701 Du bist ein ausgelesen Buch,ein Name,
600 1669 1663 1847 Auf einem Grabstein.
1538 1797 2551 2021 Nun so will ich sie
612 1829 1153 2010 Sylvester:
609 1983 2790 2225 Zum mindsten fragen,ob in goldnen Lettern,
620 2158 1048 2342 Freiherr
661 2295 2834 2505 Nicht kränken wohlt' ich dich, vor Kränkung
609 2476 1107 2645 Bewahren
667 2601 2947 2764 Sylvester:Gab's ein feierlich Verlöbnis?
620 2752 2939 2936 Ist schon das Hochzeitsmahl bestellt? Zum Fest
600 2924 2388 3099 Die Gäste sohon geladen? Wartet gar
603 3073 2808 3279 Der Priester schon - und kann ich eben nur
603 3212 2487 3399 Zurecht als letzter,umgebetner Cast?
