6904 4504
6101 405 6310 641 121
3954 711 4492 941 Pretherr:
4020 841 6029 1080 Im Wasen kaum. Der Alte tapfer, schlicht
3975 1001 6174 1228 Und klar bis auf den Grund. Indess der Sohn
3981 1134 6180 1352 -Vielleicht verwegner noch, - zu höherm Ruhm
3987 1337 6304 1546 Vielleicht bestimmt doch minder zuverlässig.
3975 1506 4538 1700 Duf sagst —
4041 1618 6422 1842 Sylvester: Ich sagte nichts, ich kann' ihn kann
3981 1791 5481 1987 Freiherr: (wie vor sich hin)
3993 1936 6428 2075 Wie seltsam solch ein Sohn! Noch gestern reitet
3984 2045 6250 2251 Er auf des Vaters Knie,-trägt auf der Stirn
3993 2214 6422 2450 Den Helm aus Pappe,-schwint ein hölzern Schwert
4011 2390 6241 2568 Und aller spiele fröhlichstes heisst Krieg.
4008 2526 6313 2756 Und morgen ist's kein opiel.Für Vater, Mutter
4005 2671 6204 2889 Ein Kind wie ge stern noch (was ändert auch
4008 2862 6114 3067 Der zarte Flaum an solchem Milchgesicht)
4005 2989 6165 3176 Und redet - und gebärdet sich - und ficht
4017 3104 6313 3340 Und weiss wohl auch zu sterben wie ein Mann.
4008 3315 6268 3470 Ein bange's Glück solch einen Sohn zu haben.
4026 3427 6132 3681 Der kaum, dass wir an seiner Kindheit uns
4017 3597 5899 3845 Beruhigt ffeuen durften,in Gefahren
