3416 3992
2813 294 2952 526 45
558 460 2501 766 Erniedert und geschändet mir zurück;-
546 689 2587 906 Ja, hätt'st du als geduld 'ges Kissen nur
558 873 2949 1075 Mein Herz gewählt, drauf zwischen einem Schmerz
603 953 2854 1200 Dem gestern du entflohst - und einem Glück,
561 1135 2584 1369 Das dir für morgen blüht, für eine Nacht
564 1265 2548 1553 Du ausruhn wolltest;- - selig, Leonilda
579 1420 2498 1687 Wär' ich zu wachen über deinen Schlaf
588 1604 2599 1812 Und wüsste dich wie keines Andern mein,
576 1791 1708 2011 Leonilda: (so hmerzlich)
588 1856 2875 2147 O still,Sylvester! Schweige! Trüb' mir nicht
573 2088 1452 2314 De in edles Bild.
630 2147 2762 2412 Sylvester: Du sahet es niemals klarer.
600 2334 2816 2584 Ich bin dicht edel. Bin ein Mensch.Ein Mann,
573 2501 2884 2744 Der seiner Sehnsucht Ruf aus frühen Schauern
591 2649 2649 2917 Nach den Gefilden deiner Jugend schickt,
588 2839 2403 3071 Dass er in ihrem morgendlichen Duft
603 2955 2510 3240 Vom Abendfluch der Einsamkeit genese.
600 3199 1084 3374 Leonilda:
594 3273 2679 3502 Du einsam?-?! Den Gestalten tausendfach,
600 3413 2712 3665 Emporget aucht aus eigner Brust undrängen
