3336 3928
2693 291 2788 457 83
503 328 2966 604 Geheissen war xxx und seinen Werken. Jedoch
1840 546 2313 635 Bücherei!
503 601 2543 764 Als ich aus meines Vaters Bücherschrank
500 745 2794 920 Sie nahm und las, da merkt ich bald, dass, der
497 883 2414 1077 Sie ausgedacht ein Andrer war als du.
488 1055 2485 1242 Mir hätt es weh getan zu glauben, dass
497 1181 2420 1390 Wer so an Indisches in Hass und Liebe
475 1331 2439 1528 Sein Herz verschwendete,wer ohne Wahl
482 1509 2402 1653 An Zeitliches sich hingab und verlor,
2270 1629 2497 1718 land
479 1644 2537 1834 Der Gleiche wäre, der durch Märchenwelt,
982 1767 1169 1877 mit
512 1807 2408 1963 Darüber blau die Ewigkeit erglänzte,
525 1905 2512 2083 Mich sanft mit wundersamer Hand geführ
552 2034 2629 2181 (Mit sanfter Hand mich wundersam geführt
472 2163 994 2365 Sylvester;
521 2294 2509 2488 Ob's weh tut oder nicht,es ist nun so,
503 2457 1856 2666 Dass ich - der Andre bin.
479 2583 945 2788 Leonilda:
1448 2647 2595 2841 Du warst es nie.
