3416 3944
2620 309 2813 466 130
549 469 1059 614 Freiherr:
605 573 2519 786 So lästerlichen Eid weis‘ ich zurück.
555 772 1107 959 Sylvester:
611 875 2588 1137 Bedeutet meiner Werbung dies ein Nein?
561 1077 1036 1270 Freiherr:
602 1190 2828 1448 Kein Nein, kein Ja.Für beides ist ’s zu früh.
552 1338 2537 1496 Denn wär ich im Gefühl dir auch so nah
967 1490 1145 1579 nun
543 1540 2813 1709 Als ich fern dir ward- und so beglückt,
564 1659 2579 1819 Von meiner Tochter Wahl, als ich vorerst
552 1795 2632 2042 Noch zägre es zu sein; -ich wollte nimmer
540 1970 2273 2125 So unbedacht und eilig Euern Bund
540 2157 2920 2294 Als Ihr zu schliessen ihn gewillt seid,segnen.
537 2267 2837 2481 Und ich mir gleich bekannt, dass manches Paar
552 2407 2561 2570 Sich an der Kirche Segen, wenn nicht gar
525 2555 2350 2718 Am himmlichen allein genügen lässt,
534 2706 2401 2881 Euch bietet auch der väterliche sich
579 2858 2419 3009 Zu so geringem Preise, dass Ihr Euch
596 2991 2427 3160 Basu verstehen dürftet. Weiter nichts
490 3131 2522 3220 Bedenkzeit mir verlang ich. Nicht für mich
605 3214 2576 3327 verlang ich als Bedenkseit, und nicht etwa
2175 3279 2751 3401 - und dich.
525 3294 2706 3478 Rür mich. - Bedenkzeit nur für Euch. Beharrt
