3448 4040
2436 302 2872 536 3 2 b
477 508 2925 720 Nun -wie ’s auch sei - er hat sein Spiel vertan.
470 632 2573 897 Und wer gewann, -in jedem Fall bin ich's.
483 931 1825 1187 Leonilda: (kommt) -Konrad.
505 1059 2872 1333 Leonilda: (kommt langsam) (Sie schauen einan-
480 1255 2987 1467 der zuerst still an, dann sinkt sie in seine Arme
505 1452 2367 1645 ohne sich ganz zu lösen spricht sie)
558 1586 2009 1785 — Und warst mit einmal fort!
1934 1670 2775 1906 Du lagst so tief
498 1744 888 1953 Konrd:
489 1869 2467 2053 In Schlaf - da schlich ich mich davon.
2246 2031 2791 2249 Ich könnte
508 2059 987 2258 Leonilda:
489 2212 2321 2414 Mir einen denken, der gewartet hätte
492 2349 1271 2564 Bis ich erwählt.
1249 2414 2635 2713 Liebste -Schönste - - Nixe!
495 2520 897 2694 Konrad :
514 2651 1592 2866 Leonilda: (ungehalten)
502 2741 2542 2975 Neun' mich nicht so. Ich bat dich schon.
2411 2931 2754 3112 Vergib
505 2987 885 3165 Konrad :
508 3103 2685 3305 Doch als ich dich der Flut entsteigen sah,
486 3255 2747 3448 Da tauchte gleich in mir - aus Kinderzeiten
495 3433 2436 3623 Ein halbvergessnes Märchen wider auf.
