3432 3960
2718 229 2905 412 67
575 461 2649 740 Nach deinem Kind,bin abends ich bei dir.
584 719 1087 942 Freiherr:
587 822 2763 1050 Du fändest mich nicht mehr. Mein unnütz Amt
605 975 2625 1189 Ein Andrer mag's verwalten. Unverzüglich
611 1090 2673 1361 Leg ich’s zurück in meines Fürsten Hände
623 1231 2438 1508 Und zieh mit meinem alten Regiment,
638 1397 3028 1652 Wie ich für solchen Fall mir schwor,in's Feld
641 1680 1180 1830 Παυκκακδυν
644 1791 1141 2044 Leonilda:
692 1809 2887 2137 Du selbst ins Feld, des Friedens Hüter du?
656 2143 1177 2294 Freiherr:
713 2137 2905 2432 Ein würdiger Ding ist Tat, selbst ohne Sinn
665 2294 3091 2574 Als Wort, das ohne Macht, sei's noch so weise.
680 2571 1640 2817 Dominik: (komnit)
734 2598 3061 2956 Herr Thorn ist nicht im Garten, nicht in Haus.
698 2847 2068 3121 Doch niemand sah ihn gehn.
713 2875 2902 3260 Freiherr und Leonilda sehen einander an).
734 3185 1845 3425 Seketär: (kommt rasch)
2011 3188 2956 3425 Nun endlich,Ungad,
701 3377 1165 3600 Freiherr:
