3352 3928
2762 263 2891 493 89
543 394 2413 591 Leonilda: (befremdet, nicht ergriffen)
1126 591 2314 815 Er vermählt sich -? Und
526 732 971 917 Mit wem?
514 857 2547 1093 Freiherr: Mit einer, der wir im Gespräch
558 1057 2709 1242 Heut' sohon gedacht.Derselben, die du hier
570 1186 2762 1368 Vor vielen Jahren - an der gleichen stelle
558 1329 1866 1496 Gesehn hast - und gehört.
567 1478 1063 1690 Leonilda:
1786 1493 2488 1681 Die Sängerin,
555 1657 2888 1807 Mit der er damals hier... Das kann nicht sein.
493 1813 988 1989 Freiherr:
541 1968 1123 2141 Doch is t’s.
541 2075 2786 2281 Leonilda: Du sagtest selbst - erinnre dich
496 2237 2482 2440 Vor einer Stunde sagtest du,sic hätten
526 2407 2473 2601 Einander längst  verlassen.
484 2550 974 2762 Freiherr:
2117 2556 2852 2756 ist auch so,
529 2676 2756 2944 Doch fanden sie sich wieder, wie es scheint,
490 2876 971 3067 Leonilda:
514 3049 2918 3195 Sie - fanden sich -? Ich weiss, wie das geschah-
472 3165 2685 3371 Wenn es geschah! Sie fühlte ihre Schönheit
508 3339 2344 3488 Hinschwinden, ihre Jugend und so hat
561 3464 2532 3700 ihn, den Gütigsten, aufs Neu umgarnt.
