3400 3976
2549 211 2675 460 33
627 384 2936 718 Noch bot sie mir die Stirn zum Kusse, hauchte
624 589 2526 882 Ein unverständlich Wort und hinüber.
668 841 1128 1005 Freiherr:
689 958 2886 1172 Und du von kaum geschlossnen Särgen kommst
642 1125 1453 1327 Als Freier her?
683 1169 2737 1456 Sylvester: Als Freier ging ich schon.
648 1444 2532 1606 Und gab ich an der Beider Totenbette
639 1503 2971 1761 So heissem Schmerz mich hin, wie je ein Gatte,
645 1746 3003 1913 Ein Vater ihn gefühlt, -- mich drein verlieren
653 1899 2810 2080 Wär Schwäche,-zu verweilen,wo mich nichts
650 2004 2751 2244 Mehr hielt wär' Heuchelei:-doch etwa gar
645 2209 2455 2388 Der vorgesetzten Reise zu entsagen
656 2344 2476 2540 Und allem, was an ihrem Ziele stand,
645 2429 2801 2693 Dies wär ein feiges Missverstehn gewesen
700 2655 2971 2836 Des furchtbar grossen Zeichens, dem ich mich
788 2760 1169 2868 Leid, - in
674 2813 2740 2997 In heisor And acht und in Hoffnung beuge,
671 2974 1887 3135 Freiherr: (ohne Schärfe)
671 3106 2696 3299 Ich aber fürohte fast du deutest anders
662 3255 2965 3443 Als dir's von dort, woher die Zeichen kommen,
674 3393 3006 3578 Vermeint sein mag. Und wenn du Zeichen glaubst
