3432 3992
2627 321 2900 492 22211
2633 453 2804 561 122
537 613 2918 859 Und Fernen uns entwächst - und fern uns bleibt
552 751 2951 985 Auch wenn er rückkehrt - denn er ward ein Mann.
552 925 2732 1117 Drum - eine Tochter wünsche dir,Sylvester,
610 1087 2573 1282 Wie mir der Himmel gütig sie beschert,
564 1204 2690 1453 Die - wer sie auch entführe, unser bleibt.
579 1372 2699 1594 Und immer nah, wie weit sie auch entrückt.
1156 1513 2732 1777 fühlst, mein Freund - wie macht’s
594 1615 1108 1780 Sxlvester:
597 1639 2744 1871 Dass du das se empfindest macht mich froh
597 1889 1483 2087 Für dich undmich.
622 2009 2084 2210 Freiherr: (befrem eter Blick
607 2171 1811 2366 Sylvester : (plöttlich)
1435 2267 2804 2489 Du hast ein herrlich Kind.
628 2516 1090 2693 Freiherr
670 2645 1321 2855 -Was ist dir?
658 2750 2771 2972 Sylvester: Lass aus deinen Händen mich,
703 2906 3063 3126 Freund meiner Jugend,höchstes Glück empfangen,
655 3066 2015 3279 Gib Leonilda mir zur Frau,
682 3183 2711 3441 Freiherr; (erschrocken) Sylvester! —
2894 3252 3042 3474 —
673 3312 2744 3567 Was ist dir, frag ich nochmals Blick xxx
673 3459 3087 3723 Ein Scherz gewiss, doch fass ich nicht den Sinn.
