3352 3960
2544 253 2666 426 103
400 379 2562 579 War's nur der Mühe wert die Hand zu haben,
382 563 2631 770 Die Blatt um Blatt ins Feuer gleiten liess,
397 751 2916 967 Längst schon war Staub, was endlich ###sche worden.
532 967 979 1126 said Mr
388 1001 2681 1239 Wo sind sie hin des Glüoks durchglühte Tage?
388 1205 2581 1352 Und reich wie die, die Tage Blut’gen Leids.
379 1327 2663 1505 Ihr grauen Morgen,schwer von dunklen Fragen,
429 1502 2056 1696 Erlösend linde Dämmerungen ihr,
388 1639 2547 1818 Ihr Nächte, unergründlich und erfind 'risch
400 1793 2669 1990 In Lust und Qual! Ihr heiter-trunknen Feste,
422 1924 2913 2140 Gespräche leicht und schwer im Kreis der Freunde
382 2087 2259 2271 Ihr Frühlingsgänge unter Wipfelgrün,
385 2228 2359 2437 Am Waldesrand ihr Mittagswiesenrasten,
385 2422 2300 2591 Falterumschwirrt und himmelüberblaut,
382 2553 2381 2753 Herbsteinsamkeiten firmenkalt und rein
432 2694 2562 2897 Und endlich, Stunden, heil’ge ihr des Werks
426 2850 2497 3069 Um das zu ringen; nicht das Zu vollenden
435 3026 2475 3185 Vergönnt mir war,-wo seid ihr alle hin?
438 3107 2925 3348 Wie fass' ich auch? Was fass ich, wenn ich fasse?
454 3313 2785 3492 Ihr wart doch einst gelebt!-Und unter Siegeln
