3416 4040
2308 395 2500 562 156
611 492 2898 772 Stünd' ich vor meinem Vater. Doch was hülf's
614 711 2807 933 Ich bring ihm keine Antwort auf den Brief,
608 881 2709 1115 Don er dem Kaiser schrieb.-Doch eben das
608 1027 2922 1264 Wer weiss - - wenn ich versuchte - gleich zu
2643 1139 2904 1270 Pferd
617 1145 2530 1412 Und ohne Rast die strasse hingetürmt,
787 1324 984 1431 hält
614 1300 2849 1570 Was kann mich hier zurück? Was drüekt mich
2485 1446 2864 1580 nieder?
620 1528 2609 1725 Ist's nur nach diesem tollen Dauerritt
614 1616 2634 1886 Die überschwere Mattigkeit der Glieder,
629 1777 3062 2026 Ist's nicht vielmehr des Freiherrn Wort dawider
626 1941 2558 2184 Mich aufzulehnen mir an Mut gebricht,
671 2126 2852 2312 Gleich wie er vor dem Vater stets versagt.
623 2214 2567 2448 So dass ich wider bessres Wissen mich
617 2457 2594 2591 Der zagsten Ueberlegung kraftlos füge.
696 2582 2664 2749 Vergiftet ist die Welt von Greisenatem
686 2716 2552 2880 Man sollte sie erschlagen allesammt,
620 2861 2567 3047 Dass listig anerzogne Ehrfurcht nicht
2740 2931 3013 3089 beld
677 3022 3016 3208 Sich durch das Mark der Jugend wühlent-ballt
629 3208 3068 3384 Sie selbst so schwach und feig wie Greise macht
