6744 4152
1527 1103 2562 1331 Geschätzung ausgeschri¬
1296 1726 1489 1897 G.F:F:S:
1562 1694 2164 1903 délare V ez'
2205 1874 2810 2058 geinl wied
2241 2032 2710 2209 or I r addam
1543 2665 2154 2836 sab Jnöri O3
2000 2781 2398 2990 18 siei
1675 2813 1887 2958 d e e
1874 2971 2096 3119 no 4
1122 3064 2414 3315 und man sein, dass der Stadt so wie
987 3241 2646 3430 Im A sib soi anoldes!-tum doin maa-
1000 3408 2662 3594 ein bau mieh niemmaa gos -
1479 3553 2810 3765 zum Febürd ein - aschebauet
6096 257 6305 444 55
3913 437 4446 688 Freiherr:
3906 575 6150 839 So ziemt es Edlen selbst vor dem Turnier.
4533 765 5038 936 d xxxe ifIe
2816 784 3045 955 me V
3932 801 4379 993 Konrad:
5633 749 6012 974 beruhiot
3954 897 6141 1080 Sehr wohl gesprochen, te urer Ohm, entsühnt,
3906 1077 6211 1283 War’s auch nicht Absicht, hat mich Euer Wort,
3919 1222 5900 1389 Vertau ist seine Tüeke. Und nicht eher
3954 1366 6012 1550 Will ich ihm wieder Aug in Auge stehn,
3919 1530 6330 1736 Als - meiner Schmach in Blut mich zu entsühnen
3926 1710 6041 1878 Ich's mit gezücktem Degen darf und muss.
5674 1794 5964 1890 diesen
3961 1823 6337 1997 Helft mir dazu! ’s ist nicht um meinen Degen.
3958 2003 6086 2164 Der ist von tausend einer; -wie mein Mund
3906 2099 6337 2318 Für tausend andre spricht, die mir nicht xxx
3935 2286 6096 2504 Und wann Ihr ihnen,wenn Ihr mir misstraut
3983 2456 6051 2623 Als einen, der zu jung und töricht wäre,
3932 2582 6038 2775 Don's nach Gefahr und Abenteuern lookt,
3926 2749 6514 2910 Spricht dieser Brief nicht laut genug? Mein Vaten
3945 2871 6427 3080 Ihr kennt ihn, ist von Ruhm und Schlachten satt,
3967 3048 6436 3241 Kein Tor, kein Jüngling mehr,-und weiss wie ich,
3922 3209 5980 3414 Wie tausend Andre, dass mit jedem Tag,
3974 3353 6080 3585 Mit jeder Stunde, die wir weiter zögern,
