3464 3992
2450 337 2607 622 56
418 573 2531 837 Die an den Eingang deiner Fahrt gestellt,
427 808 2450 1020 Dir kühnen Knaben sie so reich gesegnet
439 915 2656 1180 Wie's kaum in Sagenzeit von Himmelstöchtern
450 1081 2095 1383 Unwürd ‘gen Erdensöhnen widerfuhr
442 1261 834 1471 Konrad:
448 1401 2784 1596 Und wie's auch manchmal schönen Erdentöchtern
500 1564 2313 1851 Mit Göttersöhnen mag begegnet sein.
468 1718 945 1968 Freiherr:
439 1793 2252 2145 So fern sie nicht Abenteurer sind.
471 2026 849 2287 Konrad:
465 2092 2738 2366 Auch solche gibt ’s.Doch niemand weiss vorher
477 2351 2543 2563 Wohin ihr Weg, wie tief,wie hoch er führt
474 2488 2380 2691 Und solcher Abenteurer Art ist's eben
462 2630 2342 2877 Auf ihrem Weg,aus Laun,aus ungeduld
471 2787 2424 3022 Zu nehmen, was das gute Glück beschert.
474 2941 2528 3194 Sei's Göttin, Bäu 'rin, Fräulein oder Nixe.
506 3101 976 3360 Freiherr:
535 3191 2296 3470 Doch wenn sie allzu ungeduldig sin
500 3400 2313 3691 Und allzu launisch mag in allen Glück
