3416 3960
2264 240 2585 468 3 40
468 415 2523 646 Das Kind schon übermächtig zu dir zog,-
471 649 2770 834 Und - jenseits meines Irrtums bleib mir nah.
475 790 1037 996 Sylvester:
490 931 2585 1121 Und wenn du irrtest,bist du ganz gewiss,
484 1043 2926 1261 Dass nun kein schlimmer Irrtum dich befängt -
537 1246 2695 1421 Soll ein Gefühl, das du aus Kindheitstagen
503 1399 2473 1571 Getreu mir über ein Jahrzehnt bewahrt,
509 1552 2592 1730 Nur Wahn gewesen sein? Ist nicht vielmehr
543 1667 2973 1889 Ein Wahn der Zauber, der dich heut umschleicht?
512 1877 1424 2048 Und wird verwehn?
1308 2002 2601 2173 Er wird. Ich weiss. Jedoch
581 2033 1062 2211 Leonilda:
534 2176 2461 2329 Was du mir bist,wird ewig sein.Irrtum
521 2267 3035 2510 War nur - (wer kann's verstehn wie dul)die Deutung
518 2461 2523 2632 Die seiner Treue für den fernen Freund
543 2623 2614 2810 7 Mein dämmernd unerwecktes Herz verlieh.
540 2792 1087 2998 Sylvester:
584 2929 2994 3088 Und da's erweckt ist, heisst sein erster Schlag
546 3079 940 3279 Verrat!
618 3226 1602 3432 Leonilda:Sylvester!
1468 3360 2745 3575 Wie, vergas sest du, dassan
603 3416 1146 3622 Sylvester:
