6680 4152
3783 325 4338 516 Unsichtbar
3771 361 6045 561 Vergessen fast, sich in die Waldung öffnend.
662 400 2841 809 Tiewe doch-, und das imblad so! dassen denn
3765 558 4276 761 Freiherr:
794 600 2829 964 3 gaufneg neubssa som idem doos tim fie¬
3828 630 6221 1000 -Wie, sie verliess den Garten? Sahst du recht?-
874 743 2811 1098 nissiß zamiedeg esuT xxxdi Jstosbst xxx
3765 895 4234 1098 Anselma:
5126 937 5335 1065 G.F.P.
3822 1032 5932 1247 Ihr weisses Nachtkleid schimmerte voran.
639 1038 2566 1405 Tami sast. Moausied ab Jnadtauf sie xxx
3810 1179 5777 1393 Und weiter eilte sie, unbekannten Bfad
3774 1361 5702 1596 Zu einem weglos abgeschiednen Weiher.
1050 1378 2846 1677 neidosntemmo2 selb wuos si Jo saad
3876 1492 6281 1692 Seit ich ein Kind war fand ich nicht mehr hin
886 1507 2900 1838 majia meh Jus. aaeiluev wesmeß bau die¬
3768 1641 5979 1877 Und meinte oft, ich hätt  ihn nur geträumt.
582 1686 2870 1981 .med oiupie us dola Jluj neh douaH mieient mÄ
3789 1847 4320 2032 Freßherr:
1029 1829 2945 2095 oqqenJiebmeW elb daaik nous mellewuS
4392 1847 4586 2017 P.S.
3834 1913 5970 2151 Geträumt? Wovon? Von jenem Teich im Wadd?
985 1996 2921 2256 sich mzamle das s. Teil meine
5642 2112 5899 2277 a c11
3786 2139 4243 2342 Anselma:
1531 2104 2951 2369 gut seitüd baa diedleimud aI
1161 2232 1474 2414 adame
3846 2262 5902 2462 Von einem schillernd grünen Riesenauge,
633 2297 2930 2647 .Jasuwen xxx überl wien tanns I xxx nova
3768 2435 6084 2596 Das wie in ew 'ger schmerzensvoller Wachheit,
2127 2459 2960 2644 i 't'a t ̃ a og x
2306 2566 2921 2733 . et 1o r 1 d ee d
3849 2569 5968 2805 Aus Erdenschoss empor zum Himmel starrt.
2330 2688 2930 2885 es dela e ifi
5699 2682 5968 2915 Mund,
3786 2715 5517 2957 Dorthin -
3849 2849 5893 3076 Freiherr: Dorthin -?
2724 2978 2981 3166 die zu
3804 3029 5902 3216 Anselma: Enteilt mir Leomilda.
3807 3163 6111 3387 Entschwebt, entschwindet mir in Uferschatten,
3831 3288 5884 3583 Bis mir nach kurzer Weile, ondumspielt,
