6664 4136
3804 407 6097 694 Das all die Jahre her mein Herz durchhellte,
3815 628 5778 805 Seit jenem Abend, da er uns verliessY.
3852 748 4394 900 Freiherr:
3809 883 5692 1086 Du denkst noch jenes Abends?
2167 972 2941 1204 xx w xxx wir:
3855 1020 4380 1204 Loonilda:
4483 1040 6045 1224 Abschied schwebte
2743 1141 2961 1321 G.H.F.P
3789 1178 5990 1387 Wie Dunst im Raum und fiel auf Eurer Worte
3792 1353 5902 1551 Sonst so beschwingtes Hin-und Widerspiel
3783 1488 6008 1671 Gleich wie auf Degen, die im Nebel kreuzen.
3824 1654 6013 1823 Und wie hervor aus Nebeln klang das Lied,
3763 1797 6074 2001 Das, am Spinett sich selber leid's begldétend,
3763 1935 5807 2175 Mit dunkler Stimme seine Liebste sang.
3769 2078 4294 2302 Freiherr:
1267 2130 1465 2333 G. A.P.
3806 2201 5245 2431 Auch ihrer denkst du noch?
3758 2405 4294 2571 Loonilda:
5047 2416 6039 2623 Sie war sehr so hön.
1009 2405 1766 2666 .i doia siejfe,
3746 2565 5947 2746 Jedoch ihr Lächeln hart-und bös ihr Bliok.
1003 2597 1952 2823 Tidmja mai nov hx-
3735 2697 4254 2892 Freiherr:
1129 2752 2058 2961 xxx gegrÄ nebst xxx
3766 2815 5844 3078 gahst du sie so? Ich fand hhr Auge hell,
969 2918 2058 3121 Meieg Boden medel die
3726 2998 5741 3196 Ihr Lächeln so gefällig, wie ’s die Welt
1336 3070 2124 3293 würde mich xxx
3749 3173 5873 3356 Von Fraun verlangt, die ihrer Gaben Glück,
886 3219 2967 3405 Idnes Iaen xxxmies al doos xxx-'durch beim
3755 3348 5884 3528 Tanz oder Sang in freien spiel der Bühne
831 3388 2863 3634 siste miederlegstgüt schonl aab ou xxx
