3400 3976
2631 241 2799 433 138
546 390 2997 628 Dominik: (vom Schlosse her mit Leuchte bald nach
555 585 2009 777 ihm, Konrad, Freiherr, Anselma)
549 729 2912 890 Freiherr: (bemerkt zuerst nur den Fackelschein
549 860 2799 1027 Was gibts-? Wer kommt? Konrad von Ursenbeck?
546 1006 985 1189 Anselma:
530 1171 2479 1344 So nah ahnt ich die Erfüllung kaum.
543 1290 2927 1512 Freiherr: (Blick auf sie dann Konrad entgegen)
530 1457 1558 1662 Konrad: (sehr eilig)
530 1640 2329 1808 Herr Ohm - mein gnäd 'ges Fräulein
2076 1771 2884 1985 Sei willkommen.
530 1774 1034 1927 Freiherr:
558 1909 1793 2110 (in absichtlicher Kühle)
537 2098 2969 2210 Mtskxtrautikirastaan sekää
534 2177 2927 2302 Mich freuts, dass meinem Wunsch du doch gefolgt
579 2265 2680 2494 Auf Maienau noch einmal Rast zu halten.
530 2421 912 2610 Konrad:
534 2537 2826 2707 Viel Dank, Herr Ohm.Jedoch auch diesmal ist’s
527 2695 2811 2857 Um Bast und Herberg nicht, dass ich verweile.
521 2820 2683 3021 Und war es eines Marschalls Brief,mit dem
521 2976 2427 3143 Bei Tageslicht mir Einlass ich erbat
521 3125 2424 3305 Muss zu so später Stunde füglich mir
555 3293 2674 3445 Entschuldigung ein höherer Auftrag sein.
