3320 3912
2586 306 2675 473 77
452 410 2268 645 Und so wie Ufersand von Meereswelle
443 704 2333 817 Von neuen Lebensfluten stets bedroht
434 776 2660 978 Jedoch wie solchen Staub, der sonst verwehte
422 924 2711 1127 Des Bildners Hand umklammert hält und formt,
437 1103 2530 1257 So ballt mit seinem Zaubergriff das Wort
440 1260 2369 1495 Verfliessendes,Verflossenes zusammen.
485 1412 2750 1593 Und schafft, wenn s aus erfüllter Seele kam,
437 1549 2235 1822 In übermächt ge Wirklichkeiten um.
434 1781 939 1977 Freiherr:
437 1846 2322 2042 Und solche übermächt 'ge Wirklichkeit
437 2075 1914 2292 Ist's, die dein Buch enthält?
1718 2200 2646 2420 Das magwohl sein.
449 2244 984 2449 Sylvester:
440 2369 2833 2550 Und wie nun, frag ich, wenn ’s mich später lookte
434 2527 2333 2717 Don, der ich bin an dem zu messen, der
499 2708 2530 2883 Ich einmal war - und das Vergangne sich
443 2848 2316 3050 Im jugendhellen spiegel meines Worts
449 3011 2366 3210 Lebend’ger als die Gegenwart erwiese.
440 3169 1691 3365 Das ist,wovor mir bangt.
1575 3270 2586 3505 Und wenn das Spiel
440 3314 930 3534 Freiherr;
