6648 4184
5905 155 6072 488 25
3750 367 5653 606 Begrüsste mich so nah zum ersten Mal
3753 655 5593 791 Ein Glanz von angeborner Majestät.-
3768 749 5926 943 Und als er,huldreich-lächelud zwar, jedoch
3747 903 5656 1079 Mit fürstlicher Gebärde mir die Hand
3747 1031 5826 1255 Zum Kusse bot und ich mich niederbeugte
3786 1246 5762 1367 Sie leise mit den Lippen zu berühren,
3759 1352 6066 1585 Schwoll mir das Herz, und nicht von Liebe nur
3768 1488 5966 1698 Zu meines Fürsten Sohn, dem schönen Knaben,
3768 1673 6066 1937 Dem ich bestimmt als Lern-und Spielgenosse,-
3768 1849 5050 2004 Nein, auch in Demut - "
3768 1958 5168 2261 Freiherr: (unterbricht ihn)
4656 2098 5647 2376 Domut,sagt ich so?
3774 2252 4956 2546 Andreas: (liest weiter)
3804 2401 5644 2616 „In Domut vor dem wunderbaren Kind,
3780 2586 4898 2777 Das mein Geschick -
3792 2728 5735 3013 Freiherr: (unterbricht ihn) leichthin)
4565 2937 6253 3080 Satzt „Gott“,es ist das Gleiche.
3819 3013 5038 3310 Andreas: (liest weiter)
3804 3228 5868 3477 „Zu meinem künft 'gen Kaiser auserlesen.
3795 3413 4674 3580 Freiherr; (rasch)
3783 3507 6217 3747 Demut -? Das Wort ist falsch. Mein Vater hatte
