3448 4024
497 437 2616 664 Und ich (-es war nicht List; -Entscheidung
2452 499 2784 621 schien
494 570 2616 851 Mir selbst nun unverrückbar festzustehen-
502 712 2792 1053 Die Hand ihm wie zu langem Abschied drückte,
525 919 2690 1141 Gab Freiheit unsern Worten - wie noch nie.
539 1092 1319 1376 (sich steigernd
542 1186 2437 1456 Worum wir oft vergeblich uns bemüht.
545 1345 2684 1623 Wenn wir, in unsrer Würden Kleid gezwängt,
553 1490 2418 1759 Kalt abgewogne Silben unsern Lippen,
553 1654 2386 1907 Rückhältige Gedanken von der Stirn,
568 1842 2338 2088 Einander höflich abgelesen hatten-
573 1947 2829 2222 Nun - da's ein Abschied zweier Freunde war
590 2128 2318 2355 Uns Beide jeglicher Verantwortung
599 2256 2542 2511 Entbunden fühlend, liessen acht los wir
602 2398 2593 2676 Die fahlen Masken unsres Amtes fallen.
627 2562 2812 2820 Und wie sich dann im Fluss der Wechselrede
638 2715 2772 2991 In die kein Zweck mehr trübe Wirbel riss,
653 2889 2432 3141 Irrtum aufklärte, Vorurteil zerrann
653 3011 2537 3289 Und ohne Hoo hmut, Mis straunn Vorbehalt
684 3172 2752 3467 Wir uns, zwei Menschen,Aug in Auge sahen,
664 3340 2769 3692 Da fless von unsern unverwirrten Blicken
