6616 4136
3762 347 4288 562 Freiherr:
3732 415 5883 707 Wenn ihn der Zufall nicht dorthin gesetzt
3735 645 6120 913 ich seh ihn noch, ein Stein wie tausend andre -
3768 845 4239 1042 Anselma:
4368 858 5201 993 auch kein Aug.ke
3725 962 5929 1165 Für uns vielleicht, doch kaum für Leonilda.
3725 1076 5923 1331 Denn anders nicht, als wär's ein Heiligtum,
3728 1276 5720 1454 So schreitet sie verzückten Angesichts
3722 1448 5938 1614 Dem Steinblock zu mit hochgehobnen Händen.
2084 1546 3006 1718 dus xxx gedü xxxE
1826 1528 2007 1700 G.H.F:P:
3728 1549 6108 1795 Und nun langsam zuerst, dann rasch und rascher,
1654 1657 2084 1878 adieu,
2228 1660 2776 1890 Todem alds?
3781 1712 5837 1967 Wirbelkreisen, dass die Haare flattern,
1454 1844 2259 2038 in a.d.a.ofassungen
2496 1841 2757 2056 G.H.F.F:P:H:H.H:F:H
3732 1881 5219 2109 preht sie sich um den Stein.
1343 1995 2948 2179 selgon? Dennsid eib dies meidl xxx
5087 1979 5926 2250 Om's Götterbild.
3732 1998 4746 2265 Freiherr: (lächelnd)
1190 2136 2806 2361 xxx eis. xxx sind xxx
3738 2225 4537 2401 Anselma: (ernst)
3732 2238 6203 2465 Fest hätt ich so gesagt.Denn wie sie endlich
1082 2281 2671 2496 haut darauf og og; mai Jded leda
3744 2410 5852 2616 Sich niedersinken lässt und ihre Glieder
1100 2416 2158 2634 dola csadl med. mai
3741 2533 5690 2782 Im Rasen dehnt, aufatmend wie erlöst,-
1085 2570 2410 2797 .sTA beu m A ne flüH geb moc
3744 2745 6000 2902 Ist mir, als blinke zwischen Grau und Grün -
1110 2714 2370 2942 Daseift aa-, sie xxx
2591 2773 2748 2948 s de
3781 2840 6104 3046 Dies log kein Zitterstrahl des Monds mir vor
1033 2895 2705 3080 M meidl mu dassiil sebmen! Ilovst
3775 3009 5563 3212 Als blinkte hinter Moos und Stein
931 3012 2453 3209 xxx ses sollotid aa usw med
2591 3095 2846 3258 G.C.F.P.
4429 3191 4629 3381 )
1266 3181 2877 3433 xxx mich xxx wie xxxa
3756 3209 4371 3387 (sie zögert
3732 3261 6117 3486 Freiherr:   Was blinkte?
1399 3335 2846 3535 mit der xxx nachzusammenen sooM
1168 3479 2957 3664 eingeschrieben, dass die mießereige xxx
