3464 3976
2547 308 2753 451 58
475 493 2440 773 In bessrer Hut dich halten als bisher.
475 702 1639 953 Den Degen mir sogleich
484 839 2819 1111 Konrad : (nach kurzem Zögern überreicht ihm den
454 1108 812 1245 Degen
555 1126 2655 1398 Leonilda:   Was tust du,Vater?
493 1233 2798 1556 Nemst du Verrat,was er beging,dann musst du
517 1448 2332 1693 Verhängen gleiche strafe über mich.
508 1601 2646 1837 Prag auf sein Schwert, auf aeine Ehre hin,
514 1747 2649 2001 Wer ihn, dem Schwankenden, der schon bereit
579 1878 2986 2153 Den leichtern Weg zu gehn, den du ihm zeigtest,
535 2081 2747 2290 Den andern, seiner würd’gern wies? Verräter -
529 2213 2756 2452 So nennt' ich ihn, hätt' er um mich, um dich
546 2416 2401 2637 Um kaiserliche Gunst getan, was er -
549 2491 2747 2774 Und wenn’s auch später hundertmal als klug
570 2643 2977 2921 Und Becht sich zeigte, heut als Unrecht fühlte;-
615 2813 3001 3055 Dreifaches Unrecht, wie 'n mir selbst erscheint:
579 3013 2598 3225 Genüber sich, dem Vater - und dem Reich.
690 3213 1135 3416 reiherr
642 3309 2864 3533 Und schien’s in diesem jugenblicke dreifach
603 3440 2783 3715 Unrecht -und hundertfach;-ist dieser nicht
