3400 4040
2594 322 2689 494 3
1144 443 1666 679 Dritte
1708 462 2565 634 r Aufzug.
411 548 2976 822 Dekoration des ersten Aufzuges. Frühe Morgenstunde
408 723 2864 1004 Konrad,an der Türe rechts, spricht mit dem Reit-
411 886 803 1074 knecht.
443 1029 870 1239 Konrad:
452 1173 2868 1373 Merk wohl: dort, wo die Strass in scharfer Bie
2619 1341 2852 1517 gung
389 1405 2539 1529 Des Hügels Rand verlässt,um hart am Strom
392 1545 2533 1721 Südwärts zu laufen,wartest du.Frägt einer
398 1692 2422 1877 Im Schloss, wohin du beide Rosse führst,
386 1858 586 1988 Sag
475 1988 2457 2170 (er denk einen Moment nach) (dann rasch)
548 2141 2425 2304 was du willst.Es kümmert keinen.Geh!
389 2259 1144 2450 Reitknecht: (ab
386 2463 758 2641 Konrad:
386 2562 2482 2775 Zwei Nächte und ein Tag verstrichen seit
363 2769 2641 2935 Der Freiherr fort.Zwar setzt er keine Frist,
360 2919 2269 3107 Doch er selbst so wenig mir vertraut
360 3062 2562 3256 Dass er mit Zauberkünsten hier mich bandte
366 3209 2460 3387 Bin jeder Pflicht ich ledig.-Zwar,er tat
357 3390 2527 3530 Als warnt er vor dem Gang zum Weiher mich,
357 3527 2508 3696 Doch wusst er wohl, dass diese Warnung nur
