3448 4024
718 498 907 727 um?
556 675 1234 895 (nah zu ihr)
831 770 2400 983 Noch eine dritte Nacht an dich
565 916 2556 1154 An diesen Mund,an dieses Herz gedrängt
516 1102 2574 1319 So trankst du all mein Nesen so in dich
498 1215 2608 1447 Dass ich mit Leib und Seele dir verfiel.
528 1383 2712 1622 Und davor war mir hang.Nun kommt de in Vater
525 1533 2984 1811 Und schickt mich selbst - ich bim ’s gewiss - zum
2693 1646 2977 1805 Heer.
531 1747 2574 2037 So wart ich kaiserlichen Auftrags hier.
556 2049 2904 2324 Freiherr und Sekretär im Gespräch - Leonilda
553 2275 947 2455 Konrad.
608 2434 1109 2626 Freiherr ;
583 2452 2593 2779 Den ganzen Schriftenwechsel findet Ihr
553 2736 2434 2922 Im dritten Fach.Daneben lose Blätter
544 2849 2641 3054 Mit Ueberschrift:Berichtigung der Grenze
562 3029 2843 3206 Landkarten liegen bei - die schnürt mit ein,
562 3170 2153 3448 Sekretär:(ab) (auf die Galerie
