3320 3944
526 419 2476 615 Entgegen. Doch sie halten sich vorerst,
514 583 2559 743 Der Freunde Unterredung nicht zu stören
511 728 2449 939 Bescheiden,wenn auch ungeduldig,noch
514 901 2577 1061 In ihren Räumen auf. Ich will sie rufen.
523 1037 1046 1207 Sylvester:
487 1180 2788 1367 Noch nicht. Eh' ich sie grüsse, drängt es mich
485 1338 2610 1522 Die Ursach' meines Kommens dir zu künden,
508 1480 2345 1668 (Auf des Freiherrn erstaunten Blick)
422 1635 2815 1828 Die - andre Ursach' mein' ich, - die vielleicht
470 1807 2354 1980 Im ersten Augenblick befremdlich dir
443 1938 1299 2140 Erscheinen wird.
502 2087 2628 2298 erklärend) Ich gab dir,eh' ich schied,
443 2241 2381 2449 Was ich durch viele Jahre Tag für Tag
452 2402 2449 2601 nn ein geheimes Buch verzeichnet hatte
437 2556 2559 2773 Im tiefen Schlummer halbvergessnen Worts
428 2693 2648 2901 Ruht meine Jugend hier im Schloss verwahrt.
532 2860 2904 3059 dockt mehr sehr Zwiesprach mit ihr zu halten.
360 2874 2693 3136 Zwiesprach mit ihr zu halten kann ich her.
351 3062 1100 3258 Freiherr: (kühl
401 3219 2476 3519 Kommst du darum? Versiegelt ist das Buch.
499 3350 1665 3525 musstest dich nicht
383 3451 2556 3725 Mit sicherm Boten hätt' ich dir's gesandt.
