6872 4168
1350 474 2879 704 nach den geb. nedeligungsgründe
1412 615 3085 864 eresel amt Noeil empfieger 2 mehr
1255 751 3085 1043 doia hadtschreven sive geb.neb. mich
2141 957 3104 1160 eindeümenden als xxx
1129 991 3076 1317 Jahrdegnienid stad Bauennins niem ni
1323 1200 3036 1455 dene Jauleh Jadei.a asa jamiell raa-
1203 1344 2978 1612 xxw JJ i aoß. xxx xxx bnÜ.
1664 1541 1858 1726 G.H.F.P.
2033 1563 3012 1766 eib - bescheidt die
1197 1640 3110 1929 Pausrind sind - elle dois nebsbaw xxx
852 1790 2950 2027 indes bau - nim nov ndol ni - med adenü se
883 1944 2855 2187 nnen xxx-; dastse) xxx Jlaubahmen" enxx
1040 2116 3039 2359 pev xxx niem Jdoim aaak anschosk aen
929 2270 3079 2507 möchst ein aastasloH neb mejeidoldoa bnü
1049 2464 3061 2667 adoswie sib aus dasb.Jasiew eben müssen
1246 2563 3098 2769 es häigredü xxxieH ob aaab. JemmiH xxx
1144 2738 3018 2932 nicht das eine TeulnowieV sie xxx
1074 2895 2993 3125 Krei Nollä geb tim texra ni Jdeja vä)
2409 3089 3045 3273 (eau ei-. ausm
1209 3156 2907 3399 im drei. xxx die xxx: xxx
1378 3362 2975 3596 gleden! Jhm. xxx erxxas xxx
6094 348 6254 474 70
3996 498 6226 714 Es brennt kein Scheiterhaufen mehr im Land
4002 652 4913 791 Gewiss nicht dir.
4042 766 6017 1027 Sylvester: (noch ohne sich umzuwenden)
4827 935 6029 1123 Verzeih, ich war bewegt.
4002 1000 6451 1317 (Wendet sich nun auch zu Konrad, als bemerkte er
3990 1209 4824 1372 ihn jetzt erst)
3965 1350 5122 1504 Auch Ihr. - verze iht -
3975 1498 4390 1735 Konrad:
4962 1455 6245 1738 Zu danken hab' ich euch.
4036 1664 6217 1870 So hohen Schwung des Worts -Ihr mögt's mir
3870 1763 4193 1904 Sind wir
5980 1784 6448 1975 glauben -
3888 1812 5909 2064 am Lagerfeuer sind wir nicht gewöhnt.
4024 1993 5328 2187 Nun aber - muss ich fort.
4015 2144 4537 2350 Freiherr:
5248 2129 5731 2329 Konrad -
5522 2295 6122 2498 Herr Ohm —
3965 2295 4381 2464 Konrad:
3959 2427 6125 2618 Habt Ihr mir etwa doch ein Wort zu sagen?
4015 2603 4534 2799 Freiherr:
4002 2719 6408 2907 Wenn morgen du den Rückweg nimmst, so bitt' ich
3938 2919 6156 3098 Dich wieder Rast in meinem Haus zu halten.
3938 3055 4682 3249 Konrad:
3990 3181 6359 3368 Viel Dank, Herr Ohm, jedoch die Strass am Fluss
3931 3359 6399 3532 Führt rascher mich zum Heer xxx, sie muss ich
5888 3479 6239 3679 wählen.
