3464 4040
2194 280 2534 430 3 26
651 529 1132 713 Freiherr:
711 680 2984 883 Und wär's vielleicht einen Dirnenlos gewesen
665 807 2625 1056 Du hättest doch dein Frauenlos gelebt,
685 974 2217 1220 (in den Erker, am Fenster, Pause
654 1144 1093 1328 Anselma:
663 1280 2704 1506 Ich hab sgelebt. Und war mein Leben auch
665 1458 2896 1653 Nicht immer Glück, so war's doch meine Wahl.
668 1563 2899 1812 Und war’s Verzicht,- es war doch immer mein.
713 1733 2911 2013 sie folgt seinem Blick, der nach dem Gartan
677 1917 977 2089 geht)
716 2027 2814 2305 Der nun dein Auge folgt, die freilich ist
691 2200 1472 2392 Von andrer Art.
787 2324 2800 2599 reiherr: (ohne sich nach ihr umzuwenden)
1285 2540 1905 2710 Du glaubst?
1812 2599 2976 2879 Hörst du's nicht gern?
730 2636 1189 2845 Anselma;
694 2752 1801 3052 F. Freiherr: (am Fenster
702 2882 2879 3219 Ob von der gleichen nicht 7Die Eine lebt’s,
680 3112 1702 3293 Die Andre träumt s.
1506 3242 2885 3482 Für sich. Doch ihrer Träume
694 3270 1158 3502 Anselma:
708 3426 2571 3695 Urbilder schreiten unbeirrt und frei
