3448 4024
2558 294 2740 515 148
573 476 2646 712 Wo jedes Heut sein Morgen in sich trüge
588 646 2222 840 Lebendig-totes, fertiges Gebild,
591 831 2825 997 Wo nicht der Jäger sich sein Wild erspähte,
576 943 2831 1106 Doch wo sich Wild und Jäger, Herz und Pfeil,
597 1079 2643 1316 Wo Mörder sich und Opfer finden müssen,
600 1225 2792 1434 Verfall 'n von Urzeit her,von dunkler Macht
585 1413 2643 1570 Einander zugeschleudert durch den Raum.
597 1567 2998 1734 Glaubst du an solche Welt? Ich kann es nicht.
603 1688 2971 1870 Ich fühle nicht geheimnisschwer vom Schicksal
661 1867 2501 2073 Mich überhangen. Ueber mir die Wolke
673 2007 2758 2182 Ist auch nur Neboldunst aus Menschenland
612 2119 2710 2370 Und am Verhängnis über mir braut
1143 2289 1358 2380 auch
612 2349 1419 2516 Mein Wille mit.
1291 2452 2671 2631 So könnt es wohl geschehn,
627 2561 3065 2816 Dass mein Entschluss des Kaisers Ruf zu folgen,
624 2764 2689 2968 Dass auch mit dem Marchese ein Gespräch
634 2919 2631 3083 Gar manohes ändern mag,an dem,was dir
627 3040 2728 3259 Der vorbestimmte Lauf der Dinge scheint.
685 3243 1046 3453 (Pa'us •)
652 3383 2022 3604 Konrad:/mehr vor sich hin)
649 3568 1513 3731 Wir werden sehn.
