3416 3992
2484 213 2617 432 46
453 459 2186 772 Du einsam, dem der Ungebornen Chor
508 614 2450 933 Den Gruss der Ewigkeit entgegensingt.
471 900 2921 1243 Höhnst du? Weisst du nicht, dass aus meiner Brust
477 921 1018 1100 Sylvester:
483 1094 2672 1380 Nur Schatten stiegen?-Dass Unsterblichkeit
502 1246 2845 1550 Nichts als ein Märchen istudran wie an andern
529 1392 2812 1699 Lebend 'ge nur sich freuen?-Und dass,wer sich
535 1553 2386 1870 vom Dasein ungesättigt sterben legt,
578 1684 2803 2022 Mit Lust für einen blanken Strahl der Sonne,
535 1845 2356 2158 Des Himmels blauende Unendlichkeit,
553 2025 2386 2307 Für einen Atemzug von Erdenlüften,
550 2164 2557 2490 Dem blassen wundertrank der Ewigkeit;
568 2338 2602 2654 Dem Wohnesang von tausend Engelschören,
587 2465 2766 2791 Für einen holden Menschenlaut verkaufte -!
651 2617 3083 2949 Ein Druck von Freundeshand,ein Frühlingsmorgen
599 2742 2870 3076 Ein Becher Weins, ein Lied, Duft einer Blume,
620 2882 2997 3256 Blick eine s treuen Hunds;-- wie vielfach wiegt
675 3092 2648 3380 All dies Geringe, kaum von uns bemerkt,
654 3204 2620 3539 So lang lebendig wir im Lichte wandeln
