3416 3992
2385 361 2586 557 50
1520 554 2814 803 Nicht viel.Ein Pöbelhauf,
551 637 1037 835 Freiherr:
554 735 2542 984 Der vor dem Hause des Marchese lärmte.
563 954 948 1155 Konrad :
598 1004 2983 1324 Doch steht nicht fest, ob ’s durchaus Pöbel war.
554 1265 1001 1449 Freiherr
590 1318 2684 1538 Die Rädelsführer warf man ins Gefängnis.
563 1538 951 1733 Konrad :
592 1650 2850 1893 Zwei, die sich wehrten, schlug die Wache tot.
566 1852 1004 2044 Freiherr
604 1961 2595 2145 Es ist des Kaisers Wille unerbittlich.
581 2103 2420 2326 Jedwede Unbill,die an des Gesandten
619 2237 2610 2491 Geheiligte Person sich wagt zu ahnden.
584 2491 969 2663 Konrad :
631 2586 2767 2791 Doch ob sein Volk dem Kaiser danken wird,
631 2746 2817 2951 Wann, statt in Felde das verhassten Feinds
578 2906 2672 3131 Der Brüder Blut im eigenen Lande fliesst
584 3096 2711 3282 Und ob,-trotz allem kaiserlichen Schirms
592 3173 2826 3451 Vom Hohn des Volks umtobt, der Herr Gesandte
