6872 4392
3944 461 5922 743 Und eh das oft Getrübte sich aufs Neue
3938 677 6029 912 Mit Nebeln der Gewöhnlichkeit beschlägt,
3944 846 5850 1041 Im ungebroehnem reinen Flammenstrahl
3934 1028 6038 1226 Es endlich leuchten lassest in die Welt.
3956 1198 4527 1376 Sylvester;
3963 1310 5646 1511 Und bist du, Leonilda, dir bewust
3966 1455 5772 1683 Was du um dieses Bildes willen mir
3975 1596 5665 1793 Trugbild vielleicht - mir rätst?
5411 1693 6389 1941 Mag s Trugbild sein
3988 1806 4486 2016 Leonilda:
5721 1843 5972 1944 dich
3991 1919 6270 2141 Wenn s dick nur vor schlimmrem Trugebehütet.
3991 2113 4602 2301 Sylvester:
4038 2179 6289 2452 Und was mit ihr geschähe,bedenkst du nicht?
4003 2430 4565 2633 Loonilda:
4044 2502 6210 2774 Auch einer, die dich liebte, gönnt ich Leid
4044 2640 6198 2922 Erwüchs aus ihrem Leiden dir dein Glück.
4000 2894 4624 3085 Sylvester:
4013 2956 5358 3242 Du könntest grausam sein?
5242 3119 6320 3304 Das könnt ich aush.
4013 3207 4590 3386 Leonilda:
4013 3242 6540 3571 Doch diesmal bin ich's nicht. Ihr droht kein Leist.
