3416 3960
2575 294 2758 463 129
518 446 2770 664 Ich selbst, beim ersten Schlag der Abschieds-
2266 565 2586 670 s tunde
521 603 2490 798 Tät auf das Tor und wiese sie den Weg.
574 792 1025 976 reiherr:
574 888 2662 1104 Und glaubst, dass solcher Abschiedsstunde
2339 1019 2656 1136 Schlag
524 1089 2575 1261 Du hören wirst.Mit nichten. Taub das Ohr
521 1229 2863 1410 Dem unerwünschten Klang,nicht fühlen wollend,
536 1415 2464 1570 Wiedich mit müdgewordner Zärtlichkeit
530 1549 2365 1715 Der immer noch geliebte Arm umfängt
2278 1535 2796 1736 gebietrisch
1418 1666 1605 1756 du
550 1663 2746 1864 Wirst du,je ferner sie entrückt,  näher
548 1838 1025 1969 Nur näher
545 1817 2779 2013 gebieterisch sie an dich zu zwingen suchen.
559 1992 2645 2155 Und eines Augenblicks, der längst vesäumt
1491 2088 2665 2205 der erst kommen soll,
1037 2141 1328 2240 warten:
553 2147 693 2246 Vie
559 2149 2848 2377 Als eines haren, den xx noch zu fürchten ist.
617 2301 1153 2490 Sylvester:
609 2423 2854 2624 Misstraust du meiner Einsicht so,viel leicht
565 2601 2758 2773 Genügt mein Schwur, dass in gemessner Frist
568 2738 2700 2953 Auch wenn das Glück der ersten Liebestage
571 2907 2557 3067 Noch über allem Zweifel weiter währte,
574 3046 2589 3247 Dass-eh drei Jahr -eh eines abgelaufen
580 3189 2417 3390 Aus Leonildens Näh ‘, aus ihrem Leben
585 3323 2761 3556 Für immer ich - und ohne Spur verschwinde.
