3336 3944
393 454 2121 684 Blieb's doch Geheimnis wie es war.
2131 674 2946 859 Sprecht endlich.
585 665 1438 898 ster: (ungeduldi
537 824 1284 1054 schrötzlich.
393 1016 847 1208 Sekretär;
393 1086 2735 1323 Ihr glaubt, dass Ihr vorhanden seid,Herr Thom
383 1310 914 1514 Sylvester;
457 1476 1102 1661 Iyr meint -?
454 1562 2888 1831 Sekretär: Ihr seid es nicht.Seid es so wenig,
403 1706 2540 1959 Als irgendwer und irgendewas. Der Freiherr
393 1907 2748 2064 Mit Schwester, Tochter,Dienerschaft und Gästen
396 2032 2674 2240 Das Schloss, der Park, die Erde und ihr Blühn,
393 2205 2955 2393 Der Himmel und sein Glanz, der Fluss, sein Rauschen
403 2339 2428 2537 Der Tag, die Nacht,so Menschen wie Natur
2121 2399 2748 2546 Ihr mich seht
406 2530 2751 2703 All dies ist Schein.Auch ich,wie xxx
415 2661 2598 2876 Es ist mein Geist, der sich die Welt erschuf
425 2786 2380 3026 Und mitten drein sich selbst gestellt,
2320 2943 2799 3109 So schuft
422 3003 968 3182 Sylvester:
428 3064 2483 3294 Ihr auch, wovon bis heut ich glaubte, dass
441 3294 2505 3476 Ich selber es geschaffen? Und mein Dasein
1511 3451 1687 3633 an?
546 3435 1467 3652 ben erst hebt’.
