3352 3944
2594 283 2739 422 93
437 425 1385 674 Andreas: (vorlesend
437 619 2536 809 Von seiner blondumflossnen Knabenstirn -
434 769 1351 972 Begrüsste mich“ -
391 929 1748 1133 Freiherr: (unterbricht ihn)
1163 1093 2573 1271 Nein doch, wir waren weiter.
385 1231 1369 1422 Andreas: (liest
452 1366 2690 1557 „Schwoll mir das Herz - und nicht vor Liebe
2413 1462 2585 1554 nur
400 1517 2616 1708 Für meines Fürsten Sohn, den schönen Knaben
388 1690 2250 1883 Den ich als Spiel-und Lerngenosse.
2167 1828 2573 2000 Lasst —
397 1850 1751 2010 Freiherr: (unterbricht ihn)
431 1948 2794 2163 Dies fortzusetzen fehlt’s mir heut’ an Laune.
400 2139 2653 2342 Was zwingt mich auch der Reihe nach zu gehn?
397 2305 2385 2465 Ich wähl mir nach Gefallen einen Tag,
1286 2400 1459 2505 heut
391 2437 2191 2634 Der mir lebendiger als alle andern
948 2564 1231 2659 meinen.
391 2576 1819 2797 Heut“ Vor den sinnen steht.
409 2674 2884 2933 Im Zimmer hin und her, sein Antlitz erhellt sich
425 2896 2810 3081 er deutet dem Andreas durch eine Geste an, dass
459 3044 2767 3268 er sich bereit zu halten habe, und beginnt zu
409 3219 954 3434 diktieren)
1748 3216 2724 3416 Der Himmel brannte
