3432 3960
2586 310 2711 470 31
2259 449 2682 717 Wie lang
577 470 1146 789 Sylvester:
598 771 1101 970 Freiherr:
500 848 2798 1116 Die Frist bestimmt sich selbst.Denn wie sich
2554 943 2795 1045 a uch
509 1030 2646 1265 In eines Tags Verlauf dein Sinn gewandelt
512 1146 2607 1402 Du dachtest kaum, die Frau, die morgen dir
509 1345 2589 1568 Ein Kind gebären soll,in solcher Stunde,
521 1458 2711 1717 Wie du auch vorgesorgt - allein zu lassen.
521 1500 693 1586 Was
530 1548 2738 1872 Und unbestellt dein Haus ah du's verlässt.
539 1789 2786 1979 So bleibt s dabei, dass du vor Sonnenaufgang
545 1926 2711 2146 Dich auf den Weg nach deinem Heim begibst
574 2077 2426 2304 Um Amt, wie kurz.wie lang sich's für
2625 2066 2723 2268 1
560 2250 2807 2476 Dies aber sei mein Wort: Kehrst du, ob s nun
610 2432 2464 2637 Nach Monden, Wochen oder Tagen sei
574 2542 2390 2786 Von deines neugebornen Kindes Wiege
583 2670 2560 2905 Und seiner Mutter Schmerzenbett zurück
2298 2780 2860 2908 lindest sie
577 2869 2545 3066 Der Gleiche, der du gingst,-und
551 2991 1539 3146 die gleiche wieder die
798 2967 2738 3259 Siederfindest, nie du sie verliessest —
592 3152 2887 3408 Und Ihr dann beide noch mit Seel' und Sinnen
598 3244 2997 3536 Zum Ehebund entschlossen seid - dann will ich,
