6856 4152
973 443 1151 612 e0
765 521 2990 738 denn Ignendosidea seb.medoilgnägnev neb Jdoi
1109 708 2999 880 daaim sind an! Noert enuslageig xxx
1103 820 3035 1067 doia indemievns xxx geb.neb nicht -
928 958 3053 1221 . Jnmeldegslesid stell middoßandes niem til
913 1163 3011 1368 .bmaßen sV Jdoim - nun ae taw JamieH xxx
796 1290 3068 1477 segnom asb. doieia! Ia. neimü. aenie Jdoi
919 1468 3110 1646 gewannet seÿ a eiw.buiw meiffalles JdoieffelV
919 1624 2806 1814 xxx dort eib.Jane Jami ei b a 'usw j
1187 1781 2405 1989 ei w os. Jnödex nim Feb. xxx
1004 1929 2724 2170 omnieded Jaubt ais mii remmi tew.
4032 455 6353 684 Nicht den vergänglichen, den Schlachtenglück,
4057 627 6136 790 Den Siegerlaune frech ins Leere misst/
4038 750 5892 982 Nein, den der ewig unverrückbar sich
4005 937 5325 1118 In mein sehnsüchtig Herz
4032 1040 6034 1263 In mein erinnernd Herz hineingebrannt.
3987 1190 6293 1413 Denn Heimat war’s, jetzt Heimt erst, die mich
4038 1386 6377 1543 Umgab. Und eng und enger Schritt vor Schritt,
3975 1498 6244 1703 Nicht Vaterland - die Heimat blöht um mich.
3978 1691 5949 1850 Und wendeten sich alle - hier behaust
4020 1769 6386 1986 Von Urahn her - in Hohn von mir - und schrien
3966 1971 6257 2161 Mir meine Fremdschaft ins Gesicht;-mir kann
4020 2128 6416 2293 Des Nachbars Hass nicht mein Gefühl verwirren.
3972 2287 6275 2456 Und schichteten den Holzstoss sie für mich,-
3972 2399 6079 2586 Du Erde weisst, dass ich aus dir erwuchs,
3963 2598 5937 2758 Bu Himmel, dass du Heimat überglänzest
4008 2721 6335 2899 Und kein Verworfner atme ich zwischen euch.
3990 2887 6407 3068 (Er steht im Erker mit dem Blick ins Land hi-
3963 3035 4680 3213 naus. — Pause)
3978 3146 6398 3384 Freiherr: (nähert sich ihm, legt milde die hand
3981 3351 5660 3565 auf seine Schulter, mit Lächeln)
