3304 3928
2636 287 2775 442 87
608 363 1117 623 Sylvester:
587 569 2945 775 Willst du zur Strafe mich vom Tisch verbannen
581 757 2863 926 Ich halte mich bereit. -Ich weiss, man speist
563 878 2252 1105 Auf Maienau so gut als pünktlich
599 1038 1008 1210 Freiherr
566 1162 1462 1368 Vergass er nicht.
566 1316 1437 1504 Anselma: (voraus)
563 1456 2754 1667 Sylvester: (mit dem Buch folgt ihr über die
563 1637 2996 1798 Treppe auf die Galerie. Von der Treppe aus sieht
566 1801 2796 1988 er sich noch einmal xx um. Man sieht noch, wi
554 1931 2805 2100 Enselma ihm die Türe zu seinem zimmer öffne
590 2106 2993 2294 und dann links abgeht. Vielleicht auch (je nach
548 2236 2975 2406 der Dekoration) verschwinden Beide auf der Gale-
566 2412 2914 2560 rie nach links und man sieht dann Anselma wie-
557 2566 2373 2699 derkommen und rechts verschwinden).
