3448 3928
2626 259 2762 475 55
494 528 985 781 Loonilda:
571 565 2562 852 Verzeih, mein Vater, mir beliebt es nicht
509 738 2827 1009 Mit wem’s auch sei so bald mich zu vermählen.
506 978 1055 1231 Freiherr :
559 1018 2580 1339 Du sprachst zuerst. Verwunderlich genug,
506 1253 614 1386 Dan:
515 1275 1617 1472 Doch dieser schweigt.
1500 1324 2512 1580 Was Leonilda sprach
540 1435 917 1645 Konrad:
537 1525 2386 1768 Auf alles, was ich etwa sagen dürfte,
537 1636 3021 1895 Scheint's Antwort mir genug. So bleib ich stumm,
611 1876 1096 2108 Leonilda:
605 1997 2697 2216 Frei zich er hin. Ich bleibe frei zurück.
917 2163 1179 2281 und
552 2136 2793 2457 Und Wie - und ob wir einander wiederfinden,
586 2256 2901 2503 Weiss nur der Gott, vor dem wir uns vermählt,
583 2497 978 2759 Konrad:
630 2552 2571 2836 Du, Leonilda, sprachst. Ich nehm es hin.
651 2744 2969 3021 er beugt sein Haupt, ergreift die Hand Leonil-
657 2901 3052 3151 das und küsst sie und wendet sich wieder zum Ge
614 3129 941 3305 hen).
679 3213 1830 3469 Freiherr: (unbeherrscht
633 3333 2901 3636 Doch eh du gehst - die Knie vor ihr gebeugt,
