3336 3960
645 444 2898 731 Sylvester Thoru kommt vom Schlesse her, über-
630 651 2958 917 quert einen Teil der Bühne,bleibt dann stehen.
1248 864 1541 988 horn:
624 861 1218 1011 Sylvester
618 920 2878 1183 Wart' ich den Morgen ab?-Nozul’s ist besser,
615 1150 2431 1278 Ich gehe-, ohne jemand noch zu sehn.
618 1313 2484 1426 Was mir zu tun hier oblag ist getan.
603 1363 2833 1582 Die ich ins Licht heraufbeschwor,Gespenster
618 1594 2688 1730 Vorgangner Zeit, zu ew 'ger Ruh verwiesen,
1837 1698 2106 1798 Bisch
600 1769 2691 1887 Im Zunder meines Lebensbuchs verbrannt; -
612 1905 2682 2109 Ja - beinah frag ich mich, warum ich kam.
603 2041 2801 2192 War s nur der Mühe wert die Hand zu heben,
612 2168 2984 2342 Die Blatt um Blatt ins Feuer gleiten liess
674 2339 3040 2597 War längst nicht Staub, was heute Asche worden
