3448 4008
2570 404 2752 521 152
1876 484 2801 700 Nun denn, leb wohl
639 676 1345 858 Und gute Ruh.
676 799 2801 1040 (zu Dominik) Wo wird der Junker schlafen?
639 978 1086 1163 Dominik:
691 1089 2894 1339 Im Turmgemach befahl das gnäd’ge Fräulein.
639 1268 1132 1456 Freiherr
632 1382 2628 1613 Ganz recht, nun steht ’s ja wieder leer.
2487 1552 3085 1752 Mein Freund
669 1583 1228 1749 (zu Konrad:
629 1694 2789 1922 Den du heut Morgen sahst „Sylvester Thorn,
679 1891 1074 2073 Konrad:
676 2018 2499 2197 Ich weiss, der sonderbare alte Herr
629 2187 1111 2379 Freiherr:
629 2338 2678 2548 Nicht eben alt,doch sonderbar, mag sein.
611 2502 1012 2665 Konrad:
626 2514 1586 2764 Was ist's mit ihm?
1367 2662 2416 2884 Fr musste eher fort
617 2702 1108 2897 Freiherr:
611 2847 2709 3088 Als er ged acht.So wohnst du in dem Raum,
617 3005 3054 3199 Sehläfst in dem Bett, das ihm - und doch, wie nun
605 3162 3023 3403 Sich weist, vom Schicksal dir bestimmt gewesen.
645 3341 2412 3505 (er wendet sich zum Gehen; zögernd
611 3508 3088 3721 Sieh da, nun fällt mir ein - der Teich, wahrhaftig
