6776 4088
6048 254 6259 471 54
3832 505 4322 687 Konrad:
3879 621 5923 804 Von Heimat, Eltern - seine Mutter lebt.
3826 756 5229 998 Freiherr: (et was befremdet)
3826 913 6265 1086 Er weiss, dass du der Sohn des Marschalls bist?
3842 1121 4266 1290 Konrad:
3898 1227 6372 1447 Was denkt Ihr wohl? Nie nannt ich meinen Namen
3836 1416 4614 1598 Er seinen nie.
3901 1503 5772 1739 Freiherr: Unnöt 'ge Vorsicht fast.
3854 1632 6092 1880 Es ist kein Krieg erklärt. So wie Ihr Beide
3892 1802 6419 2012 Freundnachbarlich Euch unterhieltet -
3861 1974 6014 2191 Den Kanzlern, den Gesandten beider Länder
3870 2150 4105 2241 Auch
3864 2156 5013 2348 När's nicht verwehrt.
3908 2291 6036 2495 Konrad: (wie mit einem Entschluss)
4758 2429 6130 2596 So hört das Letzte denn:
3879 2577 5995 2781 Als ich, des Vaters Briefe schon im Wams,
3836 2737 6114 2976 (Als ich, im Güntel sehen des Vaters Briefe)
3892 2875 6111 3067 Vor meinem Zeit/ritt Abschied nahm von ihm -
3892 3057 6155 3280 Was überkam mich nur-tschloss ich die Arme
3892 3173 6375 3396 Weit auf - zog an mein Herz ihn und wir hielten
3886 3365 6102 3641 Wie Freunde uns - wie Brüder uns umfangen.
