3400 3944
2552 212 2741 413 128
446 398 1554 659 Zu halten nimmermehr.
1411 458 2847 759 Nicht allen gilt
434 613 999 765 Sylvester:
501 731 2379 950 Diesleidige Gesetz.Denn es vollendet
504 822 2546 1090 Im gleichgemessnen Takt der Sterne sich
1976 920 2686 1059 ich ohne tief
467 1020 2904 1250 Nicht jedes Schicksalj- und erschauernd ahn ich
504 1172 2443 1439 Dass alterslos, wen eine Sendung ruft.
470 1357 959 1551 Freiherr:
495 1375 2826 1700 Vor Gott vielleicht, vor jungen Mädchen nicht.
480 1593 2464 1779 Und jauchzte heut ihr unerfahrner Sinn
473 1775 2467 1967 Dem grauen Haupte zu, das ihr vom Hauch
486 1891 2480 2085 Der Ewigkeit umwittert dünkt,-lass nur
498 2085 2322 2267 Geringe Frist vergehn -so ist dahin
489 2155 2738 2395 All was dein Zauber war;-und neuer,stärkrer
1827 2316 2455 2425 das erwachte
486 2386 2774 2586 Schlingt seinen Kreis um ein erwachend Herz.
504 2571 1044 2777 Sylw ster:
574 2601 2510 2838 Dann, ohne Zögern liess ich,ungebeten
1360 2801 1621 2908 pates
431 2795 604 2941 Mrs.
461 2786 2398 3062 Dankbar für ein letztes Glück,in dem
519 2956 2592 3126 Zum ersten Mal mein Dasein sich erfüllte
574 3135 2716 3363 Liess ich, die mich so überreich beschenkt
571 3293 2895 3511 Die Strasse ziehn, die sie's zu wandern lookt,
577 3387 2935 3603 Ja, dass nicht Scham, nicht Mitleid sie verwirrte
