3336 3944
668 328 1034 485 vlvesten
566 424 2902 694 Und da Ihr alles so huft, schuft Ihr auch Gott?
558 622 1043 799 Sekretär:
613 749 2533 985 Ich stehe als der Stärk're wider ihn,
552 901 2571 1127 Den ich, erschauernd ob der eignen wacht
543 1060 2315 1281 Als evig über allem Schein erschuft
555 1229 2559 1389 Und den ich doch, so ewig ich ihn schuf,
540 1330 2594 1601 Mit mir ins ew 'ge Nichts hinunterreisse,
532 1543 1081 1720 Sylvester:
1188 1572 1333 1726 G.H.F.P.
543 1697 2867 1891 Und all dies sagt Ihr mir, der ich nicht bin?
532 1813 999 2013 Sekretärt
584 1978 2661 2179 Versuchet nicht mit Worten zu verwirren,
529 2147 2408 2289 Was über allen Worten sich begreift.
529 2301 1078 2466 Sylvester:
520 2478 2800 2612 Ihr, ich und Gott, die preiheit ist vollendet.
517 2588 967 2783 Sekretär
564 2719 2687 2940 Die Einheit. Nehmt von diesen drei an eins,
511 2931 2707 3062 Ihr mögt die Rechnung machen wie Ihr wollt
505 3050 2676 3315 Bleibt nichts.So mächtig braust der Hauch
505 3239 2481 3434 Drei Flammen oder keine bläst sie aus.
