3448 4008
2619 291 2827 501 124
557 442 3040 702 Nenn du die Wahrheit sprachet, -von völlig andren
572 646 2242 891 Als jedu ihn erlebt erfuhrst.
1559 782 2465 974 Und deines Bluts,
581 860 1126 1033 Sylvester:
588 952 2675 1181 Freund meiner Jugend lebt im Umkreis hier
656 1101 2891 1299 Kein Spross, der nur der Mutter Namen trägt?
603 1265 2793 1469 Und dir klagt keine nach,die du verlassen?
603 1478 1104 1648 Freiherr:
665 1546 2891 1794 Nicht reinern Wandel rühm   ich mich als du.
618 1704 3065 1917 Doch solcher Fall lässt keinem sich vergleichen,
1676 1837 2007 1945 elebt
628 1849 2867 2066 Den ich, den irgendwer) - - Haat du das Haus
634 2026 2356 2208 Umfriedeten Besitz im Heimatland
643 2149 2910 2375 du's nicht xxxx für sie, für euer Kind
637 2186 1073 2310 Erwarbst
646 2372 2115 2592 Sylvester: xxx
1828 2360 2678 2539 Und so erwäg ich
659 2443 2960 2653 Vor allem für dies Kind.
671 2656 1500 2814 Wur xxxxxx
649 2731 2554 2947 Ob diesem Kind nicht eine andre Frau
665 2919 1147 3092 Freiherr:
708 3058 1407 3253 Nicht weiter.
668 3139 2465 3436 Sylvester: Ob ihm Leonilda nicht
668 3303 2660 3584 Die bessre Mutter, ob sie deinem Freund
