6888 4200
4685 378 5062 601 daselk
4010 437 5827 759 Als Freundesarme rettend aufgetan.
4028 650 6338 839 Und beinah' glaub' ich, dass ich eil'ger war,
2384 715 2548 904 G.C.H.F.F:F.P
4062 793 6468 985 Mich Schwärmern, die mich schmeichelnd missver-
2901 876 3164 1025 G.C.F.F:F.P:F:H:D:H
6056 898 6493 1081 standen,
4078 947 6437 1217 Als dumpf unschuld'gen Haasern zu antfliehn.
5991 1062 6487 1170 entziehen
4090 1084 6511 1384 Doch wie's auch sei: mit Lust warf ich von mir,
4090 1242 6511 1514 Aus Ehr und Schimpf gleich lügnerisch gewoben,
4031 1393 6050 1681 Den lächerlichen Flitter meines Ruhms,
4112 1551 6598 1768 Und eins nur lockte mich: so Freund' wie Feinden
2592 1588 2895 1780 G.H.F.P.
4047 1709 6211 2025 Im Dämmer des Vergessens zu entschwinden.
1452 1858 2263 2127 meh iseded xxx
4130 1957 4617 2158 Freiherr:
4103 1985 6230 2291 So sehr dir 't auch gelang, lebend 'ge Spur
4072 2155 6329 2474 Zu tilgen hinter dir - du weisst,es dachten
4124 2359 4932 2530 Gar Viele dein.
4109 2440 5932 2756 Sylvester: Als eines Toten. Und
4078 2650 5452 2935 Der, des Ihr dachte war’s. -
5261 2796 6354 2963 Mir selbst entronnen
4127 2941 6341 3183 Ein Anderer wandelt' ich durch kühle, klare
4143 3084 6186 3356 Von keiner Ford 'rung überhängten Welt,
2415 3239 2821 3415 ad 3 1a2
4127 3260 6192 3558 Landschaft, inbrünstiger Gewährung voll,
2691 3387 2858 3570 - 1 -
