6648 4072
3822 371 5728 655 Nicht ihrer Mädchenträume Bräutigam,
941 474 2881 775 al smei s'annen, iedhov sah Jai gnal eiW
3767 543 6020 739 Der Freund des Vaters ist ’s, der erste Gast,
863 697 2874 911 a wieder os, i b wk. sa doeb dolm dei 2
3816 691 5963 896 Der, seit sie aus dem Kloster heimgekehrt,
1146 832 2859 1050 von sein wieder xxx elb xxx
3767 823 5939 1035 Die gohwelle unsres Hauses überschreitet.
1466 974 2826 1197 Grund davon xxx ved xxx
3813 1001 4304 1191 Anselm:
1469 1128 2847 1418 xxxo xxxo lJ nov eis d.o.
3773 1104 6048 1318 Das eben ist’s.Wes' immer wir auch harrten,
3816 1282 6144 1457 Sie sohmückte dieses Haus, sie schmüchte sich
3816 1472 5906 1629 Für ihn - und trüg ihm ihre junge Seele
1375 1442 2694 1662 3 Jaxixx xxx xxx
1083 1581 2881 1816 ndois medell a 'Kol 'Jüänefaewdoß O
3822 1587 6102 1792 Entgegen wie ein Gastgeschank.Drum frag ich
3828 1768 6256 1933 Ob's klug war aus des Klosters Schirm und Frie-
2434 1749 2700 1952 G.H.F.P
5996 1849 6198 2009 don
995 1864 2890 2154 .humeo.ii b ae haab dol.xxxg taexxx mich
3816 1900 4413 2114 Ein Kind —
908 2039 2908 2289 mj enbma bais suh.aeils füeil mel eiw
3785 2051 5131 2277 Freiherr: Von Neunzehn -
4907 2202 5990 2374 Eben darum frag ich,
817 2211 2902 2464 .Jdoleffelv s'Jfig seudawed us einmÄ
3767 2235 4247 2413 Anselma:
3791 2347 5773 2564 Onzxxx xxx xxx
2473 2383 2859 2543 medien
1303 2534 2896 2781 Kreisoei--Teubst.ab Janiem ei W
3797 2525 5939 2727 Ob's klug war, sie, eh sich ein Eidam fand,
3822 2666 5465 2871 In eine ringsum aufgetane Welt
2476 2642 2911 2865 Kämmlerin
3816 2808 5885 3022 Der Rätsel und Versuchungen zu stellen.
2500 2884 2669 3040 De la
896 2971 2890 3218 meß!- doilgön se datlläd ub -Jadualz um
3852 2980 4355 3191 Freiherr:
1053 3137 2950 3387 indeseg Jsteins sind abfinoej ald
3840 3107 5836 3330 Um Leonilda,Schwester,bangt mir nicht.
742 3279 2956 3535 doia doifsmed oa eis meÿ. hmix sie eie Taw
3797 3312 5839 3448 In Kindesklarheit, Kindesfrommheit liegt
718 3432 2938 3659 mögte wÿ medomt: Jhm meh möl, immertragenden
887 3583 2920 3819 3 xxx Jul. xxx die xxx bau gnad
