3416 4056
2720 353 2902 533 157
643 466 2786 646 Wie sehn ich nach dem kühlen Wasser mich.
591 640 2853 808 Rechts oder links -? Ich muss das Pförtehen
2360 773 2722 889 finden.
640 788 2890 953 Nur weiter. Fühl ich nicht den feuchten Duft
591 947 2526 1106 Von dieser Seite mir entgegenströmen?
582 1095 2815 1274 Seltsamer Duft. Mir ist ich kenn ihn wieder.
579 1260 2827 1451 Wie sprach er?Böse Geister erst, dann Nizen.
576 1425 2415 1584 Zwar böse Nixen gibt es auch, jedoch
571 1547 2656 1726 Man tut das Möglichste sie zu versöhnen.
562 1703 2604 1885 Und hab ich Glück, so hilft mir eine gar
837 1830 1046 1926 Ball
605 1854 2696 2042 Den xxx zu finden, der im Teich versank.
556 1990 2442 2178 Dass ich ihn morgen Leonilda bringe.
591 2143 2922 2375 (er geht nach rechts ab,die Bühne bleibt eine
556 2320 1132 2456 We ile le er
1150 2378 1405 2517 L.
1321 2618 1732 2804 Vorhang.
