3496 4056
2500 336 2647 529 30
615 583 2572 888 Das war sehr überheblich.Ganz gewiss,
649 753 2563 1060 Ich bin nicht mehr als nur ein Traum
2480 756 2813 914 Buch
652 1035 1155 1216 Sekretär:
698 1023 2931 1359 Allzu bescheiden.Herr.Ich träum Euch nicht
670 1285 2356 1523 Ihr seid - wenn auch durch mich.
2173 1385 2977 1586 Ganz recht. Ich
2391 1506 2601 1638 ouer
664 1483 1233 1667 Sylvester:
675 1537 2997 1810 Geschöpf, mein Schöpfer Ihr.Und also tret ich
695 1678 2845 1963 Verkleidet und geschminkt, ein Hauptakteur
701 1874 2601 2124 Aus der Coulisse,-spiele meinen Part
733 1971 3012 2259 Im Bühnenschein - gebläht von Dichterworten,
727 2201 2992 2428 Und so erfüllt, als wär' ich, was ich spielte,
733 2302 2969 2581 Und bald, nach abgetaner Rolle schleich ich,
750 2469 2681 2721 In die Garderobe,ein erloschner Held.
756 2667 1934 2891 Sekretär; (vor ihn hin)
753 2825 2742 3089 Noch eine Weile dürft Ihr weiterglühn.
810 2951 2954 3207 geht,da in diesem Augenblick der Frei-
773 3132 1934 3348 herr kommt von oben).
