6760 4072
1285 343 1743 524 o eus e
2683 364 3052 546 : baisot
1052 467 1995 640 im der Thod asC).
3804 406 6196 600 Doch Stunden gabs - und nicht für mich allein,
1228 594 3077 803 asasfegus das muss sie doi Taw doch
3844 570 5938 770 Da spürten wir, wie mählig sich das Gift
797 740 3013 958 Jaselidosed man mebein xxx gew nedö ow
3804 761 5729 958 In unsre Adern schlich. Jegliches Tun
646 873 3080 1103 midsb Jdtete fiefzu siem - aise Inow s' gem donA
3847 922 6166 1064 Dienst-und Spazierritt, Trunk und Würfelspiel
3816 1037 6096 1237 Vollzog sich wie im Traum.Wir lebten nicht -
1028 1040 3077 1270 schätz dass zuS xxxorlxx wir dassu saad
1094 1188 2995 1422 .seidofed xxx ddoen] da xxx zilieno
3822 1185 5814 1379 Wir dämmerten dahin. Der Waffen Blitzen
1037 1325 3007 1582 Kleinegöl darau asab. Jai nedele dood
3810 1346 6126 1525 Sonst ahnungsvoller Gruss ersehnter Schlacht
1125 1552 3013 1719 xxx - xxx as xxx xxx
3822 1485 6250 1728 War leeres Spiel des Lichta; ihr Klirren - sonst
1419 1670 2919 1867 xxx wird xxx schrei¬
3804 1646 5850 1831 Uns köstlichste Musik - sinnloser Lärm.
1119 1785 2958 2055 me se saustrebsik nov a' mässä aeise! s)
3859 1828 5896 1985 Und unser Hass,blutroter Brand geboren,
3822 2013 5890 2152 zu Aschenfunken matten Spotts versprüht
2577 1985 2907 2264 7
3804 2143 6053 2301 Bläst ihn der Wind hin vor der Feinde Zelt.
1422 2113 1879 2364 tiss sie
2807 2216 3010 2398 ndern
3850 2261 6169 2483 Spott kommt zurück,-mit Spässen nur erwidern
949 2325 1934 2531 abnad aan: selqmü
2043 2337 2983 2583 sezüng aen aus als
3859 2422 6256 2622 Die Unsern.-Wie zur Antwort schallt von drüben
1431 2492 2992 2731 sue dei ettovilexxx enno? ei
3847 2580 6072 2774 Ein lauter Sang;—wir lauschen,trällern mit
1158 2634 3007 2895 seine xxx wissossegabaa8 us dien im
3865 2764 6114 2913 Und endich tönt - als lägen nicht Totfeinde
1416 2831 2974 3056 teid niemmuldoa Teislø
3865 2880 5947 3059 Gerüstet bis zur Stirn - als lägen sich
3859 3059 5878 3234 Verschiedenfarb'ge Söldner eines Heers
928 3140 2910 3404 wie durch sei leeß bau die dref samt
3804 3195 5856 3392 Gewärtig frohen Kampfspiels gegenüber -
1622 3331 2534 3559 (bmednizius mäi):
3865 3371 5987 3540 Tönt - ein gemeinsam Lied zum Himmel auf.
1288 3425 1622 3574 earevse
1722 3471 2558 3583 hied sedeild, do
1028 3531 2470 3750 e und unerstützungen und darauf das
