3416 4024
2506 171 2682 380 21
745 418 1131 603 Konrad:
751 493 3083 696 Ihr sagt es: Haft. Ob streng, ob mild,gilt gleich
754 658 2752 850 Gefangen bin ich - wider Recht und sit
777 818 2062 1035 Wider Brauch und Recht.
789 963 1235 1174 Freiherr:
748 1085 2735 1314 Die Sicherheit des Reiches geht voran.
757 1247 2828 1473 In einer Stunde sprechen wir uns wieder.
754 1401 2465 1650 Leonilda und Konrad ab naoh links
763 1717 1720 1928 Freiherr - Anselma
760 1908 1195 2082 Anselma:
748 2039 2065 2248 Mein Bruder,ich bin froh.
1928 2146 2975 2361 Sei's nicht zu sehr.
751 2204 1221 2398 Freiherr:
742 2317 2642 2526 So sicher des Gelingens als ich mich
1003 2456 1235 2552 gutem
742 2488 2787 2682 Aus xxx Grund vor diesem Junker gab,
748 2642 3030 2848 Bin ich im Herzen nicht. Noch sind zur Stunde
737 2816 2755 3019 Die Boten nicht am Ziel. Es könnte sein
740 2883 2836 3173 Sie kämen just zum ersten Schuss zurecht
745 3120 1180 3303 Anse 1ma:
748 3245 2691 3439 Verzeih, wenn ich in diesem Augenblick
740 3352 2784 3608 Des Vaterlandes Heil, die Frag, ob Krieg
