3432 3992
2270 331 2548 543 3 51
377 515 2498 814 In unsrer Hauptstadt weiter sich behagt -
362 730 2607 945 Bezweifelt Ihr, Herr Kanzler, wie ich selbst,
368 917 879 1126 Freiherr:
452 948 2760 1254 Wir werden diesen Hohn zum Schweigen bringen.
387 1219 780 1435 Konrad:
440 1307 2638 1544 Auf lange nicht. Und was Ihr niederzwingt -
387 1450 2835 1712 Zu zwingen glaubt -wächst im Verborgnen weiter.
511 1669 1010 1909 Freiherr:
455 1790 2704 2055 Nicht so verborgen als du denkst.-Man kennt
427 1921 2638 2186 Die trüben Quellen, draus' der Hohn, der Hass
458 2086 2557 2348 Der unverständ 'gen Menge Nahrung trinkt.
427 2267 2564 2514 Und leuchten wird man in die Winkel, draus
427 2420 2511 2642 An den Gesandten Fenster Steine fliegen.
452 2642 817 2810 Konrad:
490 2713 2729 2947 Ich weiss nicht, wer den ersten Stein erhob,
455 2907 2741 3119 Jedoch im Geiste schüttle ich ihm die Hände.
527 3100 920 3278 (Pause)
499 3209 1737 3428 Freiherr: (in anderm von
468 3325 2691 3590 Konrad! Noch einmal, stell' zur rechten Zeit
474 3484 2985 3693 Dich an den rechten Platz. Vielleicht schon morgen
