3448 4008
2671 363 2859 494 147
557 457 2599 721 Armsel 'ge Sinn, der nicht-auf die Gefahr
548 645 2750 854 Feig zu erscheinen - noch das Letzte wagte
554 812 2447 987 Ein drohendes Verhängnis abzuwenden.
557 975 957 1163 Konrad:
554 1042 2708 1284 Was Ihr Verhängnis nennt - abwenden könnt
563 1221 2920 1427 Ihr’s nimmermehr.Nur um den Preis der Schmach
557 1417 2532 1593 Aufschieben tage-mondelang vielleicht,
794 1566 987 1675 hält
560 1545 2802 1790 Doch den vorbestimmten Lauf der Dinge
569 1735 1402 1899 Kein Wunder auf.
1311 1823 2729 2011 Was nennst du vorbestimmt?
630 1884 1275 2072 Freiherr;
575 1963 2826 2211 Was dir wahrscheinlich dünkt! Und wenn’s be
2481 2135 2765 2259 stimmt.
578 2253 2526 2450 Wozu dann all die Müh der Ueberredung
569 2423 2771 2593 An mich gewandt? Wär ich mir nicht bewusst
569 2565 2783 2799 Dass sich am Schieksalesturm, durch den ich
2435 2680 2774 2789 sause,
575 2753 2311 2983 Mit jedem freien,tem auch in mir
624 2908 2880 3126 Die gleiche Schieksalskraft entzünde, - wahr
2774 3035 2920 3201 ich
585 3114 1042 3283 Nachmitten:
594 3180 2883 3398 Mich litt s nicht einen Tag in solcher Welt,
578 3347 3011 3541 Die nichts von Sehuld, und doch von Sühne wüsste
642 3495 2841 3741 Nichts vom Verdienst und doch von Lohn der
2711 3535 2923 3747 Tat.
