3400 4024
2593 368 2737 515 20
590 486 2755 804 Mir selbst, eh ich dies Haus - seit vielen
2454 654 2807 851 Jahren
602 761 2532 952 Zum ersten Mal - für unbestimmte Zeit
608 912 2680 1131 Verlasse, bleibt noch mancherlei zu tun,
605 1019 2590 1282 Was, von Anselma schwesterlich beraten,
619 1210 2558 1403 Ich gleich besorgen will;-indessen du
611 1296 2454 1571 Im Garten dich ergehend, deinen Fall
611 1453 2847 1678 Wie sichs empfiehlt, reiflich erwägen magst,
602 1670 2512 1852 Du, Leonilda, bleibst an seiner Seite.
654 1783 2055 2057 bleibst so lang bei ihm.
634 1994 1117 2182 Leonilda:
674 2005 2775 2318 Ich - für ihn Bürge? Vater, für dies Amt
634 2217 2792 2477 Wähl jemand andern:-denn ich fürchte fast
619 2405 2943 2656 Dass ich ihn nicht nach deinem Sinn beriete.
637 2616 1114 2790 Freiherr:
700 2778 1542 2926 Wie's dir gefäll
813 2845 1673 2963 as stcht bei dir;
2599 2758 2766 3093 tho
694 2920 1511 3125 (Nioht darum ge)
1525 2902 2570 3148 Jedoch umstellt ich
640 3108 2908 3279 Mit Wachen - würde er fliehn. Da ich ein Mäd
2720 3192 2955 3351 chen
637 3224 2590 3446 Zu seinem Wächter mache wird er sich
651 3418 2787 3626 Als Edelmann in strengrer Haft empfinden.
