6680 4152
1800 1105 2056 1267 O3,3
2316 1682 2519 1900 G.F.P.
551 2027 1942 2286 sind das xxx. xxxo zaiew do
2504 2127 2934 2339 Paw JaoiM
1181 2174 2295 2419 zurück zudüb aasîm
1252 2454 2127 2728 raxoido8 aa m aine-
1037 2764 2239 3014 xxx Iaaxoide8 am
1158 3111 2345 3353 dann darauf. xxx
1777 3353 2731 3594 lich se.mies e Jmmö
5910 250 6078 542 32
3795 410 5810 754 Des Fürsten Würdigkeit und Grösse aus,
3812 619 5798 910 Wenn sich in seiner Untertanen Herzen
3804 775 5837 1046 von beiden das Gefühl, -in ihren Köpfen
3827 931 6028 1205 Von beiden der Begriff zur Einheit bildet.
3824 1075 6040 1343 Genug davon. Was kümmert's dich - und mich?
3848 1290 4888 1497 (abbrechend rasch)
3821 1429 6099 1612 Die schönen Blumen.-Auch für ihn gepflückt?
3854 1594 4413 1785 Leonilda:
3892 1665 6258 1942 Tu ich nicht recht? Ist nicht Sylvester Thorn
3848 1900 5775 2101 per dir vor allen Freunden teuer war?
3848 2059 4384 2248 Freiherr:
3854 2201 5816 2392 Von allen gar-? Niemals erwog ich das.
4950 2313 5138 2407 das
3842 2339 5913 2543 Er war mir wort.-Doch as ist lange her.
3854 2495 6111 2716 Ich wundre mich, dass du noch sein gedenkst?
3860 2643 5978 2837 Dass du dich seiner Züge noch erinnerst?
4599 2858 4773 2996 G.H.F.P.
3871 2814 4437 3023 Leonilda:
3910 2979 5728 3138 Erinnerung -? Wie wenig wäre das -
3880 3161 5928 3312 Fr lebt in mir.
3860 3267 6187 3462 Freiherr:  Dein Antlitz glüht -mein Kind,
3871 3429 6087 3603 Was ist dir nur—? Seh' ich dich so vor mir
