3368 3976
1298 364 1731 579 1.Auf zug
1394 554 1690 644 —  —  — — —
489 582 2991 900 Grosser Saal im Schloss des Freiherrn von Maxem
492 862 943 980 Mayonau.
492 903 2904 1186 Türe rechts als Haupteingang.Türo links.Um den
439 1124 2807 1366 Saal oben läuft eine Galorio, zu der von links
507 1313 2577 1513 vorn eine praktikable stiege hinaufführt
436 1472 1958 1647 Familienbilder an den wänden.
451 1510 2848 1827 Rechts ein hoher Kamin, davor ein Tisch,Stühle.
451 1790 1815 1933 Stühle auch an den Wänden.
442 1839 2904 2107 Hintergrund Mitte ein geräumiger Erker mit drei
2207 2001 2518 2110 Fluss-
495 2036 2907 2260 hohen Bogenfenstern. Blick auf die Landschaft.
464 2182 2941 2372 über den nach abwärts gesenkten Garten hin.ter
451 2353 2923 2524 dämmernde Hügel in der Ferne. Im Erker ein gros-
458 2487 2860 2699 ser Tisch, davor ein stuhl.Auf dem Tisch liegen
454 2695 1550 2842 Bücher und Schriften.
451 2801 1547 3063 Später Morgen im Mai,
