6856 4120
6200 326 6374 488 68
3977 345 4217 554 Durch
2448 396 2881 583 d eimof
1944 367 2337 655 a mais le
3970 443 5956 700 In/Gottes unbewegten Lüften zieht.
2631 567 3071 757 G.C.H.F.F:F.D
1741 614 2419 795 siedeu ow. ao
2169 706 3122 921 ne bled, demeib sA
4037 665 6155 928 Doch als ich nach geheim durcheilten Weg
1811 855 3109 1099 gifenbrieu aaw. edolf aaw
4024 887 6570 1083 Denn schon hielt Misstrau 'n Wache hier wie dort-
1643 1039 3106 1251 sdlossed sie febl xxx
4050 1064 6076 1270 Aufatmend stand wie an erreichtem Ziel,
2476 1162 3122 1342 alw xxxal xxx
4037 1222 6187 1418 Da fühlt ich wieder Fremde nur ums Herz,
3977 1311 6465 1545 Als wollt auch nicht mit ärmlichstem Willkommen
1504 1406 1887 1539 o e.eib.
3977 1450 6070 1694 Das Vaterland den Heimgekehrten grüssen.
3970 1596 4411 1703 Da noch 38
3989 1627 6177 1852 nach manchen Tag durch fremde Welt,
3977 1798 6212 1931 Nicht minder fremd als die, aus der ich kam,
3983 1919 6228 2144 Umbraust vom unverstandnen Klang der Weiten
3958 2106 6003 2292 Erloschne strassen wandert' ich dahin,-
4005 2248 5870 2435 Bis mählig aus dem wirren Ferngetön
3958 2403 6108 2590 Sich nah und immer nähere Stimmen lösten,
4002 2552 6063 2726 Sich das verhangne Grau der Runde rings
4024 2707 5984 2897 Zu immer buutern Farben froh erhellte
4005 2827 6117 3062 Und mir - als rissen Nebel jäh entzwei -
2552 3005 3207 3176 nicht ob als
3945 3033 6364 3179 Bewusst ward, dass ich nun den Grenzstrich erst
4211 3125 4578 3230 wisschaft.
2153 3138 3173 3356 im doch. red Jdoianß
3996 3182 6089 3363 Den gilt 'gen überschritten hatte.
2188 3293 3179 3496 lebstw se dannen ist
