3336 3944
2478 270 2674 512 2xx4
454 578 2616 831 Mein ist die Zukunft nur, da mein die Wahl
463 819 2766 978 Darum - ob ’s mich auch lookte zu verweilen -
454 906 2766 1110 Entscheid ich mich zu gehn.-Vertraut ist mir
466 1113 2763 1314 Der Weg; mondhell die Nacht, und noch vor Tag
540 1219 2809 1452 - Es wird ein köstlich Wandern sein - grüsst
2588 1325 2826 1492 mich
486 1386 2530 1624 Des Hauses Dach, das morgen mir gehört,-
489 1475 2671 1728 Notzt meinen Fuss der Frühtau eignen Felds
483 1676 2490 1923 Und über blanke Schwelle tret ich leis
526 1869 2372 2076 An das geweihte Bett,wo selig bange
503 2056 2375 2217 In Mutterträumen die Geliebte harrt.
535 2139 2812 2366 er wen det sich zum Gehen nach links, aus der
558 2300 2797 2539 dunklen Allee links tritt ihm plötzlich der
506 2490 2303 2702 Sekretär Andrias Ungnad entgegen).
