3464 4008
613 491 2813 752 Ihr Herr Sylvester Thorn, was auch geschehe,
610 672 2673 931 Des ersten Anspruchs haltet Euch gewiss.
613 836 2685 1076 Und eh der Friedenglocken von verhallt,
622 1020 2888 1219 Wohin Ihr mich beruft, will ich mich stellen.
619 1136 2578 1362 Dir, Leonilda, beug‘ ich Knie und Haupt,
616 1246 2974 1534 Und wie du auch - dieweil ich fern - entschei¬
2682 1418 2944 1529 dest,
616 1573 2706 1805 Dir feierlich verlobt erklär' ich mich.
622 1746 2804 1957 Doch eh um Leonilda ich bei Buch Herr Ohne
636 1873 1023 1972 Tei buch
639 1870 2638 2105 Herr Ohm zu werben sage bitt' ich Euch
639 2022 2932 2233 Bedenkt, dass ungetane Tat dixginn den Sinn
657 2180 2596 2385 Dauxtunxdanakapenniertxxnudxxxxxxstäxx
648 2296 2846 2537 Durchspenstert und verstört.Und so vergebt
657 2456 2376 2697 Mir meiner Reden freche Ungebühr.
672 2644 1106 2855 Freiherr
660 2724 2798 2983 Spräch ich Verzeihung aus, wär's Lüge, denn
675 2890 2587 3122 In allem Zürnen -bös war ich dir nie.
654 3030 2656 3262 Die Zeit wuchs dir entgegen, wie du ihr
678 3140 3072 3414 Nun steht Ihr Brust an Brust, nun mögt Ihr beide
687 3319 2763 3548 Du dich an ihr, sie sich an dir erfüllen.
