3464 4024
547 418 2627 671 Die Antwort seines Herrn zu überbringen.
615 579 2624 821 Ich war ein Bote zwischen diesen zwein
571 724 2709 991 Nun freilich, da ich wider Dienstespflicht
565 938 2659 1153 Satt geradenwegs zum Heer zurückzueilen,
597 1029 2621 1288 An Euch des Kaisers Botschaft übernahm,
612 1194 2544 1462 gühl' ich, wie jenes erste Zögern mich
606 1279 2953 1615 Gleich einer leichten Schlinge,die allmählich
606 1521 2600 1753 Sioh immer fester um den Knöchel legt,
621 1635 2774 1906 Am Boden halten will.Doch noch vermag ich
626 1782 2827 2124 Aus jeglicher Verstrickung mich zu reissen
632 1971 2835 2238 Und nicht zu Hofe, wo mein Platz nicht ist,
647 2124 2859 2432 Ich reite heim zum Marschall und zum Heer.
656 2359 1594 2568 Freiherr; (ruhig)
718 2391 3088 2677 Dort triffst vielleicht du deinen Vater noch,-
679 2600 2165 2835 Den Marsohall nicht mehr an.
694 2779 1924 2994 Konrad: (fährt zusammen)
2100 2847 3109 3082 Notwendig schien's,
703 2941 1729 3165 Freiherr: (sachlich)
709 3085 2594 3285 Dass über unsre friedliche Gesinnung
709 3165 3056 3438 Beim Feind sich kein geringster Zweifel rego,
747 3350 2665 3609 In so gefährlicher Entscheidungsfrist
