3384 4008
2284 454 2680 629 XXXksxx
2333 576 2600 760 2 36
451 650 901 859 Anselma:
497 813 2459 1036 Nimm sie mit dir zu Hofe,rat ich dir.
527 975 1006 1174 Freiherr:
500 1092 2649 1328 Als hätt' ich selbst bei Hofe was zu tun,
454 1276 898 1487 Anselma:
494 1407 2815 1640 Nicht lange währt's und man beruft dich hin.
432 1588 957 1785 Freiherr:
503 1754 1407 1965 er - sollte das?
435 1916 883 2079 Anselma:
1300 1886 2438 2073 Der Eine, der es darf.
432 2088 2735 2211 Dann wird’s gar einsam sein auf Mayenau und-
331 2156 598 2278 und -
429 2229 2251 2407 Wie die Zeiten gehn,so sicher kaum
429 2361 2533 2573 Als du für deine Tochter wünschen magst.
417 2524 932 2711 Freiherr:
423 2698 2760 2852 Und dächt' ich selbst daran - wovon ich fern
432 2849 2898 2990 Wie je - solch einem Ruf zu folgen,-glaubst du,
463 3017 2683 3226 Mir schien bei Hof der rechte Ort für sie?
414 3143 1781 3354 Anselma: (wie vor sich hin)
432 3305 2784 3499 Wie lang ist's her, dass ihm die Gattin starb?
