3368 3976
2383 279 2674 433 72
418 549 831 807 Anselma:
460 644 1709 967 Staxträstskeissersekukxx
433 911 1190 1101 Um Leonilda —?
496 982 2297 1252 Freiherr: Sie trägt keine Schuld.
478 1125 2801 1421 Anselma: (ihn an seinen eigenen Ausspruch erin-
454 1404 840 1564 nernd)
457 1395 2745 1736 Ist nicht gesorgt, dass niemand schuldig sei?
469 1694 1012 1884 Freiherr:
519 1721 2407 2003 Verwirre durch kein ungerechtes Wort
472 1893 2202 2202 Das erste Leid,dag Leonilda traf.
493 2163 947 2324 Anselma;
490 2157 2519 2469 Sei unbekümmert, diese trifft kein Leid.
496 2371 2549 2579 Und hätte sie den Toten selbst geliebt,
504 2552 2585 2745 Er lookte sie mit seinem Gang zum Weiher
510 2671 2792 2878 Und auf des Weihers Grund - nicht weiter als
519 2789 2870 3080 Bis an den Rand. Und mag sie dort heut weinen,
522 2959 2914 3226 Es währt nicht lang, so weiss ihr Sinn so wenig
552 3175 2555 3377 Vom Leichnam in der Tiefe als der Wind,
2006 3249 2291 3353 Flache
555 3288 2769 3558 Der achtlos über Schili und
