3384 3944
2330 176 2659 346 3 37
675 420 1118 605 Freiherr
663 558 1221 778 Nein doch.
675 725 1558 930 Sylve st er: (rasch)
1071 834 2721 1051 Und wenn es wär,gelang a diesem
660 1045 2879 1221 - Noch glaub ich's nicht-ihr Herz mir abzu-
2565 1127 2923 1324 wenden,
657 1151 2357 1374 iuxet war xxxxxxxxxx
660 1368 2844 1517 In einer Frist von Nacht und Tag und Nacht
655 1491 3014 1702 In einer Stunde ring ich's mir zurück, das Heng
646 1664 1127 1840 Freiherr
710 1782 2677 1917 In einer Stunde -? Setze Tag und Jahre
643 1899 2686 2002 Ein Leben setze dran;— — es rinnen eher
916 1972 1385 2087 IIttaxxxx
2392 1978 2551 2075 and
725 1984 2938 2172 eines Bettlers Schoss son heut ud morgen
634 2187 2627 2313 Schätze, um die er niemals sich gemüht,
684 2301 2882 2483 Uns terblichkeit umfliesst in Strahlen eher
625 2498 2671 2636 Die Stirn um die noch eben Dämmer war,
1394 2586 1987 2691 siehst
631 2630 2583 2797 Blutrote Rosen sichst aus Eisgefilden
628 2803 2577 2950 Du eher dir entgegenblühn als dass du
628 2956 2562 3140 Und wären Himmelsgaben dir verliehen,
2650 2873 2777 3105 P.
625 3064 2697 3255 Ein Herz, so sehr es einst das deine war,
631 3228 2923 3422 Zum zweiten Mal erringst, wenn du's verlorst.
