3432 4024
2682 229 2824 426 23
741 472 2977 739 Wie hatt' ich ihn, wie völlig er mich wieder.
736 652 2740 901 Es rollte sich, rücklaufend in die Zeit
739 794 2775 1046 Als säh ich Tag für Tag, sein Leben auf;
750 941 2830 1182 Und so, von Klarheit rings umspiegelt, lag
744 1098 2821 1335 Sein Wesen klarer als ich's je geschaut,
776 1237 2937 1494 Vor mir, des Fürsten wie des Manns. Ich sah,
750 1410 2688 1665 Was er an Menschen, sie an ihm gefehlt
753 1541 3085 1807 Und - eigner Schuld ward ich mir tief bewusst
788 1764 1509 1984 (er schweigt).
779 1868 2450 2126 Anselma: (sieht ihn ergriffen an
768 2065 2192 2259 Freiherr: (wie vor sich hin)
768 2155 2662 2442 In seine Ehe blickt' ich, die der Tod
765 2314 2966 2586 Der Gattin kürzlich erst gelöst. Ich war’s,
773 2482 2861 2737 Der aus polit’schen Gründen,die ich ihm,
782 2638 2914 2902 Dem Land, mir selber endlich vorgeschützt,
828 2786 2908 3018 Zu dieser sohlimmen Heirat ihn gedrängt.
788 2989 1981 3197 Anselma: (unterbrechend)
840 3125 2989 3328 Schlimm sagst du?-Sah man eine Fürstin je
808 3308 1703 3525 Lieblich wie sie?
1431 3386 2972 3658 Doch hatte ich schon die Braut
825 3473 1324 3649 Freiherr:
