<?xml version="1.0" encoding="UTF-8" standalone="yes"?>
<PcGts xmlns="http://schema.primaresearch.org/PAGE/gts/pagecontent/2013-07-15" xmlns:xsi="http://www.w3.org/2001/XMLSchema-instance" xsi:schemaLocation="http://schema.primaresearch.org/PAGE/gts/pagecontent/2013-07-15 http://schema.primaresearch.org/PAGE/gts/pagecontent/2013-07-15/pagecontent.xsd">
    <Metadata>
        <Creator>prov=READ-COOP:name=TrHtr:version=2.1.0:model_id=51170:date=29_07_2023_23:07</Creator>
        <Created>2023-05-10T13:16:56.202+02:00</Created>
        <LastChange>2023-07-29T23:07:48.185+02:00</LastChange>
        <TranskribusMetadata docId="1428572" pageId="55411665" pageNr="259" tsid="131468891" status="IN_PROGRESS" userId="64420" imgUrl="https://files.transkribus.eu/Get?id=MKFWGAPASOLNORAATHVJRAPC&amp;fileType=view" xmlUrl="https://files.transkribus.eu/Get?id=BFVCWWSQSHAUPCRIFUDPLELO" imageId="44685808"/>
    </Metadata>
    <Page imageFilename="1428572_0259.jpg" imageWidth="3448" imageHeight="3992">
        <ReadingOrder>
            <OrderedGroup id="ro_1711792595171" caption="Regions reading order">
                <RegionRefIndexed index="0" regionRef="tr_1"/>
                <RegionRefIndexed index="1" regionRef="tr_2"/>
            </OrderedGroup>
        </ReadingOrder>
        <TextRegion id="tr_1" custom="readingOrder {index:0;}">
            <Coords points="566,376 2941,376 2941,1985 566,1985"/>
            <TextLine id="tr_1_tl_1" custom="readingOrder {index:0;}">
                <Coords points="2735,425 2750,425 2771,445 2794,445 2847,480 2879,480 2882,331 2856,340 2841,325 2826,331 2812,319 2753,360 2735,357"/>
                <Baseline points="2753,429 2795,429 2840,429 2885,426"/>
                <TextEquiv>
                    <Unicode>48</Unicode>
                </TextEquiv>
            </TextLine>
            <TextLine id="tr_1_tl_2" custom="readingOrder {index:1;}">
                <Coords points="583,788 1500,811 2258,720 2856,800 2929,794 2938,603 586,650"/>
                <Baseline points="599,748 614,748 659,748 704,745 748,748 793,745 838,742 883,742 927,739 972,739 1017,739 1062,739 1106,736 1151,733 1196,733 1241,730 1285,727 1330,727 1375,725 1420,722 1464,722 1509,719 1554,716 1599,716 1643,713 1688,710 1733,710 1778,710 1822,707 1867,707 1912,707 1957,701 2001,701 2046,701 2091,698 2136,695 2180,692 2225,689 2270,692 2315,689 2359,686 2404,686 2449,683 2494,683 2539,683 2583,674 2628,671 2673,668 2718,668 2762,662 2807,662 2852,662 2897,665 2941,656"/>
                <TextEquiv>
                    <Unicode>Ein menschlich Herz an meinem sohlagen fühlte</Unicode>
                </TextEquiv>
            </TextLine>
            <TextLine id="tr_1_tl_3" custom="readingOrder {index:2;}">
                <Coords points="551,934 589,949 706,923 791,958 1037,925 1110,958 1192,940 1198,797 1119,814 908,773 756,826 636,811 554,843"/>
                <Baseline points="566,909 569,909 614,907 659,904 704,904 748,904 793,901 838,898 883,898 927,895 972,892 1017,889 1062,895 1106,889 1106,889 1112,889 1157,889 1202,886"/>
                <TextEquiv>
                    <Unicode>Leonilda :</Unicode>
                </TextEquiv>
            </TextLine>
            <TextLine id="tr_1_tl_4" custom="readingOrder {index:3;}">
                <Coords points="597,1057 908,1110 1467,1037 2305,1072 2375,1040 2381,896 1992,961 1833,899 1628,961 600,975"/>
                <Baseline points="614,1056 635,1056 680,1056 725,1053 769,1053 814,1050 859,1047 904,1047 948,1044 993,1041 1038,1044 1083,1041 1127,1038 1172,1038 1217,1035 1262,1035 1306,1032 1351,1032 1396,1029 1441,1029 1485,1026 1530,1023 1575,1020 1620,1017 1664,1017 1709,1017 1754,1014 1799,1014 1843,1008 1888,1008 1933,1005 1978,1002 2022,1002 2067,999 2112,999 2157,996 2201,996 2246,996 2291,993 2336,990 2382,991"/>
                <TextEquiv>
                    <Unicode>Bedeutet solche Stunde dir so viel</Unicode>
                </TextEquiv>
            </TextLine>
            <TextLine id="tr_1_tl_5" custom="readingOrder {index:4;}">
                <Coords points="554,1271 1374,1201 1564,1262 2566,1130 2683,1180 2718,1063 559,1098"/>
                <Baseline points="572,1205 578,1205 623,1208 668,1208 713,1211 757,1208 802,1205 847,1202 892,1199 936,1196 981,1193 1026,1193 1071,1190 1115,1190 1160,1187 1205,1187 1250,1184 1294,1181 1339,1181 1384,1178 1429,1178 1473,1175 1518,1172 1563,1172 1608,1169 1652,1166 1697,1169 1742,1166 1787,1166 1831,1163 1876,1160 1921,1160 1966,1160 2010,1151 2055,1151 2100,1151 2145,1148 2189,1145 2234,1145 2279,1142 2324,1139 2368,1139 2413,1136 2458,1136 2503,1133 2547,1130 2592,1133 2637,1133 2682,1133 2726,1121"/>
                <TextEquiv>
                    <Unicode>War dir sohon manche Ewigkeit beschieden,-</Unicode>
                </TextEquiv>
            </TextLine>
            <TextLine id="tr_1_tl_6" custom="readingOrder {index:5;}">
                <Coords points="548,1420 700,1394 823,1435 952,1374 1016,1418 1218,1359 1628,1391 1766,1368 1775,1224 1248,1277 1089,1242 920,1300 556,1268"/>
                <Baseline points="566,1387 605,1387 650,1381 695,1381 739,1378 784,1375 829,1372 874,1369 918,1366 963,1363 1008,1357 1053,1354 1097,1351 1142,1345 1187,1345 1232,1339 1276,1336 1321,1333 1366,1333 1411,1330 1455,1330 1500,1327 1545,1327 1590,1324 1634,1321 1679,1321 1724,1324 1769,1327"/>
                <TextEquiv>
                    <Unicode>Und manche wartet dein.</Unicode>
                </TextEquiv>
            </TextLine>
            <TextLine id="tr_1_tl_7" custom="readingOrder {index:6;}">
                <Coords points="1687,1535 2651,1500 2738,1538 2782,1529 2791,1330 2580,1368 1693,1379"/>
                <Baseline points="1706,1470 1718,1470 1763,1470 1808,1467 1852,1464 1897,1464 1942,1464 1987,1461 2031,1458 2076,1458 2121,1455 2166,1455 2210,1452 2255,1452 2300,1452 2345,1450 2389,1450 2434,1450 2479,1447 2524,1447 2568,1441 2613,1438 2658,1435 2703,1435 2747,1438 2792,1438"/>
                <TextEquiv>
                    <Unicode>Du weisst, ich sprach,</Unicode>
                </TextEquiv>
            </TextLine>
            <TextLine id="tr_1_tl_8" custom="readingOrder {index:7;}">
                <Coords points="562,1579 597,1599 650,1576 718,1593 788,1558 826,1584 867,1552 1025,1573 1104,1561 1110,1420 1043,1403 917,1441 838,1444 782,1418 706,1441 571,1432"/>
                <Baseline points="581,1518 620,1521 665,1518 710,1515 754,1515 799,1512 844,1509 889,1506 933,1506 978,1503 1023,1497 1068,1497 1112,1506"/>
                <TextEquiv>
                    <Unicode>Sylvester;</Unicode>
                </TextEquiv>
            </TextLine>
            <TextLine id="tr_1_tl_9" custom="readingOrder {index:8;}">
                <Coords points="580,1699 1330,1661 1546,1710 2229,1602 2396,1661 2402,1526 1675,1494 1549,1561 583,1596"/>
                <Baseline points="596,1661 614,1661 659,1661 704,1661 748,1661 793,1661 838,1661 883,1658 927,1655 972,1655 1017,1652 1062,1649 1106,1649 1151,1649 1196,1649 1241,1646 1285,1643 1330,1643 1375,1643 1420,1637 1464,1637 1509,1634 1554,1632 1599,1632 1643,1629 1688,1626 1733,1626 1778,1623 1822,1620 1867,1620 1912,1617 1957,1614 2001,1614 2046,1611 2091,1608 2136,1608 2180,1605 2225,1602 2270,1602 2315,1602 2359,1602 2404,1608"/>
                <TextEquiv>
                    <Unicode>o Früherfahrene,Frühenttäuschte du,</Unicode>
                </TextEquiv>
            </TextLine>
            <TextLine id="tr_1_tl_10" custom="readingOrder {index:9;}">
                <Coords points="577,1871 2730,1863 2738,1625 2281,1705 583,1740"/>
                <Baseline points="596,1819 641,1816 686,1816 730,1816 775,1816 820,1816 865,1811 909,1808 954,1808 999,1808 1044,1805 1088,1805 1133,1805 1178,1805 1223,1799 1268,1796 1312,1796 1357,1796 1402,1793 1447,1790 1491,1787 1536,1787 1581,1784 1626,1781 1670,1781 1715,1781 1760,1781 1805,1778 1849,1775 1894,1772 1939,1769 1984,1769 2028,1769 2073,1763 2118,1763 2163,1760 2207,1757 2252,1757 2297,1754 2342,1751 2386,1751 2431,1748 2476,1745 2521,1745 2565,1742 2610,1742 2655,1739 2700,1736 2744,1736"/>
                <TextEquiv>
                    <Unicode>Von andern Stunden als du spottend meinst.</Unicode>
                </TextEquiv>
            </TextLine>
            <TextLine id="tr_1_tl_11" custom="readingOrder {index:10;}">
                <Coords points="577,2030 2481,1992 2554,1977 2560,1825 583,1877"/>
                <Baseline points="593,1972 596,1975 641,1975 686,1972 730,1972 775,1969 820,1969 865,1966 909,1966 954,1966 999,1963 1044,1960 1088,1954 1133,1954 1178,1954 1223,1954 1268,1951 1312,1948 1357,1945 1402,1945 1447,1942 1491,1942 1536,1939 1581,1936 1626,1933 1670,1933 1715,1933 1760,1930 1805,1930 1849,1927 1894,1924 1939,1924 1984,1924 2028,1921 2073,1918 2118,1915 2163,1912 2207,1909 2252,1909 2297,1906 2342,1906 2386,1906 2431,1903 2476,1900 2521,1897 2565,1891"/>
                <TextEquiv>
                    <Unicode>Und so begehrenswert du seist, wenn ich</Unicode>
                </TextEquiv>
            </TextLine>
        </TextRegion>
        <TextRegion id="tr_2" custom="readingOrder {index:1;}">
            <Coords points="596,1993 3019,1993 3019,3530 596,3530"/>
            <TextLine id="tr_2_tl_1" custom="readingOrder {index:0;}">
                <Coords points="577,2191 2446,2065 2618,2120 2662,1989 583,2030"/>
                <Baseline points="596,2133 608,2130 653,2127 698,2124 742,2124 787,2124 832,2121 877,2118 921,2118 966,2115 1011,2115 1056,2115 1100,2115 1145,2112 1190,2109 1235,2106 1279,2103 1324,2103 1369,2100 1414,2097 1458,2094 1503,2091 1548,2091 1593,2088 1637,2085 1682,2085 1727,2085 1772,2082 1816,2082 1861,2082 1906,2076 1951,2073 1996,2073 2040,2073 2085,2073 2130,2070 2175,2070 2219,2070 2264,2064 2309,2064 2354,2061 2398,2058 2443,2055 2488,2055 2533,2052 2577,2049 2622,2046 2667,2043"/>
                <TextEquiv>
                    <Unicode>Mit solch er Inbrunst um dich werbe, ist</Unicode>
                </TextEquiv>
            </TextLine>
            <TextLine id="tr_2_tl_2" custom="readingOrder {index:1;}">
                <Coords points="577,2349 2273,2284 2838,2349 2847,2150 2012,2094 1344,2199 583,2194"/>
                <Baseline points="596,2279 614,2282 659,2279 704,2279 748,2276 793,2276 838,2276 883,2273 927,2270 972,2270 1017,2270 1062,2267 1106,2267 1151,2264 1196,2261 1241,2261 1285,2258 1330,2258 1375,2258 1420,2255 1464,2252 1509,2249 1554,2249 1599,2246 1643,2243 1688,2240 1733,2237 1778,2237 1822,2234 1867,2234 1912,2231 1957,2228 2001,2228 2046,2228 2091,2225 2136,2225 2180,2219 2225,2219 2270,2219 2315,2216 2359,2216 2404,2213 2449,2210 2494,2210 2539,2210 2583,2207 2628,2204 2673,2201 2718,2198 2762,2198 2807,2201 2852,2204"/>
                <TextEquiv>
                    <Unicode>Nicht darum.Doch weil jenseits alles Lebens</Unicode>
                </TextEquiv>
            </TextLine>
            <TextLine id="tr_2_tl_3" custom="readingOrder {index:2;}">
                <Coords points="580,2487 1672,2460 1871,2393 2355,2434 2510,2399 2513,2299 586,2349"/>
                <Baseline points="596,2440 638,2440 683,2437 727,2437 772,2434 817,2431 862,2428 907,2425 951,2425 996,2425 1041,2425 1086,2425 1130,2422 1175,2419 1220,2416 1265,2416 1309,2410 1354,2410 1399,2404 1444,2404 1488,2407 1533,2401 1578,2401 1623,2401 1667,2395 1712,2395 1757,2392 1802,2392 1846,2389 1891,2383 1936,2383 1981,2380 2025,2377 2070,2377 2115,2377 2160,2374 2204,2371 2249,2371 2294,2368 2339,2368 2383,2365 2428,2362 2473,2362 2518,2362"/>
                <TextEquiv>
                    <Unicode>Das ich gelebt,-weil über allem Werk,</Unicode>
                </TextEquiv>
            </TextLine>
            <TextLine id="tr_2_tl_4" custom="readingOrder {index:3;}">
                <Coords points="592,2610 2718,2586 2724,2416 597,2489"/>
                <Baseline points="608,2589 626,2589 671,2586 716,2589 760,2586 805,2583 850,2583 895,2580 939,2577 984,2574 1029,2574 1074,2574 1118,2571 1163,2571 1208,2568 1253,2565 1297,2565 1342,2565 1387,2562 1432,2562 1476,2559 1521,2559 1566,2556 1611,2556 1655,2550 1700,2547 1745,2544 1790,2544 1834,2541 1879,2541 1924,2539 1969,2539 2013,2539 2058,2533 2103,2533 2148,2530 2192,2527 2237,2527 2282,2521 2327,2521 2371,2518 2416,2518 2461,2518 2506,2515 2550,2512 2595,2512 2640,2509 2685,2506 2729,2503"/>
                <TextEquiv>
                    <Unicode>Das nun ich versucht, mein Wesen du erahnt</Unicode>
                </TextEquiv>
            </TextLine>
            <TextLine id="tr_2_tl_5" custom="readingOrder {index:4;}">
                <Coords points="606,2762 2744,2765 2797,2583 609,2668"/>
                <Baseline points="623,2741 653,2744 698,2741 742,2738 787,2735 832,2732 877,2729 921,2732 966,2732 1011,2729 1056,2729 1100,2726 1145,2723 1190,2723 1235,2721 1279,2718 1324,2718 1369,2718 1414,2715 1458,2715 1503,2712 1548,2712 1593,2706 1637,2706 1682,2703 1727,2700 1772,2700 1816,2697 1861,2697 1906,2694 1951,2694 1996,2691 2040,2688 2085,2688 2130,2682 2175,2682 2219,2679 2264,2676 2309,2673 2354,2670 2398,2670 2443,2667 2488,2664 2533,2664 2577,2661 2622,2661 2667,2661 2712,2661 2756,2661 2801,2661"/>
                <TextEquiv>
                    <Unicode>Und jetzt auch, da du mich erniedert wähnst</Unicode>
                </TextEquiv>
            </TextLine>
            <TextLine id="tr_2_tl_6" custom="readingOrder {index:5;}">
                <Coords points="685,2917 2331,2932 2653,2861 2656,2744 1555,2806 1333,2741 691,2832"/>
                <Baseline points="704,2891 736,2891 781,2888 826,2885 871,2888 915,2885 960,2882 1005,2882 1050,2879 1094,2879 1139,2876 1184,2876 1229,2873 1273,2870 1318,2870 1363,2870 1408,2867 1452,2864 1497,2864 1542,2858 1587,2858 1632,2858 1676,2852 1721,2849 1766,2849 1811,2849 1855,2849 1900,2849 1945,2846 1990,2846 2034,2843 2079,2837 2124,2837 2169,2834 2213,2834 2258,2831 2303,2831 2348,2828 2392,2825 2437,2822 2482,2819 2527,2819 2571,2819 2616,2816 2661,2816"/>
                <TextEquiv>
                    <Unicode>si doch erhöht von meiner Liebe fühlst,</Unicode>
                </TextEquiv>
            </TextLine>
            <TextLine id="tr_2_tl_7" custom="readingOrder {index:6;}">
                <Coords points="612,2829 641,2832 647,2826 679,2823 694,2838 709,2832 732,2835 729,2750 679,2747 671,2756 644,2756 636,2750 624,2759 609,2759"/>
                <Baseline points="628,2823 674,2822 719,2822 739,2825"/>
                <TextEquiv>
                    <Unicode>Di</Unicode>
                </TextEquiv>
            </TextLine>
            <TextLine id="tr_2_tl_8" custom="readingOrder {index:7;}">
                <Coords points="624,3107 2867,3046 2970,3034 2976,2876 630,2967"/>
                <Baseline points="644,3049 650,3049 695,3049 739,3049 784,3052 829,3052 874,3049 918,3046 963,3046 1008,3046 1053,3043 1097,3043 1142,3046 1187,3040 1232,3037 1276,3034 1321,3031 1366,3028 1411,3025 1455,3025 1500,3025 1545,3025 1590,3022 1634,3019 1679,3013 1724,3013 1769,3010 1814,3010 1858,3004 1903,3004 1948,3001 1993,2998 2037,2998 2082,2998 2127,2992 2172,2992 2216,2992 2261,2989 2306,2986 2351,2983 2395,2980 2440,2980 2485,2980 2530,2977 2574,2977 2619,2974 2664,2974 2709,2971 2753,2968 2798,2965 2843,2962 2888,2965 2932,2968 2977,2971"/>
                <TextEquiv>
                    <Unicode>Weiss ich,von allen Frauen dich mir bestimmt,</Unicode>
                </TextEquiv>
            </TextLine>
            <TextLine id="tr_2_tl_9" custom="readingOrder {index:8;}">
                <Coords points="615,3263 756,3257 835,3230 905,3268 1046,3222 1113,3233 1116,3107 1063,3093 931,3110 817,3081 741,3110 621,3110"/>
                <Baseline points="635,3210 674,3207 719,3204 763,3204 808,3201 853,3201 898,3198 942,3195 987,3195 1032,3195 1077,3195 1121,3198"/>
                <TextEquiv>
                    <Unicode>Leonilda:</Unicode>
                </TextEquiv>
            </TextLine>
            <TextLine id="tr_2_tl_10" custom="readingOrder {index:9;}">
                <Coords points="662,3389 2560,3356 3011,3298 3014,3184 668,3239"/>
                <Baseline points="677,3353 692,3353 736,3356 781,3356 826,3353 871,3350 915,3347 960,3347 1005,3344 1050,3344 1094,3338 1139,3341 1184,3338 1229,3335 1273,3338 1318,3335 1363,3332 1408,3332 1452,3329 1497,3326 1542,3326 1587,3323 1632,3320 1676,3317 1721,3317 1766,3314 1811,3314 1855,3311 1900,3308 1945,3308 1990,3308 2034,3302 2079,3302 2124,3302 2169,3302 2213,3296 2258,3293 2303,3293 2348,3293 2392,3290 2437,3290 2482,3284 2527,3281 2571,3281 2616,3278 2661,3278 2706,3275 2750,3272 2795,3269 2840,3269 2885,3269 2929,3269 2974,3272 3019,3275"/>
                <TextEquiv>
                    <Unicode>Und ich - so hart dir's dünke, weiss nur dies,</Unicode>
                </TextEquiv>
            </TextLine>
            <TextLine id="tr_2_tl_11" custom="readingOrder {index:10;}">
                <Coords points="615,3588 864,3614 1374,3491 2340,3509 2519,3438 2712,3494 2718,3359 2179,3321 1889,3389 1746,3330 624,3418"/>
                <Baseline points="635,3520 662,3514 707,3514 751,3514 796,3514 841,3511 886,3511 930,3508 975,3505 1020,3502 1065,3499 1109,3499 1154,3499 1199,3493 1244,3493 1288,3493 1333,3490 1378,3487 1423,3487 1467,3481 1512,3481 1557,3481 1602,3478 1646,3478 1691,3472 1736,3472 1781,3469 1825,3469 1870,3463 1915,3463 1960,3460 2004,3457 2049,3457 2094,3454 2139,3451 2183,3451 2228,3451 2273,3448 2318,3446 2362,3446 2407,3440 2452,3437 2497,3437 2541,3434 2586,3431 2631,3431 2676,3431 2721,3434"/>
                <TextEquiv>
                    <Unicode>Dass jedes Wort dich weiter mir entrückt</Unicode>
                </TextEquiv>
            </TextLine>
        </TextRegion>
    </Page>
</PcGts>
