3432 4008
2545 261 2680 543 44
2336 313 2441 549 3
767 497 1303 672 sündenrein
1481 555 2404 714 ich verworfen wäre.
610 619 1371 745 So  a
610 662 2735 898 Denkst du,es flüge dann mein Herz dir zu?
561 868 1147 1027 Sylvester:
613 966 3002 1177 Ist ’s denn dein Herz, das jenem sich geschenkt?
567 1141 2401 1358 Reinheit und Sünde, Treue und Verrat
573 1282 2536 1487 Wie solcher armen Worte Sinn verlischt
583 1417 2646 1647 Vor deines freigeschaffnen Wesens stum.
580 1499 2968 1781 Wahrlich, kenk der kennt und liebte dich nicht
2692 1628 2996 1800 recht,
573 1729 2796 1959 Der täppisch frech nach übler Gattenweise
583 1867 2753 2091 Statt jede Huld aufs neue jedesmal
592 2051 2425 2257 Von dir als freie Gabe zu empfahn -
586 2140 2499 2435 Sie zu verlangen wagte als dein Herr.
598 2333 2879 2566 Und wie ein Narr, ein Wicht erschien ich mir,
659 2474 2864 2717 Vermöcht ich einen Eid, den du dir schworst,
656 2662 2419 2858 Je ein Gelöbnis feierlich am Altar
610 2790 2594 3017 Mir dargebracht,- als Helfer auf zurufen
619 2944 2594 3164 Wider ein irrend, ein entgleitend Herz.
622 3121 2753 3348 Und kämst du, sei's aus Himmel oder Hölle,
632 3223 2757 3474 Von kaum verklungner Seligkeit durchbeit,
638 3391 3103 3634 Von bittrer Qual durchschüttelt; -kämst aus Glanz
632 3551 2622 3793 Aus Blend; -kämst erhöht, geheiligt oder
