3432 4024
2634 274 2822 509 142
555 463 1940 731 Dass du bei mir verweilt -
1764 577 2572 796 Von all dem ist
577 691 978 857 Konrad:
607 752 2704 1015 Dem Kaiser wie natürlich nichts bekannt.
561 965 1061 1172 Freiherr:
607 1024 2772 1357 Aus eignem Antrieb also dieser Brief? -?
570 1304 971 1477 Konrad:
617 1308 2930 1604 Ihr seht,Herr Ohm: Wärt Ihr,wie ich euch bat
614 1619 2859 1776 Heut morgen gleich mit mir zu Hof geritten
574 1687 2510 1943 Wir hätten Zeit gespart.Verhüte Gott,
574 1829 2677 2091 Dass die Versäumnis teurer wir bezahlen.
586 2035 1061 2245 Freiherr
604 2112 2831 2362 Der Brief in meiner Hand - bist du so sehr
574 2371 1903 2572 Gewiss, dass er was ändre?
1816 2424 2319 2655 So gewiss
586 2507 968 2714 Konrad:
580 2627 2785 2914 Als dieser Brief zum Kaiser Euch befiehlt.
654 2837 1119 3004 Freiherr:
638 2991 2982 3145 Wär's ein Befehl,man dürfte sich ihm weigern.
626 3068 3108 3284 Dominik und noch ein siener bringen Wein und Im-
620 3290 2809 3482 biss, ein kleines Tischchen wird gedeckt).
