6888 4136
1316 492 3086 795 Jdels xxx hetgewednn xxx nxx
1022 757 3016 996 W seifiederb wieder denn doi als doo
824 937 3080 1141 wie sich schonw xxx sich xxx -
978 1077 3036 1290 .feiä mejdoimme na eiw bmaje bnemisiuÄ
978 1223 3048 1429 IeH amu nun ebmer? Tebeiw dol 'Jidül sfl
873 1392 3089 1558 Ilw meianolimxxs xxx Jnoln dons Jflow af¬
984 1531 3051 1686 .messung meinde WegmieH neb bnaines a V as
853 1671 3068 1860 .dieä etmexl darab za! nedmam doen es be¬
804 1828 3004 2061 .mak doi geb aus. sich als bzemt nehnim fdoi
792 1977 2978 2175 eiewieb gnal* ouhna'snevnn mov jusnda
967 2137 3013 2309 ¬middab dol 'dasbnew neassnte endbach
1109 2300 3004 2492 nöhe ganz mehr aus gildäm als
1106 2422 3045 2670 soi meurig an einem xxx xxx
1071 2579 2978 2789 nta eben* heb und engandier aab dol 8
1019 2728 2903 2961 eiliedne dort med nach und xxxm! xxx
978 2847 2993 3074 Bewi Jne dai ledel mesad't als - nim bmU
929 3048 3039 3220 wir annehmenb neh nun doi aanb, btaw jaauweä
923 3191 2932 3415 einded seÜtindosmedi neg fila samiss me-
5954 277 6242 498 69
4070 419 6332 719 Nicht den vergänglichen, dem Schlachtenglück
4026 626 5968 798 Und Siegerlauno frech ins Leere misst
4041 815 5997 978 — Nein den, der ewig unverrückbar sich
4023 972 6160 1167 In mein sehnsüchtig HHerz hineingebrannt.
4006 1127 6166 1330 Denn Heimat war es nun - nicht Vaterland,
4018 1287 6277 1496 Nicht eines Fürsten Zufallsreich,das morgen
3962 1453 6300 1657 Vielleicht zorfallen wird, wie’s gestern wurde
5700 1543 5921 1636 mich
4000 1636 6326 1785 Jetzt war s die Heimat erst, die dich umgab.
3945 1750 5878 1936 Der Erdenfleck, der mir gehört, so wie
3936 1886 6216 2122 Ich ihm, war immer ihn als Fürst beherrsche.
