3320 3928
2783 293 2902 487 84
507 411 2042 634 Du hattest eine Maske umgetan
516 582 2769 820 Und warst sie so gewohnt,dass du sie endlich,
501 759 2436 930 Da sie aus jedem vorgehaltnen Spiegel
498 895 2717 1138 Dir wiederstrahtte, für dein Antlitz nahmst.
498 1069 2595 1242 Ich aber kenn dein wirkliches,Sylvester,
495 1228 2557 1410 Und sieht du mir nur lang genug ins Aug,
2042 1335 2308 1437 raskery
536 1306 2830 1590 Erblickst du selbst durch den Trug der Maske
527 1518 2462 1694 Dein mir vertrautes, wahres Angesicht.
547 1654 2662 1836 (Nird's aus der Tiefe dir entgegensebaun)
550 1825 2578 1958 Und wieder wirst im Schatten der Alleen
550 1917 869 2048 Und be
924 1923 1306 2042 haat
1764 1917 2830 2074 erst wieder gefunden
993 2001 1295 2082 schönen
518 2024 2450 2213 Du deine helden Märchen mir erzählen.
461 2155 979 2360 Sylvester:
550 2334 2731 2514 Was ich erzählt wär' jemals hold gewesen?
475 2447 1219 2566 Sie waren's nicht.
455 2520 660 2644 Das-
953 2508 2430 2659 nie. In deiner klaren Seel
443 2615 2610 2801 Schuf nur Brunn 'rung sie so freundlich um.
501 2801 2734 3009 So sind sie dein, mein sind Sie nie gewesen.
472 2937 921 3122 Leonilda:
498 3087 2575 3290 Du warst zu lange fort.Gib Acht,wie bald
484 3261 2578 3447 Du wieder dich besinnst;dann wirst du mi
446 3392 2778 3626 Ein neues, ein noch schön'res Märchen schenken
