3464 4008
675 576 987 774 Conrad:
684 585 2853 924 Dank für das edle Wort.Und soll ich kein's
660 786 2526 1086 Von dir zum Abschied hören, Leonilda?
660 1020 1137 1236 Leonilda:
648 1059 2733 1389 Zieh frei dahin. Dein sei, was du begehrst
654 1251 2847 1503 Sei Tat und Ruhm, sei Himmel, Nelt und Hölle
666 1431 2520 1671 Zu stürmen und ergreifen bist du da,
675 1560 2970 1800 Nicht hinter dich zu schaun und zu bewahren.
693 1710 2829 1974 Und wem an andrer Menschen Schritte sich
678 1866 3096 2142 Erinnerung gleich wie schwerer Schatten heftet,
921 2043 1638 2172 trage flügehnd
684 2031 2718 2277 Dioh krägänktügäin sie zu neuem Glück.
711 2268 1101 2448 Konrad;
774 2328 2889 2568 Wie Segen klingt's, doch Abschied ist der
2742 2403 3027 2613 Sinn
735 2658 1203 2847 Loonilda;
792 2742 2865 2979 Wunsch und Verheissung, also nimm es hin.
771 2922 2301 3153 Konrad; (beugt sich noch einmal
783 3048 2838 3291 Leonilda: (küsst ihn auf die stirue)stax
765 3195 2448 3411 Konrad; (bleibt plötzlich stehen)
762 3360 2880 3603 Noch eine Antwort fehlt,Sylvester Thorns.
