3400 3976
2329 200 2669 384 3 84
673 369 2654 614 So deute dies, das ohne Rätsel scheint.
685 518 2052 789 (weist in den Park hinaus)
673 697 1609 885 Sylvester: (ruhig)
667 867 1591 1057 Ein Zeichen - wo?
1495 1007 1987 1197 Sieh hin
682 986 1150 1186 Freiherr
673 1150 2907 1340 Sylvester: (immer ruhig)  Ich seh ein Paar
676 1299 2916 1474 Gemählich unter schatt „gen Zweigen wandeln,
676 1474 2854 1614 Ich seh deines Freunds des Marschalls Sohn
673 1588 2761 1778 Und - deine Tochter seh ich, meine Braut
664 1704 3053 2014 Gefällt's dir, dass mir dies bedenklich scheine
697 1909 1162 2097 Freiherr:
727 2026 2916 2282 Wär' ich an deiner Stell“, ich ginge wieder
679 2207 1421 2410 Woher ich kam.
688 2294 2285 2547 Sylve st er:/nach kurzem Sinnen)
1332 2538 2431 2708 'S wär eine arme Welt,
655 2669 1799 2848 Wenn Jugend alles wär.
1641 2773 2967 3050 Sie ist so viel, dass Ruhm
700 2824 1150 3026 Freiherr:
530 2937 1126 3077 Dass Ruhm,
643 2979 2428 3169 End Macht- und Weisheit-alle drei,
2523 3080 2883 3223 schwing
766 3134 2675 3366 Wenn in des Mäàchens Hand die Wage se
649 3289 2904 3506 So schwer nicht wiegen als der blinde Flaum
