3368 3960
2121 281 2434 485 3 41
482 444 2727 677 Dass du beim Abschied mich beschworst dahin
497 621 2570 816 Woher ich kam nicht mehr zurückzukehren.
500 784 1000 991 Leonilda:
494 973 2718 1100 Um dei ne twillen wollt' ich's, nicht um mich.
485 1074 2638 1269 Und trieb' ein Leid, das ich dir zugefügt,
488 1227 2614 1399 Dioh statt ins lichte Ungefähr der Fernen
488 1405 2452 1597 Nach jener Heimat dumpfem Trug zurück,
488 1550 2869 1727 Dies wär's allein, was ich als Schuld empfände.
488 1706 1035 1896 Sylvester:
532 1807 2629 2023 Dann sei getrost, auch ohnendeine Mahnung
491 2053 2529 2171 Der Weg ist mir versperrt.Zerstoben ist
485 2147 2650 2360 Der Heimat dumpfer Trug. Mein Weib ist tot,
485 2331 2511 2470 Tot ist das Kind, das gestern sie gebar.
497 2458 997 2656 Leonilda:
479 2606 1074 2792 Du — Armer!
497 2700 2629 2931 Sylvester; Nicht beklagen sollst du mich.
535 2889 2887 3114 Denn legt' ich auch, aus Gram, zu diesen Beiden
485 3046 2824 3250 Mich in die gruft,-so weiss ich doch: ihr Tod
550 3197 2685 3389 War meine Schuld. In meiner Seele Gründen
485 3386 2821 3552 Hab' ich's gewollt. Und scheint in Tageshelle
