3448 3992
2529 320 2820 469 2 25
471 547 1018 728 Sylvester:
538 623 2671 856 Vor allem für dies Kind. Und so erwäg ich,
501 806 2427 1065 Ob diesem Kind nicht eine andre Frau
498 1033 992 1208 Freiherr:
498 1170 1199 1344 Nicht weiter!
506 1277 2500 1519 Sylvester: Ob ihm Leonilda nicht dkaa
498 1435 2503 1673 Die bessre Mutter, ob sie deinem Freund
512 1580 2540 1816 Die bessre Gattin nicht bedeuten würde.
521 1758 1956 1967 Freiherr; (rasch und scharf)
515 1886 2695 2133 Du sprachst mit ihr? Sie selbst wies dich
2631 1903 2922 2104 mich?
547 2127 1644 2313 Ihr seid - wie weit?-
1522 2136 3015 2430 So weit, dass dein Erscheinen
533 2302 1088 2488 Sylvester:
553 2392 2325 2616 Dein unvermutetes,an dieser Stelle
611 2549 2645 2776 Von der sie eben ging,mir fast gebietet
550 2741 2567 2895 Bei dir um sie zu werben. Nicht so weit
550 2846 1973 3047 Dass sie mir schon verlobt,
1854 3006 2607 3186 So sag ich dir
576 3082 1065 3282 Freiherr:
594 3160 2718 3419 - Denn gleichormassen gegen Vaterspflicht
588 3282 2933 3591 Wie Freundespflicht verging ich mich verhohlt
