3432 4024
2612 279 2754 504 18
599 477 2277 703 Der edlen, aber allzukühnen Faust
605 646 2538 804 Den jäh emporgereckten Schicksalsstab
614 771 2627 1032 Mit ehrenvoller Sachtheit zu entwinden.
620 961 990 1124 Konrad:
652 1053 2019 1308 Das tat Ihr - sein Freund?
1883 1174 2843 1509 Der Kanzler tat’s.
620 1251 1477 1444 Freiherr: (ruhig)
626 1414 978 1595 Kon rad
652 1530 2713 1735 Enthoben seines Führeramts mein Vater!
608 1681 2950 1912 Ihr meint - er liesse sich - - Ihr denkt, sein
2488 1838 2740 1990 Heer
623 1909 2239 2138 (auf einen Blick des Freiherrn)
605 2087 2983 2298 Ja, seines wann er will - Ihr denkt,sie litten,
637 2233 1924 2482 immer leidenschaftlicher
602 2431 2867 2621 abass solche Kränkung, solche Schmach - - sie
2565 2517 2926 2654 litten,
593 2603 2680 2832 So lang er lebt, dass über sie ein Andrer
593 2766 2345 2998 Freiherr: (ihn unterbrechend,ruhig)
599 2915 2660 3178 Kein Andrer ist an seiner Statt berufen.
578 3075 2505 3262 Den obersten Befehl behält der Kaiser
584 3226 2615 3431 Sich selber vor. Der Titel wie natürlich
593 3439 2651 3600 Bleibt de inen Vater, dem wie seinem Stamme
587 3546 2654 3766 Der Gragenstand zugleich verliehen wird.
