3448 3992
2652 207 2769 339 47
539 336 2822 674 Wie wiegt's der unstillbarsten Trauerfränen,
572 572 2822 785 Die in ein fühllos stummes Grab versiokern,
602 725 2990 971 Wie wiegt's der Inschrift Gold auf Marmorstein
536 878 2574 1097 Darunter des gepriesnen Leib vermodert,
602 1019 2801 1246 O.wie unendlich oft wiegt all dies Nicht 'ge¬
548 1207 2397 1411 Unsterblichkeit der Lügen Lüge auf.
536 1363 2804 1573 Und künft 'ge Welten Dank,so tief er ströme,
542 1501 2640 1699 Spätrer Geschlechter brünstiges Versteh,
551 1666 2652 1864 Sehnsucht der Nachgeborenen so voll Glut
554 1816 2960 2010 Dass sie den zu den Wolken längst Entschwebten
560 1966 2691 2169 Rückfordern möchte in der Menschen Reich,
551 2118 2727 2361 All dies,- auch wenn ich glaubte, dass es je
545 2289 2421 2466 An meine ow 'ge Seele dringen könnte
560 2376 2742 2640 Wie gäb' ich's lachend für die Stunde hin,
569 2568 2505 2751 Die eine unter allen Menschenstunden,
569 2706 2550 2924 Um die der Duft von Ewigkeiten arpüht,
551 2840 2798 3101 Die Stunde,da - zwar sterblich, doch erfüllt
569 3041 2538 3260 Von Lebensatem meine Brust,durchbraust
572 3191 2457 3368 Vom Blut des Lebens meine Pulse,-ich
