3448 3960
2357 201 2681 507 3 53
494 494 2798 720 Da, was Ihr mir als Gastfreund schaft erwiest,
503 633 2835 896 Nur allzu sehr begann nach Haft zu schmecken,
513 822 2703 1025 Doch da die Freiheit endlich mir geschenkt
510 988 2873 1254 Herr Kanzler, dank ich Euch. Und liebe Base dir
571 1171 1007 1393 (zögert)
525 1347 1044 1513 Freiherr:
584 1424 2530 1646 Wie lieben Basen man zu sagen pflegt.
550 1612 1365 1844 Auf Wiedersehn.
1282 1659 2669 1927 Wer weiss, in solcher Zeit
559 1807 939 1974 Konrad:
556 1946 1056 2125 Freiherr
605 1992 3018 2292 Man weiss doch, was man will. Was wird, das frei-
2755 2110 2968 2230 lich
575 2224 2907 2533 Steht in den Sternen.Glück denn auf die Reise
578 2443 2669 2681 Und grüsse deinen Vater. Noch erhoff ich
578 2601 2709 2839 Dass wir in hellre Tage gehn und wünsche,
602 2764 2749 3002 Dass du mit ihm rückkehrst in dieses Haus
602 2965 1257 3163 Konrad: (hart
1164 3070 1334 3147 min
599 3076 1850 3299 Das dünkt xxx fraglich.
670 3249 1628 3453 wendet sich wieder
639 3240 3129 3601 Freiherr: (mit einiger Hast) Oder müsst ich erst
