3304 3928
444 468 2856 648 Freiherr,Sylvester, Leonilda mit Fliederzweigen.
483 615 894 792 Sonilda:
432 753 2778 951 Nicht ich, die Blütenweige wurden ungeduldig
423 918 2514 1134 So viele harrten dein und mussten welken
471 1098 2661 1266 Die wählen sich ein freundlicher Geschick.
456 1221 1008 1407 Sylvester:
459 1383 999 1536 Anselma —?
453 1491 2421 1719 Freiherr: Heb der Zauber an, noch eh
447 1674 1776 1902 Dein Buch entsiegelt ist?
1743 1833 2598 2046 Ja, hätt’ Anselma
438 1995 2448 2160 So viele Jahr im Gegenlauf durchmessen
438 2139 2391 2370 Als nach dem leidigen Gesetz der Zeit
444 2298 2235 2463 yn Zukunftsfernen reonilda schritt
429 2430 2682 2658 Heut' sähn sie wohl wie Zwillingsschwestern
2565 2583 2736 2727 a us
438 2661 939 2841 Sylvester
435 2817 1965 3003 Ist's möglich - dein Tochter?
429 2961 1608 3156 Freiherr: (zu Leonilda)
1647 2895 2760 3201 Sieh's ihm nach
411 3123 2424 3285 Er dachte unsrer kaum in vielen Jahren
414 3246 2397 3450 Und wenn du etwa meinst, nun sei er da,
408 3396 2514 3648 Sei nun bei uns - so irrst du Kind. Damit
