3416 3944
2456 230 2644 463 126
663 469 2656 657 Und gleichermassen gegen Vaterspflicht
663 508 2973 836 Wie Freundespflicht verging ich mich, verhehl
2614 705 2802 839 oh,
666 792 1323 959 Xarkaktxxxx
672 851 2907 1013 Dass Staunen, ja dass Grauen mich überkommt,
678 998 2743 1234 Seh ich den Mann, mit dem gemeinsam jung
2784 1046 3023 1186 to the
2423 1108 2557 1186 et
2181 1099 2375 1198 wt
711 1168 2946 1347 Ich einst so manches wilde Jugendfest Freude
687 1326 2880 1509 Gemeinsam bis zu Rausch und trüber Neige -
699 1422 2814 1679 Sylvester weisst du noch - gefeiert habe.
702 1595 2934 1769 Den Mann, mit dem ich mich vielleicht einmal
738 1727 3065 1942 (Und war's auch nie -nun ja,so konnt es sein)
702 1912 2701 2082 In einer hübschen Dirne Gunst geteilt,
1933 2011 2360 2106 den Mann
699 2058 2734 2291 Seh ich nach meinem Kind begehren dieh,
708 2184 2946 2408 Der in entschwundner Jugend Freund mir war.
720 2417 1246 2554 Sylvester:
720 2468 2554 2754 Und heute noch so wenig alt als du,
798 2731 1129 2901 eiherr
678 2695 786 2874 Fl
735 2835 2868 3008 Schlimmer als alt - wir beide- nicht mehr
2659 2916 2904 3068 jung.
744 3083 1273 3262 Sylvester;
675 3110 3080 3427 Es kann so schlimm nicht sein. Verzeih, wenn ich
684 3328 2731 3612 Zum zweiten Mal höchst unberufner Weise
