3432 3976
2482 374 2781 556 3 49
679 599 1238 830 Sylw ster:
725 730 2858 958 Ist meinen Worten solche Macht verliehn -
667 936 2864 1112 Ein andres ruft und rückt dich wieder nah.
682 1093 1155 1272 Leonilda:
665 1221 2710 1421 O suche kein s.Von deinen Lippen findet
673 1386 2630 1612 Nie eines mehr,Sylvester Thorn,zu mir.
662 1629 2861 1891 Freiherr: (an der Türe rechts.spricht zu je
710 1880 2687 2054 mandem zurück, der nicht sichtbar ist)
650 2002 1874 2191 Dank für die wachricht.
1703 2114 3046 2336 der gleichfalls hinter der
676 2165 1264 2336 (zu Dominik
645 2325 1261 2504 Türe steht)
1672 2430 2422 2647 Sorge Dominik,
628 2607 2924 2804 Dass man mit Speis und Trank den Boten labe,
630 2775 2485 2978 Wir fahren noch inddeser Stunde ab-
670 2921 2322 3141 (Jetzt tritt auch Konrad ein).
650 3081 2718 3249 Sylvester - Leonilda - Freiherr - Konrad
648 3243 1138 3389 Lonilda:
690 3360 1595 3574 Was ist geschehn?
