3464 3992
2278 309 2558 494 3 59
427 537 2449 768 Von denen einer, die nach Tatan lechzend
439 690 2515 956 um jeden Preis und - sein sie ohne Sinn,
448 869 2567 1094 Nach puhm verlangend, müssten sie ihn auch
448 1025 2636 1262 Mit Strömen fremden Blutes bezahlen, Schuld
471 1164 2720 1424 An solcher Zeiten Graun und Wirrmis tragen,
474 1374 962 1585 Leonilda:
514 1493 2460 1704 Ob dieser an der Gegenwart Verwirrung
479 1591 2607 1894 So sch uldig ist als er dir gilt, ich weiss
474 1764 2610 2004 Es nicht. Doch dass in dieser Stunde einer
482 1961 2631 2145 Noch stark genug der Dinge Lauf zu ändern
491 2073 2815 2330 Nach eignen Sinn, bezweifle ich.Und ich fühle-
508 2287 2535 2486 Und wie sich’s immer wende du mit mir -
494 2359 2656 2628 Dass diesen- ob er nun ein Narr und frech
531 2550 2397 2763 Ob edel er,ob Held - als freien Mann
511 2729 2244 2960 Die ungeheure Stunde finden soll.
508 2836 2789 3090 Drum bitt ich dich, gib ihm den Degen wieder.
566 3064 959 3272 (Pa use )
563 3136 2538 3419 Freiherr: (gibt ihm den Degen zurück
543 3373 2553 3586 Hier nimm ihn ohne Segenswunsch zurück.
