6664 4184
1162 546 1610 687 G.C.P.F.P
498 454 672 714 es
1752 534 2686 808 Näm og deim xxx
1047 643 1583 823 e me mais en
1905 702 2875 955 segne nov xxxi3 xxx
867 793 1507 976 G.H.F.P.
908 885 2869 1091 hat. xxx bele doßt-doberbind.te als bmü
947 1032 2863 1277 bneh eib xxx abmüde
1300 1200 2825 1404 eis doin so! Bau God esau xxx
1784 1339 2813 1551 rij sah xxx eaiel ei¬
899 1436 1109 1604 G.H.F.P
2055 1513 2822 1698 asb ihm Ihr wie
2268 1645 2772 1822 Das xxxem
896 3120 1401 3300 D aab Ja!
1371 3341 1710 3609 sue te.
1144 3689 2073 3907 VieM. doalsi Jahr
5959 171 6128 398 26
4930 333 5836 543 Mein Vater hatte
3792 481 5968 693 Mich Demut nie gelehrt. Längst regte stolz
3804 655 5785 867 Auf diesem Grund die Burg der Mayenau
3816 802 5777 988 Wie die der Ursenbock am Ufer drüben,
3804 988 6172 1168 Eh vor neunhundert Jahren aus wüstem Bergland
3819 1129 5676 1342 Der Urahn meines kaiserlichen Herrn
3825 1283 5603 1495 Zur übersonnten Eb 'ne niederstieg,
3866 1410 6018 1672 (er hält die Blätter in der Hand), sinnend)
3822 1595 6083 1778 Auch dies gehört, so dünkt mich, in dies Buch
3833 1752 6033 1923 Und manches noch, was in neunhundert Jahren
3825 1908 5833 2111 Sich an den Ufern dieses Stroms begab.
3833 2052 6184 2244 Doch beinah scheint's mir: meines Lebens Lauf
3845 2268 5871 2412 Gehei men Sinn mir selbst zu offenbaren,
3848 2403 6048 2560 Müsst ich vom ersten Tag der Welt beginnen
3848 2548 5992 2757 Um dort beschliessen,wo sie mir zerfiel.
3910 2704 4842 2878 (sich aufraffend )
3860 2813 6045 3020 Noch aber tat sie's nicht. Lest weiter vor!
3863 3008 4296 3170 Andreas:
3910 3105 5995 3317 „Und schwor mir also zu in dieser Stunde
3863 3300 5959 3485 Selbst Knabe noch,-den Knaben, der einmal
