6856 4168
6189 421 6364 612 74
2525 556 2968 737 Mais il y a
3948 581 6274 843 Ins Dunkel, das sie längst ersehnt,-warf sich
3952 743 5921 999 Erlöst wie eine Braut in meine Arme -
3917 896 5990 1152 Was niemals uns geworden - diesmal ward
3914 1086 6311 1273 Uns Ffieden, Brust an Brust und Seel' in Seele.
3923 1211 5962 1464 Und, was wir nie erfleht in Jugendfülle,
3908 1364 5977 1607 Nun ward es unserm späten Bund gewährt.
3955 1504 6208 1767 Nicht mir und ihr allein, dem Sprossen auch,
3964 1664 6080 1876 Den wir erwarten,eh' der Mond sich neut,
3967 1813 6267 2091 Hab' ich auf Heimatgrund das Heim gegründet.
3930 2016 4442 2210 Freiherr :
3973 2088 6168 2350 Sei dreifach denn willkommen hier im Land.
3930 2266 5996 2525 wun erst,bewegt,dass du in solcher Zeit
1492 2325 1676 2506 jai
3958 2422 6068 2675 Den Weg zu deinem alten Freund gefunden,
1489 2475 1832 2637 eb sis
5684 2541 6427 2659 weilen willst.
4910 2578 5163 2675 wenn
3989 2584 6377 2822 Kann ich verzeihn, dass du nicht länger weilst.
3970 2781 4560 2971 Sylvester:
3964 2847 6477 3078 Du weisst, wie gern ich kam. Doch lass mich gleich
3936 3087 6449 3284 Gestehn, dass nicht die Sehnsucht nach dem Freund
3970 3218 5890 3390 Allein es war, die mich hiehergezogen.
3980 3371 4601 3602 Freiherr:
3970 3436 6108 3783 Auch Andere hier im Hause freun sich dir
899 3664 1302 3883 ein J mit
