3448 4024
2659 315 2810 537 14
573 531 2962 783 Was zwischen Fürsten, xxx zvischen Völkern sich
573 706 2511 956 An Missverstand,an Uebelsinn,an Groll
573 849 2659 1128 Wie wetterschwarzes Sturmgewölk geballt,
585 979 2757 1264 Aus dem die Donner endlich stürzen müssen
582 1181 2508 1401 Bald nur wie dünner Nebel auf und ab,
1184 1350 1448 1451 whom
582 1318 2837 1567 Den - wie auch anderm Höllendunst geschah
591 1481 2528 1751 Der mächt 'ge Himmelsodem der Vernunft
588 1662 2739 1902 Sich wohl vermessen durfte zu zerstreuen.
594 1807 2597 2021 Und so,mit hoffnungsvollerm Händedruck
804 1941 2104 2054 den Marquis eintretend ich,
608 2000 2751 2193 Als ich bei meinem Eintritt ihn gegrüsst,
2849 2086 3048 2300 ich
623 2110 2813 2377 Verliess ich ihn- und vor den Kaiser durft
644 2237 2881 2496 Nach eh ich meinen Eid als Kanzler schwur
629 2419 2876 2632 Als Bringer einer Friedensbotschaft treten.
641 2647 1018 2831 Konrad:
677 2662 2970 2914 Und glaubt - nun wäre wirklich, was Ihr Dunst
629 2884 2617 3134 Der Hölle nennt für evig fortgeblasen?
650 3036 2620 3270 Und Ihr seid auserwählt in dieser Welt
650 3166 2991 3413 Ein Reich der Lieb' und Güte aufzurichten -?
659 3365 1148 3588 Freiherr:
760 3478 2908 3754 Der Liebe - kaum. Doch der Verträglichkeit
