3432 4024
434 481 2681 721 Ein Ross dir aus.Fünf stehn wohl ausgeruht,
484 587 2850 883 Sie bringen dich geschwind - wohin du willst.
503 855 915 1036 Konrad:
512 930 2853 1164 Viel Dank. Mein eignes reit ich nur ins Feld.
503 1099 2928 1333 (Geräusch und ei nige Unruhe draussen war schon
465 1227 2978 1498 früher vernehmbar. - Sekretär eilt durchs Zimmer
490 1395 2207 1632 den fragenden Blicken antwortend)
481 1617 974 1817 Sekretär:
487 1689 2344 1951 Der Freiherr ist zurück (ab rechts)
537 1873 2300 2110 (Auch der Reitknecht ist gegangen)
546 2054 1558 2279 Leonilda - Konrad.
527 2213 1970 2463 Leonilda: (nach einer Pause)
1551 2319 2466 2522 Du wolltest fort,
534 2475 2875 2737 Und dünkt mich recht, noch eh mein Vater käme,
559 2672 1567 2881 Was hält dich noch?
599 2737 2887 3034 (sie öffnet eine bisher unbemerkt gebliebene
1470 2925 2753 3159 Durch diese Tür gelangst
612 3009 1224 3193 Türe links)
559 3115 2453 3383 Du ungesehn von jedermann ins Freie.
590 3340 964 3508 Konrad:
627 3415 1963 3618 Nun ja - ich wollte fort.
1617 3518 2631 3730 Doch weisst du auch
