<?xml version="1.0" encoding="UTF-8" standalone="yes"?>
<PcGts xmlns="http://schema.primaresearch.org/PAGE/gts/pagecontent/2013-07-15" xmlns:xsi="http://www.w3.org/2001/XMLSchema-instance" xsi:schemaLocation="http://schema.primaresearch.org/PAGE/gts/pagecontent/2013-07-15 http://schema.primaresearch.org/PAGE/gts/pagecontent/2013-07-15/pagecontent.xsd">
    <Metadata>
        <Creator>prov=READ-COOP:name=TrHtr:version=2.1.0:model_id=51170:date=29_07_2023_23:07</Creator>
        <Created>2023-05-10T13:16:34.040+02:00</Created>
        <LastChange>2023-07-29T23:07:09.611+02:00</LastChange>
        <TranskribusMetadata docId="1428572" pageId="55410879" pageNr="129" tsid="131468699" status="IN_PROGRESS" userId="64420" imgUrl="https://files.transkribus.eu/Get?id=IXWBRVPDTOALHTYTXCXMRQXR&amp;fileType=view" xmlUrl="https://files.transkribus.eu/Get?id=DBIFONLTLLGCHLHDJKTPSUXV" imageId="44685022"/>
    </Metadata>
    <Page imageFilename="1428572_0129.jpg" imageWidth="3336" imageHeight="3944">
        <ReadingOrder>
            <OrderedGroup id="ro_1711792470368" caption="Regions reading order">
                <RegionRefIndexed index="0" regionRef="tr_1"/>
                <RegionRefIndexed index="1" regionRef="tr_2"/>
            </OrderedGroup>
        </ReadingOrder>
        <TextRegion id="tr_1" custom="readingOrder {index:0;}">
            <Coords points="483,382 2830,382 2830,2147 483,2147"/>
            <TextLine id="tr_1_tl_1" custom="readingOrder {index:0;}">
                <Coords points="2696,480 2721,483 2739,504 2764,489 2776,498 2786,492 2804,504 2820,504 2823,282 2801,285 2789,272 2776,282 2767,272 2730,291 2714,272 2699,272"/>
                <Baseline points="2716,435 2740,432 2785,432 2830,432"/>
                <TextEquiv>
                    <Unicode>94.</Unicode>
                </TextEquiv>
            </TextLine>
            <TextLine id="tr_1_tl_2" custom="readingOrder {index:1;}">
                <Coords points="467,628 2151,665 2361,619 2365,492 470,467"/>
                <Baseline points="483,621 489,621 534,621 579,621 623,623 668,621 713,623 758,623 803,623 847,621 892,621 937,621 982,621 1027,618 1071,615 1116,615 1161,615 1206,615 1250,615 1295,615 1340,615 1385,612 1430,612 1474,609 1519,609 1564,609 1609,609 1654,606 1698,606 1743,606 1788,609 1833,609 1877,606 1922,606 1967,603 2012,603 2057,600 2101,600 2146,597 2191,597 2236,597 2281,597 2325,597 2370,597"/>
                <TextEquiv>
                    <Unicode>Durch gelbe Wolken über unsern Ritt,</Unicode>
                </TextEquiv>
            </TextLine>
            <TextLine id="tr_1_tl_3" custom="readingOrder {index:2;}">
                <Coords points="470,826 1792,755 2603,805 2680,783 2683,622 470,678"/>
                <Baseline points="486,767 489,767 534,773 579,773 623,776 668,773 713,776 758,776 803,776 847,773 892,773 937,773 982,770 1027,770 1071,770 1116,764 1161,764 1206,764 1250,767 1295,767 1340,767 1385,764 1430,764 1474,764 1519,764 1564,758 1609,758 1654,758 1698,758 1743,758 1788,755 1833,758 1877,758 1922,755 1967,755 2012,755 2057,755 2101,755 2146,755 2191,752 2236,752 2281,749 2325,752 2370,749 2415,749 2460,749 2504,749 2549,752 2594,752 2639,758 2684,761"/>
                <TextEquiv>
                    <Unicode>Nachbarlich - wie so oft in lichter Au 'n,</Unicode>
                </TextEquiv>
            </TextLine>
            <TextLine id="tr_1_tl_4" custom="readingOrder {index:3;}">
                <Coords points="470,963 2454,950 2513,799 474,820"/>
                <Baseline points="486,928 504,928 549,925 594,925 638,925 683,925 728,925 773,925 818,925 862,925 907,925 952,922 997,919 1041,919 1086,919 1131,919 1176,916 1221,916 1265,916 1310,919 1355,916 1400,916 1445,916 1489,913 1534,913 1579,913 1624,913 1668,910 1713,907 1758,904 1803,907 1848,907 1892,907 1937,904 1982,901 2027,901 2072,901 2116,901 2161,901 2206,898 2251,898 2295,901 2340,901 2385,901 2430,904 2475,907 2519,904"/>
                <TextEquiv>
                    <Unicode>Der Rosse morgendlicher Sturm uns trug,</Unicode>
                </TextEquiv>
            </TextLine>
            <TextLine id="tr_1_tl_5" custom="readingOrder {index:4;}">
                <Coords points="483,1089 1325,1123 2151,1055 2343,1108 2414,1089 2417,966 2194,916 1978,978 486,963"/>
                <Baseline points="501,1077 537,1080 582,1080 626,1077 671,1080 716,1080 761,1080 806,1077 850,1080 895,1077 940,1074 985,1074 1030,1074 1074,1074 1119,1074 1164,1074 1209,1071 1253,1071 1298,1071 1343,1068 1388,1068 1433,1068 1477,1068 1522,1065 1567,1065 1612,1062 1657,1062 1701,1062 1746,1062 1791,1062 1836,1059 1880,1059 1925,1059 1970,1056 2015,1056 2060,1056 2104,1056 2149,1053 2194,1053 2239,1047 2283,1047 2328,1050 2373,1053 2418,1050"/>
                <TextEquiv>
                    <Unicode>So sprengten wir an diesem trüben Tag</Unicode>
                </TextEquiv>
            </TextLine>
            <TextLine id="tr_1_tl_6" custom="readingOrder {index:5;}">
                <Coords points="489,1257 2238,1235 2383,1216 2386,1117 492,1093"/>
                <Baseline points="507,1227 510,1227 555,1227 600,1227 644,1230 689,1230 734,1227 779,1227 824,1230 868,1227 913,1224 958,1227 1003,1227 1047,1227 1092,1227 1137,1224 1182,1224 1227,1224 1271,1224 1316,1221 1361,1218 1406,1218 1451,1221 1495,1218 1540,1215 1585,1215 1630,1212 1674,1212 1719,1212 1764,1215 1809,1212 1854,1215 1898,1212 1943,1209 1988,1209 2033,1209 2077,1209 2122,1209 2167,1206 2212,1203 2257,1200 2301,1191 2346,1191 2391,1191"/>
                <TextEquiv>
                    <Unicode>Der junge Kaiser und sein Adjutant -</Unicode>
                </TextEquiv>
            </TextLine>
            <TextLine id="tr_1_tl_7" custom="readingOrder {index:6;}">
                <Coords points="517,1374 2560,1411 2711,1383 2711,1241 517,1263"/>
                <Baseline points="534,1373 567,1376 612,1379 656,1379 701,1376 746,1379 791,1376 835,1376 880,1376 925,1376 970,1376 1015,1376 1059,1373 1104,1373 1149,1373 1194,1373 1239,1373 1283,1370 1328,1370 1373,1367 1418,1367 1462,1367 1507,1367 1552,1367 1597,1367 1642,1364 1686,1364 1731,1364 1776,1364 1821,1364 1866,1361 1910,1361 1955,1361 2000,1358 2045,1358 2089,1358 2134,1358 2179,1355 2224,1355 2269,1355 2313,1355 2358,1355 2403,1355 2448,1352 2492,1352 2537,1349 2582,1352 2627,1352 2672,1349 2716,1352"/>
                <TextEquiv>
                    <Unicode>Zerwühltes Feld dem fahlen Dunst entgegen,</Unicode>
                </TextEquiv>
            </TextLine>
            <TextLine id="tr_1_tl_8" custom="readingOrder {index:7;}">
                <Coords points="470,1575 2337,1517 2532,1578 2535,1418 470,1433"/>
                <Baseline points="489,1525 525,1528 570,1528 615,1531 659,1531 704,1531 749,1531 794,1531 838,1528 883,1528 928,1525 973,1525 1018,1525 1062,1528 1107,1525 1152,1525 1197,1522 1242,1525 1286,1522 1331,1522 1376,1522 1421,1519 1465,1519 1510,1519 1555,1519 1600,1519 1645,1519 1689,1519 1734,1519 1779,1516 1824,1516 1868,1513 1913,1513 1958,1513 2003,1510 2048,1510 2092,1510 2137,1510 2182,1510 2227,1507 2272,1507 2316,1507 2361,1507 2406,1504 2451,1504 2495,1501 2540,1501"/>
                <TextEquiv>
                    <Unicode>Der, erst zur Wand geballt,dann aufgetan</Unicode>
                </TextEquiv>
            </TextLine>
            <TextLine id="tr_1_tl_9" custom="readingOrder {index:8;}">
                <Coords points="480,1702 944,1730 1024,1687 1987,1671 1987,1585 1693,1523 1383,1594 1238,1544 480,1569"/>
                <Baseline points="498,1674 516,1674 561,1680 606,1680 650,1677 695,1680 740,1680 785,1677 830,1677 874,1677 919,1677 964,1677 1009,1677 1053,1677 1098,1674 1143,1671 1188,1674 1233,1671 1277,1671 1322,1671 1367,1671 1412,1671 1456,1671 1501,1671 1546,1668 1591,1668 1636,1665 1680,1665 1725,1665 1770,1665 1815,1662 1860,1654 1904,1645 1949,1645 1994,1639"/>
                <TextEquiv>
                    <Unicode>Gleich einem Höllenrachen -</Unicode>
                </TextEquiv>
            </TextLine>
            <TextLine id="tr_1_tl_10" custom="readingOrder {index:9;}">
                <Coords points="532,1885 2745,1842 2745,1712 2454,1656 1257,1736 535,1693"/>
                <Baseline points="549,1839 558,1836 603,1839 647,1839 692,1836 737,1836 782,1833 827,1833 871,1833 916,1830 961,1830 1006,1830 1050,1830 1095,1830 1140,1827 1185,1827 1230,1827 1274,1827 1319,1830 1364,1827 1409,1824 1453,1821 1498,1818 1543,1821 1588,1818 1633,1821 1677,1824 1722,1821 1767,1821 1812,1818 1857,1821 1901,1818 1946,1818 1991,1815 2036,1812 2080,1812 2125,1812 2170,1812 2215,1812 2260,1812 2304,1809 2349,1809 2394,1809 2439,1809 2484,1809 2528,1806 2573,1803 2618,1803 2663,1806 2707,1803 2752,1800"/>
                <TextEquiv>
                    <Unicode>(unterbricht sich plötzlich) Nein, nicht so.</Unicode>
                </TextEquiv>
            </TextLine>
            <TextLine id="tr_1_tl_11" custom="readingOrder {index:10;}">
                <Coords points="486,2012 1739,2021 2098,1962 2228,2012 2309,1999 2312,1885 489,1897"/>
                <Baseline points="504,1982 528,1982 573,1982 618,1985 662,1985 707,1985 752,1982 797,1985 841,1985 886,1982 931,1985 976,1982 1021,1982 1065,1982 1110,1982 1155,1979 1200,1979 1245,1979 1289,1976 1334,1976 1379,1976 1424,1976 1468,1976 1513,1976 1558,1976 1603,1973 1648,1973 1692,1970 1737,1970 1782,1970 1827,1973 1871,1973 1916,1970 1961,1967 2006,1964 2051,1964 2095,1964 2140,1961 2185,1958 2230,1958 2275,1958 2319,1955"/>
                <TextEquiv>
                    <Unicode>Wie fing der sonderbare Tag nur an?</Unicode>
                </TextEquiv>
            </TextLine>
            <TextLine id="tr_1_tl_12" custom="readingOrder {index:11;}">
                <Coords points="483,2139 2519,2157 2631,2123 2634,2015 486,2015"/>
                <Baseline points="501,2128 531,2131 576,2134 621,2134 665,2134 710,2137 755,2137 800,2137 844,2137 889,2134 934,2134 979,2134 1024,2134 1068,2134 1113,2131 1158,2131 1203,2131 1247,2131 1292,2128 1337,2128 1382,2125 1427,2125 1471,2125 1516,2125 1561,2125 1606,2125 1651,2125 1695,2122 1740,2122 1785,2119 1830,2119 1874,2119 1919,2119 1964,2119 2009,2119 2054,2116 2098,2116 2143,2113 2188,2113 2233,2113 2278,2113 2322,2110 2367,2107 2412,2107 2457,2107 2501,2107 2546,2107 2591,2104 2636,2104"/>
                <TextEquiv>
                    <Unicode>Vom ersten Schimmer wachgerührt, der durch</Unicode>
                </TextEquiv>
            </TextLine>
        </TextRegion>
        <TextRegion id="tr_2" custom="readingOrder {index:1;}">
            <Coords points="501,2213 2979,2213 2979,3682 501,3682"/>
            <TextLine id="tr_2_tl_1" custom="readingOrder {index:0;}">
                <Coords points="492,2324 2445,2318 2513,2176 1789,2222 1557,2148 495,2157"/>
                <Baseline points="510,2289 549,2286 594,2289 638,2289 683,2286 728,2289 773,2286 818,2286 862,2286 907,2286 952,2286 997,2283 1041,2283 1086,2281 1131,2281 1176,2283 1221,2281 1265,2281 1310,2278 1355,2278 1400,2278 1445,2275 1489,2275 1534,2275 1579,2275 1624,2275 1668,2275 1713,2278 1758,2278 1803,2275 1848,2275 1892,2272 1937,2272 1982,2272 2027,2269 2072,2269 2116,2269 2161,2269 2206,2266 2251,2269 2295,2269 2340,2269 2385,2269 2430,2266 2475,2266 2519,2263"/>
                <TextEquiv>
                    <Unicode>Des Zelts frühwindbewegte Spalte brach,</Unicode>
                </TextEquiv>
            </TextLine>
            <TextLine id="tr_2_tl_2" custom="readingOrder {index:1;}">
                <Coords points="486,2457 2974,2436 2977,2312 486,2327"/>
                <Baseline points="504,2442 516,2442 561,2442 606,2442 650,2445 695,2445 740,2445 785,2439 830,2439 874,2442 919,2439 964,2442 1009,2439 1053,2439 1098,2439 1143,2436 1188,2436 1233,2436 1277,2433 1322,2430 1367,2430 1412,2430 1456,2430 1501,2430 1546,2430 1591,2427 1636,2427 1680,2427 1725,2427 1770,2427 1815,2427 1860,2427 1904,2424 1949,2427 1994,2424 2039,2424 2083,2421 2128,2421 2173,2421 2218,2421 2263,2418 2307,2418 2352,2418 2397,2418 2442,2418 2487,2418 2531,2415 2576,2415 2621,2418 2666,2418 2710,2415 2755,2412 2800,2412 2845,2406 2890,2406 2934,2400 2979,2394"/>
                <TextEquiv>
                    <Unicode>Stahl ich mich - den Gefährten nicht zu wecken -</Unicode>
                </TextEquiv>
            </TextLine>
            <TextLine id="tr_2_tl_3" custom="readingOrder {index:2;}">
                <Coords points="483,2631 2148,2584 2300,2646 2637,2603 2640,2451 486,2507"/>
                <Baseline points="501,2591 540,2594 585,2594 629,2597 674,2597 719,2594 764,2594 809,2591 853,2591 898,2594 943,2594 988,2591 1033,2591 1077,2591 1122,2594 1167,2591 1212,2591 1256,2588 1301,2591 1346,2591 1391,2588 1436,2588 1480,2588 1525,2585 1570,2585 1615,2582 1660,2582 1704,2582 1749,2582 1794,2579 1839,2576 1883,2579 1928,2579 1973,2579 2018,2576 2063,2576 2107,2576 2152,2576 2197,2576 2242,2573 2286,2573 2331,2570 2376,2570 2421,2570 2466,2570 2510,2570 2555,2570 2600,2567 2645,2567"/>
                <TextEquiv>
                    <Unicode>Ganz leis' vom Lager auf,-und trat hinaus</Unicode>
                </TextEquiv>
            </TextLine>
            <TextLine id="tr_2_tl_4" custom="readingOrder {index:3;}">
                <Coords points="498,2767 2296,2761 2522,2733 2526,2600 2238,2662 1631,2591 1043,2668 501,2634"/>
                <Baseline points="516,2752 561,2749 606,2752 650,2749 695,2746 740,2746 785,2746 830,2746 874,2746 919,2746 964,2746 1009,2746 1053,2746 1098,2746 1143,2743 1188,2746 1233,2746 1277,2746 1322,2740 1367,2740 1412,2743 1456,2740 1501,2740 1546,2740 1591,2737 1636,2737 1680,2737 1725,2737 1770,2737 1815,2737 1860,2737 1904,2734 1949,2734 1994,2734 2039,2731 2083,2731 2128,2731 2173,2731 2218,2731 2263,2728 2307,2725 2352,2725 2397,2719 2442,2713 2487,2713 2531,2707"/>
                <TextEquiv>
                    <Unicode>Ins Grauödes ungeheuern Felds, aus dem -</Unicode>
                </TextEquiv>
            </TextLine>
            <TextLine id="tr_2_tl_5" custom="readingOrder {index:4;}">
                <Coords points="523,2906 2584,2940 2733,2894 2736,2776 523,2810"/>
                <Baseline points="540,2902 543,2902 588,2902 632,2905 677,2902 722,2899 767,2899 812,2899 856,2902 901,2902 946,2902 991,2902 1036,2902 1080,2896 1125,2896 1170,2896 1215,2896 1259,2893 1304,2893 1349,2893 1394,2893 1439,2890 1483,2890 1528,2890 1573,2887 1618,2887 1662,2887 1707,2884 1752,2884 1797,2884 1842,2884 1886,2884 1931,2884 1976,2884 2021,2884 2066,2884 2110,2884 2155,2884 2200,2884 2245,2881 2289,2881 2334,2878 2379,2878 2424,2878 2469,2878 2513,2875 2558,2872 2603,2872 2648,2872 2693,2872 2737,2866"/>
                <TextEquiv>
                    <Unicode>Als wär's der Seufzer einer einz'gen Brust</Unicode>
                </TextEquiv>
            </TextLine>
            <TextLine id="tr_2_tl_6" custom="readingOrder {index:5;}">
                <Coords points="548,3098 2238,3067 2327,3042 2331,2946 551,2922"/>
                <Baseline points="564,3054 588,3054 632,3054 677,3054 722,3054 767,3054 812,3054 856,3054 901,3051 946,3051 991,3051 1036,3051 1080,3051 1125,3048 1170,3048 1215,3048 1259,3048 1304,3045 1349,3045 1394,3042 1439,3042 1483,3042 1528,3042 1573,3042 1618,3039 1662,3039 1707,3039 1752,3039 1797,3039 1842,3039 1886,3039 1931,3036 1976,3033 2021,3033 2066,3033 2110,3033 2155,3033 2200,3030 2245,3030 2289,3027 2334,3021"/>
                <TextEquiv>
                    <Unicode>Der bange Atem tausend Schlafender</Unicode>
                </TextEquiv>
            </TextLine>
            <TextLine id="tr_2_tl_7" custom="readingOrder {index:6;}">
                <Coords points="557,3250 2714,3216 2717,3039 557,3098"/>
                <Baseline points="573,3212 618,3215 662,3212 707,3212 752,3209 797,3209 841,3206 886,3206 931,3206 976,3206 1021,3203 1065,3203 1110,3203 1155,3203 1200,3203 1245,3203 1289,3200 1334,3200 1379,3200 1424,3200 1468,3200 1513,3200 1558,3197 1603,3197 1648,3197 1692,3194 1737,3194 1782,3194 1827,3194 1871,3191 1916,3194 1961,3188 2006,3191 2051,3188 2095,3188 2140,3185 2185,3185 2230,3185 2275,3188 2319,3185 2364,3185 2409,3185 2454,3185 2498,3185 2543,3182 2588,3182 2633,3182 2678,3185 2722,3188"/>
                <TextEquiv>
                    <Unicode>Im stumm-gleichgült 'gen Rauje sich verlör.</Unicode>
                </TextEquiv>
            </TextLine>
            <TextLine id="tr_2_tl_8" custom="readingOrder {index:7;}">
                <Coords points="545,3383 2408,3386 2433,3197 545,3247"/>
                <Baseline points="561,3367 597,3364 641,3364 686,3361 731,3361 776,3358 821,3361 865,3358 910,3358 955,3361 1000,3358 1044,3358 1089,3358 1134,3358 1179,3355 1224,3355 1268,3355 1313,3355 1358,3355 1403,3352 1448,3352 1492,3352 1537,3349 1582,3349 1627,3349 1671,3346 1716,3346 1761,3346 1806,3346 1851,3346 1895,3343 1940,3343 1985,3343 2030,3343 2075,3340 2119,3340 2164,3340 2209,3337 2254,3337 2298,3337 2343,3337 2388,3334 2433,3331"/>
                <TextEquiv>
                    <Unicode>Das weitgedehnte Feld war Heimatland</Unicode>
                </TextEquiv>
            </TextLine>
            <TextLine id="tr_2_tl_9" custom="readingOrder {index:8;}">
                <Coords points="526,3581 2761,3534 2761,3395 2550,3370 529,3383"/>
                <Baseline points="546,3523 573,3523 618,3517 662,3517 707,3517 752,3514 797,3511 841,3514 886,3514 931,3514 976,3514 1021,3514 1065,3514 1110,3511 1155,3511 1200,3511 1245,3511 1289,3508 1334,3508 1379,3505 1424,3505 1468,3505 1513,3505 1558,3505 1603,3505 1648,3505 1692,3505 1737,3502 1782,3502 1827,3505 1871,3499 1916,3499 1961,3496 2006,3496 2051,3496 2095,3493 2140,3493 2185,3493 2230,3493 2275,3493 2319,3490 2364,3493 2409,3493 2454,3490 2498,3490 2543,3487 2588,3490 2633,3490 2678,3493 2722,3493 2767,3493"/>
                <TextEquiv>
                    <Unicode>Die schlafbefangnen Tausend seine Schützer,</Unicode>
                </TextEquiv>
            </TextLine>
            <TextLine id="tr_2_tl_10" custom="readingOrder {index:9;}">
                <Coords points="529,3695 2804,3646 2804,3531 2396,3507 2142,3575 532,3553"/>
                <Baseline points="546,3663 573,3666 618,3666 662,3666 707,3669 752,3666 797,3666 841,3669 886,3669 931,3669 976,3672 1021,3672 1065,3672 1110,3672 1155,3672 1200,3672 1245,3669 1289,3669 1334,3669 1379,3663 1424,3666 1468,3663 1513,3663 1558,3660 1603,3660 1648,3660 1692,3660 1737,3660 1782,3660 1827,3660 1871,3657 1916,3657 1961,3654 2006,3654 2051,3654 2095,3654 2140,3651 2185,3654 2230,3651 2275,3654 2319,3654 2364,3648 2409,3651 2454,3651 2498,3648 2543,3645 2588,3645 2633,3645 2678,3642 2722,3642 2767,3642 2812,3642"/>
                <TextEquiv>
                    <Unicode>Der Jüngling, der im Zelte schlief, ihr Fürst,</Unicode>
                </TextEquiv>
            </TextLine>
        </TextRegion>
    </Page>
</PcGts>
