3464 3976
2516 391 2772 589 3 60
539 595 924 796 Konrad:
568 708 2408 968 Als mir gebührend ohne Dank empfang
542 883 965 1087 Toh ihn.
533 1009 2711 1271 Freiherr: Und ohne weitren Abschied - geh.
548 1192 1621 1408 Konrad: (wendet sich)
542 1326 2667 1560 Sylvester:/der regungslos im Erker stand)
542 1472 2411 1694 Nur mir verstattet,Junker Ursenbeck,
542 1618 2606 1822 Ein Abschiedswort Euch nachzurufen.Bube!
545 1769 2358 2008 Konrad: (bleibt an der Türe stehen)
533 1971 2766 2122 Muss denn ein Aufschub sein, so sei er kurz.
548 2087 2075 2326 Sylmester (die Hand am Degen)
411 2227 700 2390 Honer
551 2262 2629 2440 Nich t so.steckt Euern Degen ein.Ihr seid
542 2355 2886 2591 Auf Eurer Stirn les ich’s geschrieben, weniger
545 2554 2312 2763 Zu töten als zu sterben aufgelegt.
548 2714 2685 2906 Das wär ein ungleich spiel. Noch ungenützt
551 2830 2469 3058 Steckt mir im Sattel einPistolenpaar,
577 2973 2889 3230 in Schnupftuch zwischen uns. So gleicht sichs
563 3198 1119 3419 Sylvester:
621 3297 1988 3556 Ich bin ’s zufrieden, kommt!
