3464 4040
2668 363 2804 603 6
530 521 1370 824 Und ich mit dir
521 720 1942 988 Leonilda; (undurchdringlich)
1143 824 2959 1074 So wollt ich, dass du ’s glaubtest,
527 966 919 1263 Konrad:
606 1184 1746 1399 - Das mir zur Antwort?
527 1310 2662 1550 Leonilda; (überlegen) Bin ich irgend eine
521 1478 2621 1708 Dir schuldig? Hab' ich in dem Augenblick,
521 1658 2482 1898 Da wir verzaubert ineinander glitten
587 1768 2693 2018 zum Herrn dich über mich gesetzt? Gab ich
546 1945 2908 2112 Mit meinem Heut mein Gestern und mein Morgen?
2097 2062 2444 2157 selbst
597 2074 2794 2321 Ja, weisst du nur, ob ich mich ganz dir gab?
562 2311 960 2494 Konrad:
597 2450 1307 2678 Ich weiss es.
556 2564 3044 2794 Leonilda: Nein! Jetzt gilt es erst zu werben.
543 2719 2848 2955 Dein war die Nixe.Willst du auch das Weib,-
546 2905 3085 3063 Mit Jpuglingsfrechheit wirst du's nicht gewinnen.
559 3041 2886 3243 Und auch die Nixe, gib nur Acht,steigt wieder,
565 3135 2936 3394 Wie sie emporgetaucht, hinab zum Brunn Grund
