6632 4168
5740 252 5992 407 23
3678 385 6011 646 vein Andrer sah sie. Niemand kennt die Pforte,
3665 587 5787 783 Niemand den Pfad, auf dem du ihr gefolgt.
3668 746 5834 951 Und zu dem Weiher führt kein zweiter Weg.
3665 919 4240 1118 Anselma:
3721 1050 4653 1274 Es ist dein Kind.
4293 1205 5697 1392 Ist meine Tochter,ja.
3675 1218 4175 1388 Freiherr:
3678 1361 5837 1525 Und wird ein Weib wie andre Mädchen auch.
3678 1460 6175 1705 Wir wollen’s nicht vergessen.Blutsverwandtschaft
3734 1674 5265 1870 Trübt unsern Blick zu leicht.
5128 1758 6048 1988 Anselma, stör’ ihr
3709 1826 4203 2016 (warm nd)
3690 1938 5889 2137 „Niemals den Sinn aus seiner Unschuld auf.
3696 2150 5688 2308 Und nie erfahre sie, das schwör dir zu,
3665 2302 5694 2491 Das ihr Geheimnis offenbar uns beiden.
3715 2469 4197 2662 Anselma:
1280 2544 1500 2752 e e e e
3737 2575 5945 2786 Auch zwischen uns kein weitres Wort davon.
1190 2734 1460 2923 G.H.F.P
3696 2746 4240 2957 Freiherr
3749 2886 5806 3069 Was wäre noch zu sagen? Dass ich's weiss
3728 3075 5094 3243 Ist gut. Sei drum bedankt.
3712 3199 5905 3408 Anselma: (nach einem unmerklichen Zögern)
4843 3336 6051 3541 Viel Glück zur Arbeit.
