3464 4040
2473 253 2585 443 6
2329 234 2432 465 3
481 453 2382 799 Nicht eben unzugänglich ist der Ort.
456 559 2979 927 Vom Schloss aus leicht erreichbar und kaum zweiff
2735 706 2948 859 ich,
459 843 2751 1105 Dass auch vom Dorf ein Weg zum Weiher führt.
481 1071 1521 1290 Leonilda: (spottend)
487 1162 2788 1405 Wie kommt's nur, dass du im Vorbeiritt nicht
503 1265 2891 1564 Nicht Den Weiser sahst, auf dem zu lesen steht:
515 1511 1324 1730 Zum Nixenteich?
562 1649 1761 1889 Konrad; (immer erregter)
1199 1792 2273 1958 Ob Weiser oder nicht.
2323 1902 2476 1977 ant
531 1917 2564 2167 Ob Weg „ob keiner; wie ich ihn gefunden
550 2086 2576 2333 Vom feughten Duft geleitet und gelookt,
543 2258 2685 2489 So hätt' ein Andrer auch - und so wie ich
556 2361 3004 2635 Im Schein des Mondes dich sah - - gib mir Gewähr
546 2529 2810 2813 Dass nicht in einer andren Nacht ein Andrer
565 2676 2801 2957 Dioh hell dem dunklen Teich entsteigen sah.
596 2904 1090 3110 Leonilda:
646 3026 1955 3260 Und der mich nahm wie du
1842 3129 2841 3335 Ich sagt' es nicht.
590 3201 996 3447 Konrad ;
609 3297 2486 3631 Ich glaub“ es nicht.Denn glabt' ich
2467 3319 2888 3575 tärb'st d
2913 3313 3113 3575 Rie 10
