3368 3960
444 395 2763 594 Von links kommt Andreas Ungnad, der Sekretär,
494 600 2809 796 hoher, hagerer Mensch in mittleren Jahren mit
451 764 2769 948 sehr hellen, meist weit offenen, wie ins Leere
482 895 2968 1081 schauenden jugen.Er trägt eine Lederma ppe unter
494 1053 2763 1227 dem Arm, begibt sich in den prker, öffnet das
447 1227 2921 1398 eine der drei Bogenfenster. Er öffnet die Mappe
438 1398 2915 1541 nimmt einige beschriebene Bogen heraus, legt sie
435 1523 2722 1687 hinjordnet weisses Papier, das er einer Lade
435 1678 2933 1877 des Tisches entnimmt, beginnt einen Federkiel zu
444 1830 988 2035 schmeiden.
444 1874 2828 2216 Von rechts kommt Dominik, der 50jährige Diener
435 2135 1395 2362 mit Briefschaften,
441 2324 932 2648 Dominik
475 2576 1681 2828 Die Post,Herr Sekretär.
1476 2772 2380 2937 Ich schaffe Raun.
435 2778 895 2940 Andreas:
429 2881 917 3086 Gebt her.
429 3014 2853 3244 Dominik: Es ist nicht viel. Wie war das anders
438 3216 1849 3381 Andreas: (ihn unterbreshend)
429 3393 2641 3561 Als Euer Herr noch Kanzler war,-ich weiss.
