3384 3928
2367 217 2703 467 3 74
541 479 2766 743 Ich war - und hinter dieser stirn die Welt,
535 690 2549 868 Die ich geschaffen, die, zur Kurzweil mir
544 818 2584 1032 Nur ungeheure Schatten warf ins Nichts.
1716 937 2183 1047 und heut.
541 978 2825 1213 Nun leuchtet’s, braust ’s und lebt x ringsum -
541 1154 2453 1365 Und wieder eine Welt steh ich allein.
568 1311 1314 1517 (stürzt davon)
1035 1579 2150 1802 - Anselma - Leonilda.
550 1600 996 1805 Freiherr
565 1784 1068 1969 Loonilda:
565 1876 2896 2091 Vater, nimm mich mit dir.preifach gespenstisch
559 2025 2953 2284 Schbicht Alter, Wahnsinn, Tod durch dieses Haus,
574 2174 2953 2433 Nicht eine Nacht mehr will mich hier verweilen.
574 2349 1769 2572 Dominik: (rasch kerein)
619 2495 2656 2700 Zwei Reiter,wie befohlen, hielt man auf,
592 2659 2754 2899 Sie bringen gute Nachricht von der Grenze.
604 2846 1068 3036 Freiherr:
595 3009 1243 3164 Wo sind sie?
613 3108 2471 3316 Dominik: Eben in den Hof geritten
607 3271 2581 3461 Doch ungeduldig ungebärdig fast,dxxx
