6680 4072
3678 397 4088 619 Dxxxx
3723 540 4224 730 Andreas
3732 698 5078 879 Durchdringend Euer Blick.
3726 854 4231 1019 Dominik:
4859 835 6005 1028 Man lornt ’t allmählig
3732 1003 5760 1203 Auch hinter unerbroohne Siegel schaun.
3732 1133 4205 1349 Andreas;
3732 1314 6071 1536 Sagt Euerm Herrn - wenn er schon aufgewacht
3732 1466 4529 1685 Ich sei bereit.
4450 1558 5992 1847 Ihr denkt wohl,er verschlief
3710 1622 4189 1819 Dominik:
3755 1771 5951 1980 Den schönen Morgen? Eh die Sonne aufging
3745 1952 6290 2152 - Noch lag das Haus im Schlaf - stieg er zu Pferd
3713 2114 6100 2314 Und sprengt nun durch die Aun, die meilenweit
3713 2244 5986 2482 Ins Land hinein des Flusses Lauf begleiten.
3663 2393 4167 2609 Andreas:
3713 2533 5789 2768 Zum ersten Mal sch ich von Dünsten frei
3707 2701 5770 2907 Bis zu den form ten Hügeln das Gelände.
3701 2850 5525 3079 Ein wohlgelegner Ruhsitz.Zugewandt
3691 3012 5665 3225 Der weitgedehnten, übersonnten Fläché,
3701 3161 5967 3393 Aufstrebend schatt ‘gen Bergwald angelehnt —
3701 3326 4834 3504 (an Dominik gewendet)
