3320 3928
2746 231 2851 474 82
523 369 1586 628 Leonilda: (enttäuscht
508 570 2888 828 Du weisst nicht mehr? Wir gingen Hand in Hand,
508 714 2343 921 Umhaucht vom Atem überglühter Beete
514 902 2592 1062 um schwülen Sommerschatten der Allee - -
505 1031 2023 1228 (Blick hinaus durch den Erker
483 1198 2568 1398 Die Andern schliefen all im kühlen Haus
474 1358 2956 1552 Es schlief der Tag - die Welt - wir waren wach.
483 1493 1915 1666 Ich lauschte. Du erzähltest,
477 1632 2411 1847 Sylvester: (sich erinnernd) Märchen, ja
994 1783 1262 1863 I am,
474 1823 2614 1980 Die ich erfand, weil du sie hören wolltest
2426 1924 2780 2130 fragte
483 1964 2457 2174 Vargass weil niemand mehr nach ihnen r
459 2109 2666 2321 Wo sind sie hin? - Du aber weisst sie noch?
496 2217 2026 2466 Leonilda: Ich weiss sie alle noch. —
511 2352 2694 2632 In worten nicht, doch besser als in Worten.
508 2562 2598 2712 gie träumen unaussprechlich in mir fort.
490 2691 2583 2872 (Sie träumen stumm in meiner Seele fort)
486 2854 2737 3057 Wie wüsst' ich sonst „Sylvester,wer du bist?
437 3005 1502 3183 Sylvester: (lächelnd)
431 3125 2820 3359 Man sprach wohl manchmal hier im Haus von mir?
434 3331 884 3501 Leonilda
483 3451 2552 3682 Von dir —? Von Einem, der Sylvester Thorm
