6872 4344
413 1104 1325 1361 beim doeb a'annen
1110 1194 2061 1415 müt damal als ein
643 1460 2157 1747 bx xxx xxx bar xxx
885 1786 2196 2055 b jene hinwandes Jdig sie
1188 2148 2220 2306 nun aus Jquell niem
1714 2267 2267 2468 gl J dost oa
838 2309 1585 2477 im ab aasb. dn
2016 2420 2348 2620 wiederlei
1149 2444 1442 2671 G.H.F.P
1893 2575 2447 2815 rijuridos
1980 3237 2949 3539 I an eägä eenieb toV
1573 3485 2794 3715 GezuA neniem aus um Jän¬
5725 491 5908 676 12
3933 640 6039 855 Aus deiner eignen Seel' entgegenglänzte.
3945 835 6090 1050 Doch statt ins Freie nimmst du deinen Weg
3936 972 6279 1196 Dorthin,wo all der Glanz - kaum aufgestrahlt,
4029 1158 6114 1346 Mahnzeiehen deiner unerfüllten Sendung
3969 1295 6177 1472 Verdämmern wird im lauen Dunst der Pflicht,
4002 1442 6099 1624 Um in der dumpfen längst entwöhnten Luft
3960 1606 5899 1807 Unseliger Gemeinschaft zu verlöschen.
3957 1753 5639 1926 Sylvester:/ (heftiger als vorher)
3951 1890 5644 2094 Du sprichst, was du nicht darfst.
5468 2001 6446 2273 Was ich nicht dürf —
3963 2097 4478 2309 Leonilda:
3963 2211 6368 2477 Spräch ich für mich.Was ich kaum dürfte spräch
4026 2402 6228 2599 Für dich und für dein irdisch Teil allein.
4017 2543 5920 2749 Mir aber ward in unvergessner Stunde
3981 2671 6021 2896 Dein Ew 'ges offenbar.-Und also hab' ich
3981 2893 5776 3078 Wie unter Siegeln jene Blätter du,
3981 3045 6117 3240 Drin dein Vergangnes unzerstörbar ruhte,-
3987 3195 6039 3380 Doin ewig Bild hab' ich in mir bewahrt.
3993 3302 6306 3613 Entgegen halt ich dir's, dass du's erkennst;
