3432 4008
2658 150 2789 415 43
2462 226 2554 397 3
598 470 2725 659 Vorsagt war seiner Sendung nach zu leben,
552 592 2575 851 Weil nie ein ruhevolles Glück ihm ward,
543 769 2575 1013 Das du als Erste wieder ahren liessest.
549 955 1404 1166 Leonilda: (rasch)
555 1083 2880 1306 Ich kann’s dir nicht mehr geben, dieses Glück.
558 1251 2984 1446 Du bist noch, der du wars t. Ich bin’s nicht mehr,
595 1419 2520 1584 Ich war es nie, die du in mir gesehn.
564 1584 1117 1745 Sylvester:
561 1635 3021 1919 Du bist a, ich fühl's.Bist's mehr als du gewesen
574 1855 2362 2032 Da über deiner kühlen Mädchenstirn
558 1968 2658 2212 Der Unschuld blasser Dämmerschleier lag.
571 2157 2804 2359 Nun erst,da er zerriss, trittst du als Weib,
586 2310 2465 2523 Die Wissende dem Wissenden entgegen.
574 2468 2661 2658 Jetzt meiner wert wie ich es deiner bin.
610 2648 1071 2862 Leonilda:
589 2691 2920 2951 Und trät' ich statt aus einer Schicksalsnacht
607 2944 2533 3140 Aus hundert Abenteuern dir entgegen,-
592 3042 3012 3301 Denkst du - weil ich mich deiner unwert fühlte,
613 3204 2697 3439 Versagt ich mich? Und stündest du vor mir
