3304 3944
2536 285 2800 508 72 78
455 426 2536 684 Dir so gefährlich scheint, wozu es wagen?
285 558 546 743 Sylrestin
449 628 2436 807 Heut bin ich meines Sieges noch gewiss
452 772 2342 930 Ob übers Jahr,ob ich es morgen wäre?
449 916 2583 1121 Drum sei es heut gelesen - und verbrannt.
437 1077 875 1250 Freiherr
434 1212 2680 1412 Nun - da's dir so mit der Beschwörung eilt,
434 1409 2433 1582 Sei Opfer gleich und Altar zugerüstet.
437 1544 2653 1729 Anselma hat das Buch verwahrt - sie soll's
437 1714 2225 1893 In deine Hände unverzüglich legen,
440 1861 2691 2054 Indess - so wird zu leichtrer Wahrheit auch
431 2002 2785 2187 Dein ahnungsschweres Wort - sorg ich, dass man
431 2145 1896 2354 Den Scheiterhaufen schichte.
1823 2295 2398 2489 Spot te nur.
429 2316 925 2480 Sylvester
452 2454 922 2644 Freiherr:
478 2618 2735 2823 Eh du gefolgt,-ich kenne dich, mein Freund,
487 2771 2421 2950 Dem dunkel über dich verhängten Zwang
434 2935 2489 3126 Bist du uns andern Sterblichen verloren
434 3102 2515 3261 Drum sei, dass wir des Freundes Gegenwart
484 3249 2413 3431 Und er die unsre froh geniessen könne.
429 3405 2025 3607 Das Unumgängliche erst abgetan
