3400 3928
2332 236 2666 424 3 73
489 450 2586 719 Und übers Jahr mit muntern Ruderschlägen
489 656 2714 886 Fährt wimpelbunt ihr Nachen durch die Flut,
531 934 2422 1196 Leonilda: (kommt) Freiherr - Anselma.
534 1169 1023 1333 Leonilda:
522 1253 2798 1485 Sucht nicht nach ihm. Noch kreisen aufgerührt
534 1449 2511 1625 Die Was er dort, wo er zum Grunde glitt
531 1542 2795 1787 Und wesenlos zu nichts sein Bild verzittert.
534 1730 2738 1942 Dort lasst ihn ruhn.Denn keine Welle bringt
546 1882 2452 2100 Was jemals in des Weihers Tiefe sank,
546 2013 2941 2249 Nicht Ding noch Mensch bringt je die Welle wie-
2714 2109 2923 2231 der.
623 2356 2538 2622 Sekretär: (kommt in höchster Erregung)
558 2619 2592 2833 Euer Gnaden -untertänigst um Entlassung
570 2753 2675 2932 Bitt ich Euer Gnaden.Denn ich werde toll,
573 2860 2747 3138 Sylvester Thoru war's, der das Zeichen gab.
576 3060 2505 3242 Nun aber stürzt ihm alles nach.Getier
576 3120 2977 3460 Und Mensch und Strom und Burg und Wald und Him¬
2768 3290 2881 3409 10:
