3400 3960
2192 341 2316 450 3
2340 242 2526 446 42
561 428 2688 648 Wunsch und Geschehnis weltenweit getrennt
505 611 2350 763 In unsichtbar geheimnisvoller Kette
564 750 2920 1017 Von einem schliesst zum andern lied an Glied.
499 946 983 1122 Leonilda:
536 1104 2802 1268 So war's dein Wunsch.Der meine war es nicht.
487 1277 2762 1426 Und trügst du schlimme als Gewissensschuld,
477 1414 2678 1556 Hätt'st beide du mit eigner Hand gemordet,
487 1528 2750 1717 Ja - hätt' ich solche Tat von dir verlangt,-
533 1690 2880 1869 Auch dann - mitschuldig, schuld 'ger selbst als
2719 1804 2836 1900 du
1680 1817 2068 1916 mit fug
487 1851 2976 2012 Und ird’schem Richterspruch verfallen.
496 2012 2372 2195 Was über alder ird'schen Forderung
533 2167 2911 2356 Mich selbst schuld' ich keinem, auch nicht dir,
493 2303 1057 2486 Sylvester:
524 2437 2778 2629 Denkst du,Bezahlung fordernd stünd' ich da?
484 2595 2976 2784 Verzeih, dass ich - wiewohl ’s verzeihlich schiem.
480 2740 2756 2883 Gewagt - fast wie ein Gläub 'ger dir zu nahn.
480 2892 2781 3116 Doch wenn du dein Gefühl für mich misskannt,
496 3035 2712 3240 Was du von mir gewusst,das blieb doch wahr.
530 3230 2623 3401 Und also steht der Gleiche heut vor dir,
477 3373 2650 3580 Der vor zwei Tagen ging, -der Gleiche, dem’
