3320 3944
487 374 2412 597 Ewig-lebendig wähnt' ich euch bewahrt
472 544 2575 763 Ach, nicht bewahrt, begraben hab‘ ich euch
475 662 2174 936 Und also war Verwesung euer Teil.
1146 835 1268 992 G.F.P.
481 924 2563 1164 Fuhr wohl, Vergange nheit! Vergessen bleibt
472 1120 2572 1351 Die einz'ge Andacht,würdig dir zu wei 'hn
475 1268 2557 1452 Der Tag ist unser - nein, der Augenblick.
475 1473 2804 1666 Doch ist nicht der, kaum, dass wir ihn erfasst,
469 1580 2507 1788 Auch schon Vergangenhei t? Der Augenblick
484 1729 2412 1931 Da läohelnd mir zum Nachtisch Leonilda
478 1883 2524 2073 Die Birnenschnitte reichte,-nun so fern
484 2026 2501 2222 Und mein so wenig als der Kindheit Tage
481 2192 2572 2379 Und mein das trüg'risch nahe Gestern ist
487 2340 2539 2566 Sprdoh' Ich von einer nahen Stunde, ist 't
499 2533 2804 2700 Die vor’ge nicht - sie kann die fernste sein.
520 2664 2519 2842 Die nächstenenn' ich so, der Inhalt ich
487 2857 2302 3009 Nach eigenstem Ermessen geben darf.
529 2973 2816 3151 Drum ist nur zukunft mein da mein die Wahl.
535 3148 2887 3306 Und frei — ob a mich auch lookte zu verweilen,
529 3315 2917 3439 Entscheid' ich mich zu gehn.-Vertraut ist mir
2361 3451 2527 3629 so
1313 3472 1437 3662 et
1645 3421 1803 3606 soo
546 3457 1289 3641 Der Nog; mond he
