3432 3976
2553 271 2749 475 54
475 516 2391 749 In aller Form den werten alten Freund
470 614 2665 879 Zur Hochzeit meiner einz'gen Tochter laden
432 836 1856 1075 Mit seinem einzigen Sohn- -
1605 974 2763 1152 Ihr meint, Herr Kanzler
432 1049 795 1216 Konrad:
455 1204 934 1366 Leonilda:
490 1299 2049 1521 Was für ein Scherz, mein Vater.
1919 1357 2587 1602 Ei, so hätten
458 1507 815 1686 Konrad:
447 1579 2196 1795 Die beiden Väter etwa in der Wiege
447 1758 1677 1979 Uns insgeheim verlobt –?
1530 1928 2331 2080 Dergleichen war
455 1956 928 2149 Freiherr:
464 2046 2345 2253 Nie zwischen uns beredet.Doch ob nun
478 2175 2798 2438 Verlobt - ob nicht—; da Ihr vor Gott vermählt
478 2337 2648 2596 Was i. zu bekennen Ihr gewiss nicht soheut
470 2498 2654 2720 Denk ich man liess' in hergebrachter Weise
490 2636 2657 2850 Vom Priester das willkomne Bündnis weihn.
487 2786 2412 3048 Und - alles recht erwogen sollte wohl
493 2939 2527 3166 Hochzeit gemacht sein,eh' der Bräutigam
496 3097 2573 3328 Auf eine Reise geht, von der die Rückkehr
496 3270 2809 3481 In solcher Zeit sich leicht verzögern könnte
