2962 3575
1363 306 1473 431 48
1045 365 1657 556 S. FISCHER,
1706 396 2117 556 VERLAG.
1510 512 1667 661 3.
538 597 737 754 Telephon:
1730 685 2660 837 Berlin W., den 10. Dezember 1897.
595 722 901 835 Amt VI, 1662.
1806 766 2213 842 Steglitzer Strasse 49 I.
1806 827 2205 928 letzt: Bülowstr. 90/91.
2462 893 2555 1008 aat
1268 969 2523 1128 Herrn Dr. Arthur Schnitzler.
2120 1101 2435 1209 Wien.
1109 1165 1652 1324 Lieber Herr Doktor!
945 1312 2611 1434 Muster für einen Umschlag zu 1.Anatol“ kann ich Ihnen nicht
727 1407 2624 1544 schicken. Wenn wir erst einen Künstler mit der Aufgabe betrauen, dann
727 1495 2624 1640 müssen wir die Zeichnung auch nehmen; es Handelt sich also nur um die
727 1593 2599 1728 Wahl des Künstlers. Eckmann ist zu schwer, er kommt kaum in Betracht,
715 1703 2594 1804 Heine betont zu sehr das humoristische Element; ich weiss eigentlich
720 1801 2580 1897 keinen geeigneten Maler für den Anatol. Ich stelle aber anheim, wenn
715 1855 2558 1985 Sie einen illustrirten Umschlag wünschen, einen geeigneten Künstler
717 1948 1116 2044 vorzuschlagen.
932 2012 2646 2144 Ich habe in meiner letzten Zuschrift einfach die Thatsache con-
715 2139 2624 2237 statiert, dass für „Sterben' ein besonderer Vertrag zwischen uns be¬
705 2237 2631 2345 steht. Es ist mir aber ganz lieb und ich bin damit einverstanden, wenn
715 2288 2550 2416 wir den Spezialvertrag über „Sterben“ ausser Kraft setzen und die
698 2386 2624 2523 Bedingungen für dieses Werk in unseren Generalverurag einbeziehen. Ich
702 2494 2602 2607 habe gar kein Interesse daran, den Abrechnungs-Modus durch den besta¬
700 2548 2624 2673 henden Separatvertrag zu complizieren; für den Honorarsatz ist es das-
688 2638 2656 2773 selbe, ob ich Ihnen die Hälfte des Gewinns oder 20 % vom Absatz bezahle.
1040 2731 1559 2866 Mit besten Grüssen
1909 2797 2296 2925 Ihr ergebener
1990 2859 2675 3015 Ffischer
842 2966 2634 3111 P. S. Freyhoff's Buchdruckerei in Nauen möchte die Revisionsbogen
680 3042 2506 3206 von „Freiwild“ zurück haben, um drucken zu können; haben Sie die
2384 3145 2526 3253 Güte.
