3221 3687
854 354 2204 545 Fischer, Verlag, Berlin W., Bülowstrasse 90
1519 471 1800 595 11/3. 1914
652 819 1422 996 Herrn Dr. Arthur Schnitzler
1434 914 1599 1061 Wien
667 1173 1071 1325 Lieber Freund,
797 1175 2540 1399 aus dem anliegenden Briefe von Goschen werden Sie ersehen, dass
695 1302 2547 1506 er sich darauf erätet, dass "Bertha Garlan" frei ist. Ich werde der
1063 1337 1325 1419 verüffet
697 1399 2455 1571 Sicherheit halber noch einmal beim Deutschen Verlegerverein ein
705 1467 2567 1683 Gutachten darüber einfordern, ob sich der weitergehende Schutz, der
710 1529 2627 1783 sich auf Art. 7 der revidierten Berner Uebereinkunft stützt, auf
715 1648 2647 1858 nicht dramatische Werke erstreckt, und danach die weiteren Massnahmen
732 1716 2497 1937 treffen. Den Brief Goschens bitte ich mir wieder zurückzusenden.
834 1843 2669 2037 Für den Novellenband in der Romanbibliothek würde ich vorschlagen.
732 1880 2672 2126 ausser der "Griechischen Tänzerin" unddem "Blinden Geronimo" noch etwa
757 1987 2724 2219 "Die Weissagung", „Die Toten schweigen“ und, falls es dem Raum nach not-
759 2072 2764 2298 wendig sein sollte, auch noch die kleine Novellette "Blumen" aufzunehmen.
754 2171 2649 2405 Der Titel des Buches bleibt dann am besten der schon bekannte Titel
1404 2273 2049 2383 Grischische Jängerin (2)
759 2256 2759 2488 eines vergriffenen Buches, damit nach aussen hin nicht etwa der Anschein
772 2363 2637 2572 erweckt wird, als ob es sich um ein neues Buch handelte. Wir würden
779 2458 2764 2677 20 000 Exemplare drucken und Ihnen das Honorar von 10 % (das ausnahmslos
782 2557 2697 2764 nicht überschritten werden kann) mit 2000 Mark im vorhinein bezahlen.
787 2619 2659 2849 Ich wäre Ihnen sehr verbunden, wenn Sie sich darüber gleich äussern
802 2739 2714 2938 wollten, weil wir das Buch evtl. schon im Mai oder Juni herausbringen
