2041 3543
657 684 1718 879 von Herrn Braun haben wir das Titelbild für
519 845 1691 960 den Umschlag sehen bekommen, die Separatabzüge
516 927 1179 1066 werden rechtzeitig fertig.
590 1012 1733 1145 Wenn Sie die Verrechnung des Bühnenvertriebs
513 1100 1775 1242 über das abgelaufene Quartal etwas später bekommen
504 1214 1757 1334 haben, so ist es nur deshalb geschehen, weil ver-
516 1288 1703 1429 schiedene Beträge noch eingefordert wurden, die
510 1394 1727 1520 wir in die Abrechnung aufzunehmen wünschten. Sie
508 1471 1751 1596 sind ja sohon bei einer früheren Gelegenheit ver¬
510 1563 1771 1691 ständigt worden, dass wir im Interesse einer glat-
504 1658 1773 1779 ten Abrechnung den genauen Termin nicht immer ein-
507 1765 901 1866 halten können.
647 1827 1230 1947 Mit herzlichen Grüssen
1271 1918 1380 2040 Ihr
1066 2046 1552 2313 S. Fischer
