2793 3576
1399 409 1558 589 227
874 529 2177 648 S. FISCHER,VERLAG, BERLIN W., BÜLowSTR. 90
1441 708 2155 846 BERene W., DENG. Okt. 1910
1020 1055 1785 1193 Herrn Dr. Arthur Schnitzler
1547 1146 1848 1278 Wien XVIII
971 1266 1508 1417 Lieber Herr Doktor,
1174 1415 2153 1519 anliegend erhalten Sie die Kritiken
982 1511 2161 1589 über die Aufführung des "Märchen" in Ameri-
1673 1566 1894 1616 Mais lʼhonneur a luis
973 1592 2069 1717 ka sowie einen Bericht von Miss Kaiser.
995 1701 1106 1757 G.C.H.
1077 1672 2226 1800 Soeben hat das Berliner Theater bei mir
991 1757 2236 1881 angefragt, ob "Der junge Medardus" für Berlin
994 1871 2221 1967 noch frei wäre. Das Berliner Theater hat ein
994 1944 2140 2053 ganz gut eingespieltes Ensemble, darunter
1002 2046 2142 2148 einige Kräfte von besonderer Qualität. Im
1008 2091 2192 2234 vorigen Jahre ist dort Raimunde "Alpenkönig
1002 2223 2224 2338 und Menschenfeind" sehr gut gespielt worden.
1000 2309 2234 2443 Das Theater hat ausserdem eine Drehbühne, so
1008 2408 2194 2511 dass szenische Schwierigkeiten nicht beste-
1005 2489 2132 2607 hen würden. Dennoch kommt dieses Theater
1008 2586 2174 2706 natürlich nur dann in Betracht, wenn Rein-
