2709 3464
1215 187 1311 319 98
910 281 1764 430 S. FISCHER, VERLAG
1392 504 2261 656 BERene W., DEN 24. Juli 1903
1398 618 1844 752 BÜLowSTRASSE 90/91.
268 609 513 685 TELEPHON:
261 667 517 760 AMT VI, 1662
785 841 1554 966 Herrn Dr. Arthur Schnitzler
792 946 1131 1048 Wien IX.
627 1108 1166 1235 Lieber Herr Doktor!
767 1155 2326 1338 Ich bin dabei, die Organisation für den Bühnenvertrieb so
633 1291 2384 1436 zu schaffen, dass alle Sicherheiten, die im Rahmen eines solchen
640 1351 2368 1516 Betriebes gegeben verden können, auch sicher geboten werden. In
647 1465 2301 1599 den Verträgen mit den kleineren Bühnen wird ausdrücklich zur
647 1523 2393 1690 Bedingung gemacht, dass alle Theaterzettel eingaschickt werden.
644 1621 2388 1802 So viel ich weiss, ist damit im wesentlichen die Controlle über
653 1693 2413 1869 die Anzahl der Aufführungen und das Repertoir im allgemeinen bei
660 1795 2440 1965 den Bühnen-Agenturen erschöpft. Ich denke darüber hinaus zu gehen
665 1884 2393 2045 und mich in jeder Stadt mit einem Sortimentsbuchhändler in Ver-
671 1940 2386 2159 bindung zu setzen, um im gegebenen Augenblick eine persönliche
680 2038 2444 2210 Vertretung der Interessen an Ort und Stelle zu erreichen. Eine
680 2121 2417 2315 andere Aufsicht über die kleinen Bühnen wird, glaube ich, keine
687 2219 2433 2408 Bühnenagentur leisten können, ebenso wenig wie sie etwa eine an-
689 2299 2453 2518 dere Controlle über die Einnahmen ausüben kann als die, dass den
694 2413 2440 2611 Bühnen eine Verpflichtung zur Einsendung der Kassenrapporte auf-
700 2491 2399 2701 erlegt wird und in zweifelhaften Fällen das Recht vorbehalten
714 2587 2457 2796 wird, einen Ausweis durch die Vorlegung der Bücher zu verlangen.
711 2654 2498 2888 Auch die reisenden Sommertruppen sind in einer andern Weise nicht
716 2747 2498 2973 zu überwachen, und ich glaube auch nicht, ob es von anderer Seite
720 2830 2515 3064 in einer andern Form geschehen kann. Es wird diesen Truppen gegen-
