2196 3495
1013 240 1241 328 2:2
344 718 1553 870 Lade. das Buch erscheinen zu lassen.
297 849 1706 958 Gegen Dr. Jenas Fränkel hätte ich garnichts
525 923 1750 1069 einzuwenden. Wenn Sie sich definitive für ihn ent-
523 1013 1687 1134 schieden haben, so wollen nir ihn zu einer Be¬
526 1121 1081 1223 sprechung auffordern.
651 1195 1748 1334 Ihr Buch ist natürlich ohne Waschzettel ver-
534 1307 1755 1408 sandt worden, die Folge davon wird freilich sein.
532 1395 1781 1502 dass die kleinere Provinzpresse, die in der Regel
546 1476 1743 1590 nur den Waschzettel abdruckt, über Ihr Buch gar¬
548 1580 1062 1683 nichts bringen wird.
670 1665 1755 1746 Ich habe eine Anfrage aus Paris wegen Ihrer
555 1737 1830 1848 Stücke für das Theater der Rejane bekommen. Was ist
558 1823 1781 1945 ins Französische übersetzt und über welche Stücke
553 1946 1330 2031 könnte eventl. verfügt werden?
904 2004 1404 2120 Mit herzlichem Gruss
1448 2046 1576 2160 shr:
1300 2104 1774 2234 Fischer
548 2204 1816 2336 P. S. Das schöne Feuiliton von Salten-über Ihr Buch
544 2294 1778 2392 hat: mich sehr gefreut. Wir hatten Herrn Fred, der
553 2352 1848 2464 die Rundschau einige Tage vor Erscheinen haben woll-
548 2418 1778 2511 te, um Ihr Buch in der Neuen Freien Presse zuerst
556 2483 1771 2590 anzukündigen, gebeten, sein Feuilleton nicht vor
558 2541 1769 2654 Sonntag erscheinen zu lassen, und nun kam Salten
88 3291 204 3356 ..
