2685 3351
1147 179 1295 329 243
806 293 1872 461 S. Fischer, Verlag, Berlin W., Bülowstraße 90
1615 393 2105 552 den 22. März 1911
1077 788 1170 899 Tél
634 893 1399 1065 Herrn Dr. Arthur Schnitzler
1335 981 1497 1106 Wien
561 1140 1104 1320 Lieber Herr Doktor,
695 1229 2398 1426 wenn Ihre Auffassung richtig wäre, so würde sie zu unmöglichen
570 1360 2346 1517 Konsequenzen führen; es würden dann zwei oder mehr Uebersetzungen
581 1456 2369 1567 existieren, die mit einander konkurrieren. Ich muss dabei bleiben,
579 1522 2358 1697 dass das Uebersetzungsrecht ein ausschliesslichen ist, wenn nicht
579 1628 2339 1769 ausdrücklich etwas anderes vereinbart wurde. Wir schützen uns in
581 1708 2326 1885 unsern Verträgen mit Uebersetzern dadurch, dass wir vereinbaren,
588 1765 2412 1940 nach zwei Jahren über das in Frage stehende Werk wieder frei verfü-
588 1883 2101 2046 gen zu können, wenn es inzwischen nicht aufgeführt ist.
750 1960 2398 2124 Das Königliche Schauspielhaus kommt für die Riesenarbeit der
604 2080 2269 2228 Inszenierung des "Medardus" kaum in Betracht, dazu ist Lindau
606 2144 2339 2301 sehen zu alt. Das Personal ist nicht so gross und für die szeni-
609 2274 2294 2387 sehen Mittel wendet das Schauspielhaus wohl nicht so viel auf.
609 2305 2385 2473 Jedenfalls will ich aber den "Medardus" doch Lindau schicken und
611 2419 2394 2553 auch dem Neuen Schauspielhaus einreichen, da ja nun Reinhardt für
625 2530 1881 2694 das Stück endgiltig nicht mehr in Frage kommt.
797 2573 2144 2710 Sie wissen, dass uns Salten mit der Besprechung der
631 2685 2201 2832 dus" im Stich gelassen hat. Wir haben vor, Kerr zu bitten,
643 2766 2199 2932 gentlich der Aufführung von "Weiten Land" auch den "Medart
