2782 3704
1364 644 1541 815 230
868 782 2156 921 S.ISCHER, VerLAG, BERLIN W., BÜLOUSTR. 90
1260 870 1774 1024 THEATERABTEILUNG
1432 1053 2147 1201 BERene W., DEN...1.Dez. 1910
1074 1345 1843 1478 Herrn Dr. Arthur Schnitzler
1814 1446 2130 1546 Wien XVIII
939 1546 1488 1680 Lieber Herr Doktor,
1172 1690 2103 1818 ich übersende Ihnen die Abschrift
949 1786 2167 1913 meines Briefes an Miss Kaiser. Ich kann, wie
955 1912 2143 1997 ich aus dem Vertrag ersehen habe, jetzt nur
949 1987 2112 2088 dann kündigen, wenn die Kaiser eines Ihrer
947 2058 2091 2165 Stücke nicht übersetzt oder das Copyright
955 2167 2120 2287 dafür nicht erworben hat. Wenn wir von der
944 2237 2051 2371 Kauser los wollen, wird es nicht schwer
949 2342 2120 2446 sein, auf Grund dieses Paragraphen zu kün-
949 2432 2197 2534 digen. Zunächst muss ich sie aber auffordern,
961 2517 2075 2642 den Nachweis zu erbringen, dass sie ihre
945 2603 2064 2717 Pflichten erfüllt hat. Es ist sehr wahr-
961 2695 2109 2785 scheinlich, dass sie das eine oder andere
955 2767 2183 2913 Werk, von dem sie sich in Amerika keine Wir-
2009 3033 2451 3234 Fischer
