2649 3465
459 333 1309 482 S. FISCHER, VERLAG, BERLIN,
2115 344 2315 455 Blatt 2
602 671 2443 795 eines Wiener Briefes sich über die Aufführung in Wien auszusprechen.
613 751 2393 896 Vielleicht überschätzen Sie ein bisschen die Wirkung einer Bespre-
604 847 2301 955 chung von Jacques. Ich glaube, dass bei einer selbst relativen
604 964 2390 1052 Wertung Kerrs mehr herauskommt wie etwa bei einer enthusiastischen
595 1047 2292 1150 Besprechung von Jacques, der ja ausserdem die autoritäre Kraft
595 1141 1499 1256 als Rezensent nicht für sich hat.
739 1245 2280 1320 Von Morisse ist heute der anliegende Brief gekommen. Ich
602 1286 2402 1405 finde seinen Vorschlag durchaus acceptabel, dann ich glaube in der
599 1414 2441 1534 Tat nicht daran, dass von einem französischen Theater eine Garantie-
595 1502 1481 1617 summe vorher zu haben sein wäre.
1242 1566 1865 1704 Mit herzlichen Grüssen
1853 1630 1963 1791 Ihr
1757 1731 2220 1904 S. Fischer
