2785 3607
1547 274 1679 392 222
1378 358 1697 482 Abschrift!
1482 528 1975 721 Hamburg, 13/7.10
998 813 1538 955 Sehr geehrter Herr!
1173 1069 2490 1195 Als Vorsitzender obiger Gesellschaft richte ich
728 1106 823 1219 e
917 1189 2416 1315 die ergebene Anfrage an Sie, unter welchen Bedingungen
912 1301 2455 1410 Sie uns Arthur Schnitzler's „Der Suppenspieler“ zu einer
917 1382 2453 1494 einmaligen Aufführung am 28. Oktober er. überlassen wür-
912 1480 2490 1563 den, ohne dass Jemand vorher das Stück in Hamburg— Altona
912 1565 2488 1687 zur Darstellung bringt. Es kommt in diesem Falle nur die-
906 1618 2120 1760 ser eine deradret Einakter für unsein Frage.
1075 1729 2453 1833 Obige Gesellschaft hat es sich zur Aufgabe gemacht
906 1805 2431 1941 Stücke in Hamburg zur Aufführung zu bringen, welche von
906 1898 2402 2002 den stehenden Bühnen aus diesem oder jenen Grund nicht
902 1981 1333 2101 gegeben werden.
1006 2042 2532 2231 Für eine baldigste Antwort an die unten stehende Adres-
908 2156 1699 2274 se wäre Ihnen sehr verbunden.
1742 2223 1864 2359 Ihr
1410 2345 2158 2463 hochachtungsvoll ergebener
1309 2429 1890 2548 Emanuel Stockhausen
1063 2516 1668 2618 z.Zt. Tremsbüttel bei
1278 2597 1606 2739 Bargteheide
1569 2676 1959 2835 Haus Forsteck
