2944 3608
1318 272 1444 442 83
1612 381 1986 539 VERLAG
1078 413 1590 578 S. FISCHER,
2170 493 2559 621 einem Honorar
1842 524 2076 638 geben xxx
1447 583 2483 748 also an, dass Sie den im Interesse der
1554 689 2454 804 BERene W., DEN 18/12. 1900
471 648 1071 862 TELEPHON: AMT VI, Nr. 1662.
1510 743 1954 840 BÜLÖWSTRASSE 91.
1799 789 2316 903 würde das auch Herz!
1714 874 1804 990 Lix
915 903 1330 1034 un, für den die
731 971 2253 1129 Herrn Dr. Arthur Schnitzler
1753 1029 2386 1175 Wien.
723 1107 825 1197 G.F.P.
1631 1117 2447 1253 dige Zumstag gestellt werden,
726 1199 869 1299 diese
993 1170 1789 1347 Lieber Herr Doktor!
1619 1223 2083 1350 ergütet werden. Sie
830 1311 2600 1464 Ich werde also die „Beatrice“ nach Ihrer Anweisung setzen lassen.
736 1384 2571 1549 Sie werden die Correcturen zuerst in Fahnen und dann in umbrochenen
743 1466 2619 1634 Bogen bekommen. Es ist aber unmöglich, den ganzen Satz auf einmal an
750 1549 2627 1731 zufertigen, über soviel Schriften verfügen die Druckereien gewöhnlich
760 1656 2563 1796 nicht. Sie nehmen irrtümlich an, dass der ganze Satz stehen bleibt,
757 1748 2583 1893 das ist nicht der Fall, von dem Satz werden Platten angefertigt und
765 1852 1692 2003 der Satz jedesmal wieder abgelegt.
898 1889 2622 2097 Von Coschall habe ich noch nichts gehört. Wenn das Buch Ende Ja¬
765 2027 2610 2153 nuar erscheinen soll, so müssten die Illustrationen eigentlich jetzt
770 2100 2525 2262 schon gemacht werden, sonst wird die ganze Sache wieder übereilt.
876 2180 2600 2347 Einen Vertrag kann ich Ihnen heute nicht zuschicken, ich bin au-
770 2275 2634 2428 genblicklich ausserordentlich in Anspruch genommen, erlauben Sie mir,
772 2369 2080 2551 dass ich ihn erst in einigen Tagen folgen lasse.
884 2432 2692 2602 Und nun noch eine zweite Angelegenheit. In der Vortrags-Commission
777 2556 2651 2697 des Vereins Berliner Presse habe ich gestern von Ihrem Telegramm Mit-
789 2610 2651 2782 teilung gemacht. Ich bin beauftragt, Sie dringend zu bitten, die Vor-
782 2719 2658 2879 lesung doch noch, wie ursprünglich projectirt, am 17. Januar abzuhal-
784 2792 2610 2988 ten. Die Herren legen auf den Wiener Abend grosses Gewicht und ver¬
794 2877 2746 3064 sprechen sich davon sehr viel Erfolg. Ich meinerseits kann diesen Wunsch
794 2971 2716 3182 nur unterstützen und Sie bitten, mit den Herren Hofmannsthal und Wasser
