3230 3658
750 689 2008 811 tausend Dollar verlangt haben, bei dem Rechte
753 792 2043 874 der freien Bearbeitung 5 % und Zweitausend Dol-
755 867 2046 988 lar beanspruchen. Wollen Sie die Liebenswürdig-
758 956 2035 1076 keit haben, uns zu sagen, ob Sie damit einver-
761 1054 1961 1170 standen sind. Die Bedingungen, zu denen wir
763 1120 2046 1247 Rössler „Die fünf Frankfurter“ mit Amerika ab-
763 1218 2035 1334 geschlossen haben, waren 5 % und Fünftausend
766 1359 930 1438 Mark.
946 1406 1945 1511 In vollkommener Hochachtung sind wir
1411 1519 1678 1586 ergebenst
1351 1569 1858 1651 S. FISCHER, VERLAG.
1366 1633 1831 1717 THEATERABTEILUNG
