2633 3497
1231 311 1349 429 157
1394 389 1760 535 VERLAG
830 396 1352 566 S. FISCHER,
1359 635 2149 755 BERLIN W., DEN 11. Nov. 07
330 719 559 795 TELEPHON:
1354 734 1797 844 BÜLowSTRASSE 90
326 776 564 868 AMT VI, 1662
880 998 1573 1142 Herrn Dr. Arthur Schnitsler
1561 1099 1852 1198 Wien XVIII
1479 1182 1880 1295 Spöttelgasse 7
627 1297 1111 1413 Lieber Herr Doktor,
866 1411 2484 1554 Bie und ich haben den feil des Manuscripts, den Sie uns geschickt
611 1493 2441 1628 haben, gelesen. Wir haben beide den Eindruck, dass es sich um ein äusserst
616 1599 2486 1753 wichtiges und interessantes Zeitdokument handelt, und dass es Ihnen gelungen
613 1698 2415 1826 ist, das bunte und bewegte Gesellschaftsbild unserer Zeit in allen seinen
613 1781 2399 1932 Verzweigungen und Beziehungen deutlich zu machen. Da wir erst die Hälfte
616 1870 2512 2005 des Romans kennen, haben wir noch keinen Ueberblick, wohin Sie mit den Ganzen
620 2003 837 2104 steuern.
849 2036 2470 2189 Bie ist krank. Da ich mich ganz in Uebereinstimmung mit ihm weiss,
623 2137 2434 2262 möchte ich nicht unterlassen, Ihnen im Interesse der Wirkung in der Rund-
635 2231 2444 2366 schau einiges, was sich aus der Lektüre ergeben hat, mitzuteilen. Es ist
630 2333 2505 2472 schade, dass das erste Kapitel, das den Roman, einleitet, da schwächste ist.
635 2425 2491 2573 Ich habe Bis gebeten, die Lektüre des Romans mit den zweiten Kapitel zu be-
635 2510 2517 2637 ginnen, um meinen Hindruck, dass nichts fehlen würde, wenn das erste Kapitel
1748 2571 1882 2628 G.C.F.P
639 2604 2533 2708 fortfiele, zu kontrollieren. Die bestätigt seinen Eindruck, vielleicht prüfen
637 2684 2493 2812 Sie ihn selbst nach. Sie wünschen das Manuscript zur Durchsicht noch einmal
882 2691 972 2748 G.M.
752 2698 861 2755 du moins de ses
639 2790 2437 2925 zurück, bis auf 30 Seiten, die ich nachfolgen lasse, jetzt das Mannscript
651 2882 2481 3064 gleichseitig an Sie ab, mit der Bitte, uns in spätestens 8 Tagen die erste
