2728 3255
1249 159 1349 254 86
1047 222 1913 410 S. FISCHER, VERLAG
2228 277 2538 481 1201
380 488 1012 647 TELEPHON: AMT VI, No. 1662.
1483 491 2525 685 BERLIN W., DEN... 7. Februar 1901.
1435 594 1891 738 BÜLÖWSTRASSE 91.
989 778 2147 957 Herrn Dr. Arthur Schnitzler
1810 901 2059 997 Wien.
680 954 848 1113 Sie h
803 1067 1334 1178 Lieber Herr Doktor!
622 1138 2447 1276 Wenn Sie den Einband von „Michael Kramer“ für Ihre nächsten Sachen
571 1251 2523 1380 wünschen, so können Sie ihn haben, ich halte ihn nicht für sehr geeignet
574 1324 2450 1455 und bin eben dabei, für Ihre Bücher einen neuen Einband herstellen zu
569 1455 2588 1546 lassen, der nur für Sie reserviert bleibt. Ich werde Ihnen in den nächsten
564 1518 2545 1654 Tagen einige Proben schicken; sollte dieser Einband Ihren Beifall finden,
574 1616 1928 1735 so kann ja der „Kramer“- Einband genommen werden.
670 1646 2439 1820 Die „Beatrice“ wird Ende nächster Woche fertig. Es wäre mir lieb,
579 1742 2502 1886 wenn Sie mir, angeben wollten, wieviel Rezensions-Exemplare
574 1853 2480 1969 Sie direkt versenden wollen, damit ich Ihnen die nötige Anzahl zugehen
579 1951 2523 2069 lassen kann. Vielleicht darf ich Sie auch um Angabe der Adressen bitten,
579 2054 1312 2157 um Duplikate zu vermeiden.
738 2112 2477 2248 Nach einigem Umherirren hat Coschall jetzt den richtigen Ton für
584 2215 2588 2354 den „Leutnant Gustel“ gefunden. Er hat mir bis jetzt etwa 3 Illustrationen
584 2268 2575 2450 abgeliefert, in denen das, worauf es ankommt, nämlich neben den bezeichne-
592 2369 2512 2518 ten Situationen auch die Charakteristik der Menschen zu geben, gelungen
589 2455 2535 2613 ist. Ich lasse Ihnen nächstens die Proben der Reproduktionen zur Ansicht
589 2601 1035 2719 zugehen.
667 2621 2467 2802 Die Frei-Exemplare für die Neuauflage der „Liebelei“ gehen Ihnen
594 2731 2490 2875 gleichzeitig zu. Sobald die gebundenen Exemplare der neuen Auflage von
594 2817 2462 2966 „Vermächtnis" fertig sind, lasse ich auch diese Freiexemplare folgen.
1213 2923 1954 3031 Mit besten Grüssen
1075 2943 1183 3041 Mais
1762 2938 2553 3112 Ffischen
1410 2991 1689 3109 thr
