3110 3643
1229 435 1540 581 Abschrift.
2280 405 2537 596 26/3. 13
1071 823 1590 994 Lieber Herr Hessel
900 991 2519 1147 Ihre Wünsche wegen der Freiexemplare sollen berücksichtigt
796 1085 2683 1231 werden. Wir müssen ohnehin mehr Freiexemplare drucken, da der Bedarf
796 1207 2695 1328 für die Presse von Jahr zu Jahr grösser wird. Ich nehme an, dass Sie
801 1308 1830 1422 mich ohne weiteres dazu autorisieren.
915 1348 2710 1486 Bei dieser Gelegenheit möchte ich noch eine andere Frage anregen.
801 1471 2697 1582 Die Verhältnisse im Buchhandel spitzen sich darauf zu, dass der Ver-
811 1563 2611 1686 trieb über den gewohnten Bahnen hinaus durch kaufmännische Mittel
809 1629 2559 1760 unterstützt werden muss. Wir müssen einen Reisenden auf den Weg
1624 1723 2069 1785 Dieses Jahres
818 1748 2618 1872 schicken, um für die Novitäten durch Extrarabatte die Sortimenter
811 1837 2660 1973 zur Bestellung grösserer Partien und damit zu energischerer Verwen-
818 1916 2569 2047 dung zu interessieren. Der Reisende bekommt 10 %, das Sortiment
816 2020 2675 2163 muss mindestens 40 % bekommen, und der Eisenbahnbuchhandel arbeitet
818 2079 2660 2235 gar nicht mehr anders als mit einem Rabatt von 50 %. Es ist leicht
831 2186 2549 2312 auszurechnen, dass bei einem Babatt von 50 % so gut wie nichts
823 2290 2574 2403 übrig bleibt. Wenn Sie die 20 % Autorenhonorer dazu rechnen, so
831 2369 2604 2515 bleiben uns 30 %. Dafür muss das Buch hergestellt und die Spesen
831 2453 1998 2604 bestritten werden, die ziemlich hoch sind.
949 2571 2660 2660 Um also Ihr neues Buch mit allen Mitteln nachdrücklich zu ver-
846 2621 2697 2764 treiben, würde ich vorschlagen, die Exemplare, die mit 40% bis 50%
838 2744 2725 2868 rabattiert werden, zu einem Tantiemensatz von 15 % mit Ihnen zu ver-
1837 2799 2270 2868 diesjährige
843 2811 2690 2965 rechnen. Das bezieht sich nur auf die Novität, also auf das Indien-
846 2908 2651 3029 buch in diesem Jahre, denn nur für Novitäten soll in dieser Weise
841 2965 2816 3140 gewirkt werden und diese Ausnahmerabatte sollen
1372 3034 2811 3167 Dieses Jahr geltung haben, für das
838 3086 1239 3199 auch nur
851 3120 2811 3241 tahr der Ministät. Was für sie und für mich an geringer
860 3167 2848 3340 prozentnalen Gewinn heranckamt ist möglicherweise
