2196 3495
1086 231 1262 365 a.2
510 365 1446 565 S. FISCHER,VERLAG
1687 634 2056 774 25. Juni 90
1052 683 1511 781 BERLIN W., DEN
2 754 240 817 TELEPHON:
1041 763 1489 870 BÜLÖWSTRASSE 90
2 803 247 881 AMT VI, 1662
576 959 1288 1144 ###r, Dr. Arthur Schatteler.
1293 1055 1598 1195 Kien XVIII.
1404 1130 1784 1237 Seöttelgasse. 7
1540 1213 1838 1342 ouvretien
327 1353 819 1480 Lieber: Herr. Doktor,
558 1477 2109 1618 mit dem „Nog ins Freie geht: es ganz eigentümlich. In Gesterrei
605 1573 705 1626 G.C.F.P.
309 1582 2047 1680 ist eine se starke Nachfrage nach Ihrem Buch, dass wir auf dem Sprung
320 1653 2105 1791 stehen, einen weiteren Neudruck zu veranstalten. Wie sich die Dinge bei
316 1751 2076 1900 uns in Deutschland entwickeln werden, ist bis zur Stunde noch nicht zu
327 1842 2109 1951 übersehen, davon hängt aber die Höhe der neu zu besessenden Auflagen ab.
320 1934 2107 2054 Um für Ihr Buch bei uns in Deutschland besonders wirken zu können, wäre
332 2027 2092 2147 es notwendig, daß ich mindestens 5000 Exemplare drucke, das würde mir
325 2100 2116 2265 die Freiheit: geben; den Buchhändlern auch weiterhin Kommissionvereinig
325 2207 2071 2323 in Deutschland zur Verfügung zu stellen. Unter normalen Verhältnissen
336 2274 2109 2427 wäre das nicht mehr notwendig, weil eine genügende Anzahl von Könnichten
336 2379 2109 2505 exemplaren schon verschickt: ist, ich würde in diesem Fall, sit einen Neu
334 2452 2114 2621 drank von 3000 F###l. baaust anskossen, weil der Neudruck von 3009. Rt###
340 2545 2065 2686 unten den genommen Verhältnungen augenblicklich zu rückunft geheimt.
541 2668 1980 2766 Neine Frage genug bei dahin, um Sie, abweichend xxx
349 2737 1849 2884 Versinbarzug, gestattet würden, dann ich 5000. ###
380 2846 2076 2993 würdest aber nur zu befr. verständet überzeitet. Die Mieder der xxx
467 2921 1428 3066 Die wieder der k.k. xxx
