2216 3480
1151 259 1332 397 212
956 397 1071 568 169
453 498 1736 661 S. FISCHER, VERLAG,’ BERLIN W., BÜLowSTR. 90
1417 641 1753 795 13. April 08
1031 709 1363 825 BERene W., DEN
1429 778 1614 871 13. M
581 1051 1281 1197 Herrn Dr. Arthur Schnitzler
1305 1117 1603 1249 Wien XVIII
578 1349 1088 1495 Lieber Herr Doctor,
725 1476 1919 1644 es soll alles nach Ihrem Wunsche besorgt werden.
553 1573 1890 1768 Ich kann mich für das grüne Leder zwar nicht sehr be-
563 1676 1856 1839 geistern, es ist matt und wird als drosse Fläche zu
559 1773 1880 1939 tot wirken. Ich hätte ein lebhafteres, helferes Krün
575 1856 1868 2020 vorgezogen. Ich hätte auch vorherzogen, ein narbiges
575 1942 1888 2119 Leder zu nehmen, etwa in derselben Art wie das Leder
593 2036 1944 2236 der Pantheon-Ausgabe, weil auf dem glatten Leder jedes
607 2137 1953 2312 kleine Ritzchen zu sehen sein wird. Indessen, ich wer-
612 2258 1912 2387 de Ihnen einen Probeband schicken und wir werden die
614 2339 1693 2507 Wirkung dann am besten feststellen können.
729 2417 1903 2556 Ich kenne das französische Urheberrecht nicht,
609 2512 1973 2671 ich zweifle aber nicht daran, dass die Grundprinsioien
1134 3046 1915 3226 am ergebener
1883 3080 2185 3268 Faire
532 3120 900 3295 Finnen
