2601 3495
1005 212 1169 333 20b
772 274 1692 443 S. FISCHER, VERLAG
1784 534 2012 653 21/2.10
1204 553 1644 669 BERLIN W, DEN
1206 642 1688 756 BÜLOWSTRASSE 90
219 623 454 715 TELEPHON:
212 703 468 788 AMT VI, 1662
820 886 1580 1044 Herrn Dr. Arthur Schnitsler
1827 893 2160 1067 Wien XVIII
824 1012 1384 1181 Sehr geehrter Herr!
566 1185 2172 1315 Im Besitz Ihres Briefes vom 19. ds. senden wir Ihnen heute
434 1247 2206 1409 für das Burgtheater 15 Exemplare des "Medardus" nach in der alten
443 1343 2170 1503 Korrekturfassung, da sich der Umbruch doch nicht so schnell be-
452 1427 2222 1621 werkstelligen lässt, andererseits aber die Veränderungen doch nur
452 1528 2211 1717 geringfügiger Art sind und von dem Theater selbst leicht einge-
461 1637 2211 1793 fügt werden können. Wir hoffen, dass Ihnen diese Art der Erledi-
459 1713 2199 1866 gung zunächst erwünscht ist, werden aber nichtsdestoweniger den
470 1845 1548 1964 Umbruch nach Möglichkeit beschleunigen.
594 1905 2131 2019 Bei dieser Gelegenheit teilen wir Ihnen höflichst mit,
470 1950 2172 2142 dass wir von “Das Märchen“ eine neue Auflage (die dritte) vor-
477 2055 2231 2231 bereiten. Für den Fall, dass Sie Aenderungen in diesem Stück be-
486 2154 2206 2297 absichtigen, haben Sie wohl die Freundlichkeit, uns diese bald-
482 2293 1080 2409 möglichst aufzugeben.
623 2307 2382 2476 Zurückkommend auf Ihren Brief vom 12. ds. beehren wir uns Ihnen
496 2421 2332 2581 schliesslich noch mitzuteilen, dass das betreffende Theater in Ham-
496 2498 2318 2645 burg die Forderung für “Der Ruf des Lebens“, die wir vorsichtshal-
502 2617 2323 2750 ber schon auf eine Garantie von Mk. 1000.- herabgesetzt hatten, als
500 2699 2318 2848 exorbitant und mit Entrüstung ablehnt. Es ist ja wohl auch im all-
498 2775 2291 2944 gemeinen nicht üblich, bei Stücken, die schon aufgeführt sind, Be-
509 2905 1521 3053 dingungen in dieser Höhe zu stellen.
