2196 3495
1047 254 1213 332 2:2
879 463 1015 632 72
404 615 1683 751 S. FISCHER,VERLAG, BERLIN W., BÜLowSTR. 90
958 811 1671 920 BERene W., DEN 6. Juni:08.
473 1092 1170 1188 Herrn Dr. Arthur Schnitsler
1189 1170 1472 1263 Wien: XVIII:
1083 1254 1462 1347 Spöttelgasse 7
519 1407 1009 1496 Lieber. Herr. Doktor.
629 1491 1727 1599 es wird Sie interessieren zu erfahren, dass
459 1602 1813 1698 nach Ihrem Buche eine starke Nachfrage aus Oesterreich,
464 1686 1750 1798 insbesondere aus Wien eingetreten ist. Ich kann den
471 1811 1719 1895 Unfang der Wirkung noch nicht genau übersehen, in¬
461 1892 1820 1964 Deutschland ist Ihr Buch, soviel ich weiss, noch nicht
461 1969 1815 2074 besprochen, das Interesse hat: sich bei uns noch nicht:
459 2067 1841 2173 nennenswert geregt. Ich habe aber den Hendruck der wei¬
468 2159 1796 2242 teren drei Auflagen sofort angeordnet und erwarte von
461 2243 1421 2331 der Entwickelung der Dinge das Beste.
634 2320 1808 2439 Ich habe sich vergebens bemüht, das Feuilleton
471 2415 1769 2524 der Neuen Freien Presse zu bekommen, könnten Sie es
468 2504 1762 2641 sir auf einige Tage überlassen? Ich wäre Ihnen sehr
