2643 3415
1190 567 1367 729 256
635 701 1939 858 S. FISCHER, VERLAG,“ BERLIN W., BÜLowSTR. 90
1204 930 1786 1028 BERene W., DEN 28/0.11
678 1021 1445 1163 Herrn Dr. Arthur Schnitzler
1192 1137 1500 1256 Vien xviii
1171 1234 1648 1360 Stermortestr. 71
809 1343 1350 1486 Sehr geehrter Herr!
787 1474 1905 1588 Wir haben Ihrem Wunsche gemäss von Herrn
645 1578 1948 1672 Dr. Eirich eine Aufstellung über die fremdspra-
647 1641 1983 1748 chigen Aufführungen Ihrer Stücke erbeten und er-
640 1745 1977 1876 lauben uns, Ihnen diese Aufstellung anliegend zu
645 1827 1987 1951 übersenden. „Der grüne Kakadn“, „Panceelaus“ und
642 1903 1813 2034 „Die Gefährtin“ sind demnach in polnischer
645 2002 1987 2104 Sprache noch nicht aufgeführt. Die uns vorliegen-
644 2086 2006 2200 de Anfrage von Herrn Julius Szalit, Mänchen, Hees-
638 2177 2004 2310 str. 29/30 spricht nur von der Uebersetzung dieser
632 2261 1956 2377 Verke ins Polnische, die wie der Herr schreibt,
632 2377 1919 2472 im Verlage einer österreichischen Buchhandlung
635 2443 1139 2552 erscheinen könnte.
753 2523 1948 2646 Wir bitten um gefl. Nachricht, ob und even-
623 2613 1958 2770 tuell unter welchen Bedingungen wir Herrn Szalit
