2631 3192
1051 215 1199 317 266
589 260 1966 454 S. Fischer, Verlag, Berlin W., Bülowstrasse 90
1608 391 2163 528 den 26. Januar 1912
244 466 1877 649 gnustesredeU medostmdöd ente megen fürdea### ohnegetlæs etc
372 587 2058 749 Ldow eik netrowinsed "Iftan" nessaorg muä" nov gnordüttwá.used
1512 669 2062 797 Jxertb fadoffönner
918 740 1548 904 messäro medolfsred it.
717 877 1475 1019 Herrn Dr. Arthur Schnitzler
1434 968 1578 1085 Wien
505 1037 1051 1249 Lieber Herr Dekter.
2179 1105 2275 1236 G.C.F.P
1880 1137 1982 1238 G.C.F.P.
596 1236 2277 1357 ich habe den Eindruck, ich hätte Ihnen die Schwierigkeiten der
514 1327 2300 1436 Gesamtausgabe Ihrer erzählenden Schriften nicht darstellen sollen.
509 1414 2259 1544 Es ist sonst nicht verständlich, warum Sie plötzlich die Lust an
516 1496 2254 1615 dieser Sache verleren haben sollen. Ich erkläre mich bereit, auf
505 1596 2334 1717 alle Ihre Wünsche, die Sie an die Ausgabe Ihrer Werke knüpfen, ein-
521 1672 2334 1818 zugehen. Wellen Sie, dass wir die beiden Serien der erzählenden und
528 1770 2259 1886 dramatischen Werke schen jetzt endgiltig beschliessen und das im
528 1850 2279 1966 Gesamttitel zum Ausdruck bringen, so bin ich damit einverstanden,
530 1932 2295 2076 wir könnten dann die zweite Serie der dramatischen Schriften ent-
530 2039 2361 2144 weder zu Weihnachten oder im Frühjahr nächsten Jahres herausbringen,
532 2133 2366 2220 so dass sich die dramatischen Schriften an die erzählenden anreihen,
525 2181 2348 2316 dass aber beide Serien auch getrennt von einander zum Preise von je
528 2286 2304 2416 10 Mark gekauft werden können. Auch wegen des Honorars richte ich
530 2377 2320 2498 mich ganz nach Ihren Wünschen. Ich möchte von dem Plan der Gesamt-
530 2446 2329 2597 ausgabe nicht gern zurücktreten, ich bin diese Ausgabe Ihrem Werk
537 2549 2355 2688 und der Oeffentlichkeit schuldig, und ich meine, dass die Genstelle-
544 2647 1473 2777 tien Ihrem Werk jetzt günstig ist.
772 2702 2263 2868 Ueber Rudelf Lethars Theater werde ich mich erkundigen.
550 2795 2151 2980 Seviel ich weiss, wird er hauptsächlich Lustspiele bringen.
