2458 3594
2118 364 2205 468 2
1761 371 2000 565 1640
1983 468 2101 577 1
416 605 2319 771 unkomplett werden muss) vielleicht doch etwas zu schnell zu Ungunsten
416 695 2184 863 der Gesammelten Werke in die Wagschale fallen. Ich würde deshalb
435 797 2274 938 vorschlagen, dass wir "Beate" möglichst erst im Herbst nächsten Jah-
428 905 2220 1028 res als Buch bringen, wenn sich das sonst mit Ihren Dispositionen
435 1057 700 1175 verträgt.
529 1068 2309 1224 Das Ihnen am 19. September avisierte Honorar ist durch die Schuld
440 1161 2295 1343 der hiesigen Bank in Verzögerung geraten; ich würde Sie bitten, mich
442 1269 2222 1395 in solchen Fällen ruhig davon zu verständigen, wenn die avisierte
437 1383 1333 1515 Summe nicht pünktlich eintrifft.
688 1475 1317 1600 Mit herzlichen Grüssen
1662 1503 2215 1747 Ihr G. Fischer
503 1657 2231 1856 P. S. Könnten Sie mir freundlichst mitteilen, wer der Nachlass-
461 1825 1284 1971 verwalter Max Burckhards ist?
