2926 3592
2153 364 2481 611 1/2 90
824 608 2431 810 einer gerichtlichen Verfolgung und Verurtheilung aussetzen
695 764 2405 941 Mir persönlich war es nicht zweifelhaft, dass die Veröffentli-
824 754 1090 877 würden.”
570 838 2455 1032 chung des „Liebesreigens“ in Deutschland unmöglich ist; ich wollte
572 939 2469 1128 aber jedenfalls diesen Anwalt, den ich für eine Autorität auf diesem
584 1027 2508 1214 Gebiete halte, vorher darüber gehört haben. Es thut mir sehr leid, die
580 1085 2443 1317 Publikation dieses Werkes unterlassen zu müssen. Soll ich Ihnen das
817 1267 2493 1442 Vielleicht empfiehlt es sich, das Werk in französischer Spra-
587 1281 1231 1406 Manuscript zuschicken?
596 1372 2524 1593 che in Paris erscheinen zu lassen, wodurch es jedenfalls für einen be-
616 1459 2318 1674 trächtlichen Theil der deutschen Leder gerettet werden könnte.
1154 1574 1686 1720 Mit besten Grüssen
1973 1578 2366 1736 Ihr ergebener
1849 1669 2546 1878 fischer
