<?xml version="1.0" encoding="UTF-8" standalone="yes"?>
<PcGts xmlns="http://schema.primaresearch.org/PAGE/gts/pagecontent/2013-07-15" xmlns:xsi="http://www.w3.org/2001/XMLSchema-instance" xsi:schemaLocation="http://schema.primaresearch.org/PAGE/gts/pagecontent/2013-07-15 http://schema.primaresearch.org/PAGE/gts/pagecontent/2013-07-15/pagecontent.xsd">
    <Metadata>
        <Creator>prov=READ-COOP:name=TrHtr:version=2.1.0:model_id=51170:date=26_07_2023_22:28</Creator>
        <Created>2023-05-02T08:10:09.346+02:00</Created>
        <LastChange>2023-07-26T22:28:14.012+02:00</LastChange>
        <TranskribusMetadata docId="1416742" pageId="54954510" pageNr="335" tsid="131084711" status="IN_PROGRESS" userId="64420" imgUrl="https://files.transkribus.eu/Get?id=PIFQDTSPHMMCOYVMDZUYPYDH&amp;fileType=view" xmlUrl="https://files.transkribus.eu/Get?id=SRYLVWRQXPMIFKRYNKJKTCGI" imageId="44458235"/>
    </Metadata>
    <Page imageFilename="1416742_0335.jpg" imageWidth="2196" imageHeight="3495">
        <ReadingOrder>
            <OrderedGroup id="ro_1711827284562" caption="Regions reading order">
                <RegionRefIndexed index="0" regionRef="tr_1"/>
            </OrderedGroup>
        </ReadingOrder>
        <TextRegion id="tr_1" custom="readingOrder {index:0;}">
            <Coords points="388,532 1823,532 1823,2606 388,2606"/>
            <TextLine id="tr_1_tl_1" custom="readingOrder {index:0;}">
                <Coords points="983,622 1001,629 1011,622 1043,624 1118,593 1178,601 1204,591 1204,544 1186,548 1150,526 1137,530 1098,518 1079,530 1056,520 1027,533 983,517"/>
                <Baseline points="993,582 1038,584 1083,582 1128,582 1172,582 1208,584"/>
                <TextEquiv>
                    <Unicode>730</Unicode>
                </TextEquiv>
            </TextLine>
            <TextLine id="tr_1_tl_2" custom="readingOrder {index:1;}">
                <Coords points="379,719 1662,687 1664,622 1320,593 1230,627 381,642"/>
                <Baseline points="388,698 414,698 459,695 504,695 549,695 593,692 638,689 683,689 728,686 773,686 817,686 862,683 907,683 952,680 996,677 1041,677 1086,674 1131,674 1175,671 1220,671 1265,671 1310,668 1355,665 1399,665 1444,662 1489,662 1534,659 1578,659 1623,653 1668,653"/>
                <TextEquiv>
                    <Unicode>S. FISCHER, VERLAG, BERLIN W., BÜLowSTR. 90</Unicode>
                </TextEquiv>
            </TextLine>
            <TextLine id="tr_1_tl_3" custom="readingOrder {index:2;}">
                <Coords points="1361,860 1411,886 1473,862 1516,873 1583,862 1596,873 1635,863 1691,870 1693,807 1537,792 1479,821 1452,800 1405,808 1362,800"/>
                <Baseline points="1369,859 1381,859 1426,856 1471,853 1516,853 1560,853 1605,850 1650,850 1695,847"/>
                <TextEquiv>
                    <Unicode>19.: Juni:08</Unicode>
                </TextEquiv>
            </TextLine>
            <TextLine id="tr_1_tl_4" custom="readingOrder {index:3;}">
                <Coords points="938,889 1056,902 1084,891 1119,902 1170,883 1202,896 1251,883 1322,893 1325,825 1309,816 1280,831 1234,813 1170,834 1126,825 1110,839 1021,816 941,825"/>
                <Baseline points="949,877 970,874 1014,874 1059,871 1104,868 1149,868 1193,865 1238,862 1283,862 1328,859"/>
                <TextEquiv>
                    <Unicode>BERLIN W., DEN</Unicode>
                </TextEquiv>
            </TextLine>
            <TextLine id="tr_1_tl_5" custom="readingOrder {index:4;}">
                <Coords points="721,1168 860,1187 1110,1155 1405,1162 1406,1068 1383,1064 983,1081 894,1045 791,1085 724,1076"/>
                <Baseline points="731,1116 740,1119 784,1119 829,1119 874,1119 919,1119 964,1116 1008,1116 1053,1113 1098,1113 1143,1110 1187,1107 1232,1107 1277,1104 1322,1104 1366,1101 1411,1101"/>
                <TextEquiv>
                    <Unicode>Herrn Dr. Arthur Schnitzler.</Unicode>
                </TextEquiv>
            </TextLine>
            <TextLine id="tr_1_tl_6" custom="readingOrder {index:5;}">
                <Coords points="1382,1200 1429,1215 1471,1197 1531,1209 1565,1191 1580,1205 1670,1187 1673,1108 1644,1115 1576,1098 1563,1110 1521,1115 1489,1103 1452,1115 1387,1115"/>
                <Baseline points="1393,1190 1405,1193 1450,1190 1495,1190 1540,1187 1584,1184 1629,1181 1674,1184"/>
                <TextEquiv>
                    <Unicode>Wien: XVIII:</Unicode>
                </TextEquiv>
            </TextLine>
            <TextLine id="tr_1_tl_7" custom="readingOrder {index:6;}">
                <Coords points="1338,1296 1437,1290 1461,1301 1529,1283 1607,1285 1656,1262 1703,1275 1706,1196 1581,1209 1562,1199 1529,1213 1489,1205 1445,1218 1421,1205 1343,1202"/>
                <Baseline points="1349,1256 1393,1253 1438,1250 1483,1250 1528,1250 1572,1244 1617,1244 1662,1244 1707,1235"/>
                <TextEquiv>
                    <Unicode>Spöttelgasse: 7</Unicode>
                </TextEquiv>
            </TextLine>
            <TextLine id="tr_1_tl_8" custom="readingOrder {index:7;}">
                <Coords points="476,1429 570,1396 616,1405 666,1379 766,1382 854,1408 886,1393 959,1422 964,1278 857,1252 640,1322 554,1324 525,1302 481,1315"/>
                <Baseline points="486,1378 516,1378 561,1375 605,1375 650,1372 695,1369 740,1366 784,1366 829,1363 874,1363 919,1363 964,1363"/>
                <TextEquiv>
                    <Unicode>Lieber Herr Doktor,</Unicode>
                </TextEquiv>
            </TextLine>
            <TextLine id="tr_1_tl_9" custom="readingOrder {index:8;}">
                <Coords points="627,1537 894,1537 991,1487 1703,1481 1727,1421 632,1440"/>
                <Baseline points="638,1498 656,1495 701,1492 746,1489 790,1486 835,1483 880,1483 925,1480 970,1480 1014,1477 1059,1477 1104,1474 1149,1474 1193,1471 1238,1471 1283,1468 1328,1465 1372,1465 1417,1462 1462,1462 1507,1459 1552,1459 1596,1456 1641,1453 1686,1453 1731,1456"/>
                <TextEquiv>
                    <Unicode>ich wild versuchen, ob ich feststellen kann;</Unicode>
                </TextEquiv>
            </TextLine>
            <TextLine id="tr_1_tl_10" custom="readingOrder {index:9;}">
                <Coords points="494,1602 648,1633 828,1583 1468,1586 1729,1565 1753,1502 496,1558"/>
                <Baseline points="504,1590 546,1587 590,1587 635,1584 680,1581 725,1581 770,1578 814,1575 859,1572 904,1572 949,1575 993,1569 1038,1569 1083,1566 1128,1563 1172,1563 1217,1560 1262,1560 1307,1557 1352,1554 1396,1554 1441,1552 1486,1552 1531,1549 1575,1549 1620,1546 1665,1543 1710,1543 1754,1540"/>
                <TextEquiv>
                    <Unicode>wann und wo der „Reiden" in Deutschland verboten</Unicode>
                </TextEquiv>
            </TextLine>
            <TextLine id="tr_1_tl_11" custom="readingOrder {index:10;}">
                <Coords points="802,1620 1115,1625 1137,1638 1181,1623 1267,1631 1267,1596 1166,1599 1102,1592 1084,1576 940,1599 886,1583 800,1588"/>
                <Baseline points="811,1605 856,1611 901,1614 946,1614 990,1614 1035,1614 1080,1614 1125,1617 1169,1614 1214,1617 1259,1620 1271,1620"/>
                <TextEquiv>
                    <Unicode>DATESS</Unicode>
                </TextEquiv>
            </TextLine>
            <TextLine id="tr_1_tl_12" custom="readingOrder {index:11;}">
                <Coords points="496,1703 1045,1716 1165,1656 1771,1648 1772,1601 760,1618 680,1651 499,1618"/>
                <Baseline points="504,1686 522,1683 567,1680 611,1680 656,1674 701,1674 746,1668 790,1668 835,1668 880,1665 925,1662 970,1662 1014,1659 1059,1659 1104,1656 1149,1656 1193,1653 1238,1650 1283,1650 1328,1647 1372,1644 1417,1644 1462,1644 1507,1641 1552,1641 1596,1638 1641,1638 1686,1635 1731,1632 1775,1632"/>
                <TextEquiv>
                    <Unicode>ist. Dass er verboten ist, ist: zweiffelos, ich habe</Unicode>
                </TextEquiv>
            </TextLine>
            <TextLine id="tr_1_tl_13" custom="readingOrder {index:12;}">
                <Coords points="491,1792 1207,1800 1293,1750 1711,1745 1725,1677 494,1722"/>
                <Baseline points="501,1769 519,1769 564,1769 608,1766 653,1766 698,1760 743,1760 787,1760 832,1757 877,1754 922,1751 967,1751 1011,1751 1056,1748 1101,1748 1146,1746 1190,1743 1235,1743 1280,1740 1325,1740 1369,1737 1414,1737 1459,1734 1504,1734 1549,1731 1593,1731 1638,1728 1683,1722 1728,1725"/>
                <TextEquiv>
                    <Unicode>darüber einmal in der Zeitung und im Buchhändler¬</Unicode>
                </TextEquiv>
            </TextLine>
            <TextLine id="tr_1_tl_14" custom="readingOrder {index:13;}">
                <Coords points="497,1886 823,1908 985,1857 1720,1847 1756,1842 1758,1777 499,1821"/>
                <Baseline points="507,1865 552,1862 596,1859 641,1856 686,1856 731,1853 776,1853 820,1850 865,1847 910,1847 955,1844 999,1844 1044,1841 1089,1838 1134,1838 1178,1835 1223,1832 1268,1832 1313,1829 1358,1829 1402,1829 1447,1826 1492,1826 1537,1823 1581,1820 1626,1820 1671,1817 1716,1814 1760,1814"/>
                <TextEquiv>
                    <Unicode>Börsenblatt gelesen. Und das Buch darf ja tatsäch-</Unicode>
                </TextEquiv>
            </TextLine>
            <TextLine id="tr_1_tl_15" custom="readingOrder {index:14;}">
                <Coords points="499,1967 1544,1949 1745,1925 1746,1879 1372,1852 1118,1902 502,1900"/>
                <Baseline points="510,1954 540,1954 584,1951 629,1951 674,1948 719,1945 764,1942 808,1942 853,1940 898,1937 943,1937 987,1934 1032,1931 1077,1928 1122,1928 1166,1925 1211,1925 1256,1925 1301,1922 1346,1919 1390,1919 1435,1916 1480,1916 1525,1913 1569,1913 1614,1910 1659,1910 1704,1907 1748,1904"/>
                <TextEquiv>
                    <Unicode>lich auch in Deutschland nicht geführt werden. Es</Unicode>
                </TextEquiv>
            </TextLine>
            <TextLine id="tr_1_tl_16" custom="readingOrder {index:15;}">
                <Coords points="507,2059 1633,2035 1782,2019 1785,1963 1144,1938 1084,1991 509,2006"/>
                <Baseline points="516,2050 534,2047 579,2044 623,2041 668,2038 713,2035 758,2032 802,2032 847,2032 892,2029 937,2026 981,2026 1026,2023 1071,2020 1116,2020 1161,2020 1205,2017 1250,2014 1295,2014 1340,2014 1384,2008 1429,2008 1474,2008 1519,2005 1563,2005 1608,2002 1653,1999 1698,1999 1743,1996 1787,1996"/>
                <TextEquiv>
                    <Unicode>ist aber ein Irrtum von Ihnen, zu glauben, dass die</Unicode>
                </TextEquiv>
            </TextLine>
            <TextLine id="tr_1_tl_17" custom="readingOrder {index:16;}">
                <Coords points="509,2159 1623,2125 1673,2112 1675,2062 510,2103"/>
                <Baseline points="519,2136 558,2134 602,2131 647,2131 692,2128 737,2128 781,2125 826,2122 871,2119 916,2119 961,2116 1005,2116 1050,2113 1095,2110 1140,2110 1184,2107 1229,2107 1274,2104 1319,2104 1363,2104 1408,2101 1453,2098 1498,2098 1543,2095 1587,2095 1632,2092 1677,2089"/>
                <TextEquiv>
                    <Unicode>Beschlagnahme in München oder Leipzig nur eine</Unicode>
                </TextEquiv>
            </TextLine>
            <TextLine id="tr_1_tl_18" custom="readingOrder {index:17;}">
                <Coords points="510,2249 1725,2206 1772,2145 1260,2166 1097,2121 969,2177 514,2166"/>
                <Baseline points="519,2226 522,2226 567,2223 611,2223 656,2220 701,2217 746,2217 790,2214 835,2211 880,2211 925,2211 970,2208 1014,2205 1059,2205 1104,2202 1149,2199 1193,2199 1238,2199 1283,2196 1328,2193 1372,2193 1417,2190 1462,2190 1507,2187 1552,2184 1596,2184 1641,2181 1686,2181 1731,2178 1775,2178"/>
                <TextEquiv>
                    <Unicode>lokale Bedeutung hat, Sie haben meine Ausführungen</Unicode>
                </TextEquiv>
            </TextLine>
            <TextLine id="tr_1_tl_19" custom="readingOrder {index:18;}">
                <Coords points="509,2347 1537,2312 1746,2289 1748,2237 1395,2210 510,2287"/>
                <Baseline points="519,2322 543,2319 587,2316 632,2316 677,2313 722,2310 767,2307 811,2307 856,2304 901,2301 946,2301 990,2301 1035,2298 1080,2295 1125,2292 1169,2292 1214,2289 1259,2289 1304,2286 1349,2286 1393,2283 1438,2283 1483,2280 1528,2277 1572,2277 1617,2277 1662,2274 1707,2271 1751,2271"/>
                <TextEquiv>
                    <Unicode>nach dieser Richtung hin wohl missverstanden. Ich</Unicode>
                </TextEquiv>
            </TextLine>
            <TextLine id="tr_1_tl_20" custom="readingOrder {index:19;}">
                <Coords points="515,2432 1379,2388 1675,2414 1678,2338 1364,2308 1262,2346 518,2359"/>
                <Baseline points="525,2411 564,2411 608,2408 653,2405 698,2402 743,2399 787,2396 832,2396 877,2396 922,2390 967,2390 1011,2390 1056,2387 1101,2384 1146,2384 1190,2381 1235,2381 1280,2378 1325,2378 1369,2375 1414,2372 1459,2369 1504,2369 1549,2366 1593,2366 1638,2366 1683,2363"/>
                <TextEquiv>
                    <Unicode>habe gesagt, dass ein erfolgreicher Prozess in</Unicode>
                </TextEquiv>
            </TextLine>
            <TextLine id="tr_1_tl_21" custom="readingOrder {index:20;}">
                <Coords points="522,2522 1780,2493 1813,2407 523,2456"/>
                <Baseline points="531,2501 561,2501 605,2501 650,2498 695,2495 740,2492 784,2492 829,2489 874,2486 919,2483 964,2483 1008,2480 1053,2477 1098,2477 1143,2477 1187,2474 1232,2474 1277,2471 1322,2468 1366,2468 1411,2468 1456,2465 1501,2465 1546,2462 1590,2462 1635,2459 1680,2456 1725,2456 1769,2456 1814,2453"/>
                <TextEquiv>
                    <Unicode>einer Stadt die abermaliger Konfiskation an anderer</Unicode>
                </TextEquiv>
            </TextLine>
            <TextLine id="tr_1_tl_22" custom="readingOrder {index:21;}">
                <Coords points="517,2607 1481,2571 1563,2605 1819,2558 1821,2506 520,2537"/>
                <Baseline points="528,2596 570,2593 614,2590 659,2590 704,2587 749,2584 793,2584 838,2581 883,2578 928,2575 972,2575 1017,2575 1062,2572 1107,2569 1152,2569 1196,2566 1241,2566 1286,2563 1331,2563 1375,2560 1420,2560 1465,2557 1510,2554 1554,2554 1599,2551 1644,2551 1689,2551 1734,2548 1778,2545 1823,2542"/>
                <TextEquiv>
                    <Unicode>Stelle nicht ausschliessen würde, was nicht heissen</Unicode>
                </TextEquiv>
            </TextLine>
        </TextRegion>
    </Page>
</PcGts>
