2730 3399
1199 387 1300 491 129
682 440 1980 606 S. FISCHER, VERLAG, BERene W., BÜLÖWSTR. 91
1091 545 1589 646 THEATERABTEILUNG
1270 704 1869 828 BERene W., DEN. 80/10.05.
717 967 1495 1092 Herrn Dr. Arthur Schnitsler
1563 1047 1722 1141 Wien.
765 1162 1320 1295 Sehr geehrter Herr!
967 1258 1998 1408 Wir beehren uns Ihnen hierdurch erge-
767 1355 1979 1510 benst mitzuteilen, dass wir pro 111. Quartal
757 1445 1964 1616 cr. Tantiemen für den „Einsamen Weg. nicht
769 1584 1336 1714 zu verrechnen haben.
823 1616 1977 1774 Die zweite Zahlung von dem Schauspielhaus
777 1718 1950 1859 in Düsseldorf (Lindemann) in Höhe von 1000
1508 1797 1689 1850 auch
788 1813 2003 1951 Mark ist erst am 1. November fällig. Gleich-
799 1895 1961 2058 zeitig erlauben wir uns Ihnen ferner erge-
791 1969 2043 2166 benst mitzuteilen, dass Ihr neues Drama „Zwi-
804 2062 2059 2235 schenspiel„ ausser den von Ihnen erzielten Ab-
814 2137 2009 2328 schlüssen in Wien, Berlin und Hamburg resp.
814 2228 1982 2415 Düsseldoff bisher angenommen wurde von dem
1012 2307 2083 2486 Residensthaater, München 10 % Tantieme
1416 2409 1793 2486 ohne Garantie
1023 2401 2043 2568 Schauspielhaus, Leipsig 10 % Tantiemen.
1782 2459 2146 2546 Mk. Garantie
1023 2522 2035 2671 Intimen Theater, Nürnberg 8 & Tantie
1455 2597 1698 2704 nne Garan
