2936 3417
1991 851 2794 1076 BERLIN, den 9/1 1896
747 965 1450 1129 S. FISCHER, VERLAG
1651 1007 2772 1227 Herr Doctor
842 1113 1316 1210 VERLAGSDeUCHHANDLUNG
441 1082 1500 1294 A.C. BERLIN W., STEGLITZER STRASSE 49.
469 1266 923 1353 TELEPHON VI No. 1662.
597 1235 2842 1525 Ich habe in letzter Zeit mit dem Florian¬
644 1417 2839 1623 Geyer sehr viel Arbeit gehabt, sonst
614 1528 2828 1723 hätte ich Ihren Brief schon früher
608 1640 1503 1810 beantwortet.
722 1648 2833 1888 "Lisbelei, habe ich in Druck gegeben,
597 1788 2825 1969 Wenn Sie die Carreturen prompt erledigt
630 1899 2828 2047 so kann das Buch bis Ende dss. Monates
636 1974 2764 2167 fertig werden um im Moment der
647 2036 2825 2234 Aufführung zu erscheinen. Wegen
633 2131 2828 2304 der Novellette hat Ihnen Herr Dr. Bie¬
644 2267 2794 2451 geschrieben; wir möchten sie gern
2563 2304 2761 2412 uns
