2712 3239
1225 222 1514 369 SCHER
1539 197 1834 382 VERLAC
1517 469 2403 621 BERene W., DEN 29/8. 1904
404 514 639 581 TELEPHON:
392 574 641 664 AMT VI, 1662
1509 564 1946 666 BÜLOWSTRASSE 90/91
991 624 2348 756 .tai NteH mi paardüttuk enje trob ette Tefolse
1357 714 1894 843 Neazijng mejasd tjM
843 771 1652 948 Herrn Dr. Arthur Schnitzler
1619 903 1936 1033 Wien XVIII
823 953 1040 1075 Ordres
589 1050 1148 1165 Lieber Herr Doktor!
1180 1053 1360 1150 aktor!
796 1138 2470 1275 Ich habe von Lindemann noch nichts gehört. Ich vermute, er
594 1233 2502 1370 wird zündchst versuchen, auch ohne meinen Verlag fertig zu werden,
604 1310 2600 1457 ich glaube aber, es wird ihm nicht gelingen. Ich halte es für wichtig,
604 1412 2562 1532 zwischen den Autoren meines Verlages eine gewisse Gegenseitigkeit in
1644 1497 1801 1549 schen
596 1524 2517 1647 der Wahrung ihrer Interessen herzustellen, um ein wirksames Mittel
1849 1582 2111 1639 rissland sc
606 1592 2592 1712 in die Hand zu bekommen, gewissen Uebergriffen von Seiten der Theater
606 1692 2480 1836 entgegensuwirken. Wir werden ja sehen, wie weit wir damit kommen.
758 1784 2567 1909 Von der Aufführung des „Einsamen Weg“ in Amerika ist mir nichts
606 1879 2560 2003 bekannt. Wir haben den „Einsamen Weg“ durch Eintragung in das Regis-
1799 1939 1946 1996 dans une
1352 1956 1467 2013 G. A.
609 1966 2617 2088 ter in Washington schützen lassen. Ob dieser Schutz indessen ausreicht
2188 2021 2338 2076 meine
1891 2023 2096 2088 Wien xxx
611 2051 2545 2191 darüber sind sich die Gelehrten noch nicht einig. Jedenfalls dauert
2083 2113 2283 2168 rengen.
616 2121 2512 2290 der Schutz nicht länger wie ein Jahr. Für dauernden Schuts ist die
1951 2201 2455 2255 gemitzeitig besorgen.
609 2238 2505 2335 Drucklegung des ganzen Werkes in Amerika notwendig, ein Verfahren,
611 2303 2510 2443 das mehrere hundert Mark kostet und nur in solchen Fällen ausgeübt
616 2375 2607 2515 wird, wo ein in die Breite gehender Erfolg anzunehmen ist. Dieses Ver-
1524 2488 1612 2532 or the
1654 2463 2552 2612 Verk meines Verlages angewendet
619 2522 1619 2642 fahren ist noch bei keinem einzigen
1654 2557 1954 2625 in Hannove
1465 2567 1617 2617 mente
619 2557 2565 2695 worden. Sollten Sie von einer unbefugten Aufführung Nachricht bekom-
619 2680 2520 2814 men, so werde ich dagegen Einspruch erheben. Ich würde Sie bitten,
601 2767 2560 2897 wenn es aus der Notiz in der mZeit hervorgeht, mir mitzuteilen, von
2138 2852 2288 2994 li
