2661 3578
2320 505 2405 613 2.
631 719 2391 901 Korrekturbogen der „Masken und Wunder“ morgen abgehen werden
638 869 2357 965 und zwar zum Teil von hier aus und zumTeil ab Leipzig. Wir
645 963 2486 1106 bitten Sie, uns die Bogen so rasch wie möglich zurückzuschicken,
638 1055 2331 1143 weil es nur dann möglich ist, den Band rechtzeitig vor der
636 1145 2490 1253 Gesamtausgabe herauszubringen. Wir bitten Sie ferner um höfliche
640 1237 2380 1334 Benachrichtigung, ob wir Ihre Korrekturen der neuen Novellen
640 1311 2350 1426 auch für die Gesamtausgabe erwarten können, oder ob wir sie
636 1391 2189 1525 auf Grund der Einzelausgabe selbst übernehmen sollen.
781 1500 1154 1606 Wir zeichnen
1285 1569 2113 1696 mit vorzüglicher Hochachtung
2138 1643 2336 1827 kant.
