2944 3608
1271 233 1387 354 80
1468 222 1698 380 Gent
1000 328 1904 525 S. FISCHER. VERLAG
1470 594 2473 716 BERene W., DEN 26/9. 1900.
388 620 997 793 TELEPHON: AMT VI, No. 1662.
1447 685 1889 827 BÜLÖWSTRASSE 91.
2150 682 2377 796 Reis van
2121 757 2514 878 auf gezeichnet,
1891 835 2501 979 Diese ist die gefähr¬
837 868 1620 1021 Herrn Dr. Arthur Schnitzler
1953 907 2573 1072 stellt! Der Leser empfin-
1589 953 1842 1093 Wien.
2046 1008 2439 1152 tleid für das
1431 1044 1522 1163 at the
641 1070 1176 1217 Lieber Herr Doctor!
700 1111 2633 1297 Ich lasse Ihnen einliegend die diesjährige September-Abrechnung zugehen.
568 1217 2537 1447 Das Ihnen zukommende Guthaben von M 415,68 folgt gleichzeitig per Postan-
579 1377 809 1488 weisung.
677 1354 2506 1558 Für die im Laufe des Jahres bezogenen Bücher lege ich eine Rechnung
584 1499 2579 1648 über M 11,10 bei. Ich habe diesen Betrag von Ihrem Guthaben nicht gekürzt,
2101 1586 2186 1641 G.F.P.
594 1594 2558 1744 weil ich denke, es wird Ihnen angenehm sein, diese Rechnung mit den Ihnens
592 1690 2563 1829 zustehenden Freiexemplaren von Anstell über die Sie noch nicht verfügt
597 1762 2592 1946 haben, zu verrechnen. Coschall hat 20 Freiexemplare bekommen, Ihnen stehen
592 1847 2522 2020 50 Freiexemplare zu. Ich lasse Ihnen gleichzeitig 10 broschierte und 10
605 1948 2571 2098 gebundene Exemplare des „Anatol“ zugehen und eine Aufstellung über die zu
607 2054 1682 2212 Ihrer Verfügung stehenden Freiexemplare.
814 2095 2478 2271 Gleichzeitig lasse ich Ihnen per Postpaket das Manuscript von
607 2232 2522 2362 „Bertha Garlan" wieder zugehen. Ich erlaube mir bei dieser Gelegenheit,
612 2279 2558 2444 was ich schon lange auf dem Herzen habe, Ihnen einige Worte von meinem
615 2408 2560 2537 Eindruck über „Bertha Garlan" zu sagen. Vor allem beglückwünsche ich Sie
623 2511 2553 2625 zu der Kunst des Erzählens, die Sie in diesem Werke zu hoher Vollendung
620 2579 2532 2736 gebracht haben. Bertha ist eine der prachtvollsten Figuren, die Sie ge-
628 2666 2656 2834 schaffen haben. Mit überzeugender Kraft führen Sie sie aus ihrem nüchternen
625 2728 2705 2912 Alltagsleben zu dem grossen Ereignis ihres Lebens. Und dieses Erlebnis selbst
625 2840 2633 3015 der Höhepunkt des Werkes, ist mit einem seltenen poetischen Glanz umgeben.
816 3137 1098 3354 at the
