2213 3479
924 555 1123 704 142
425 877 1786 1051 schaffungen zu haben? Ihren an Wies-Mäuser gerichte-
470 1020 1735 1129 ten Brief von 6. März, den ich Miss Kaiser zur
365 1082 1764 1202 seiner Einstohtnahme und Neitersendung sohieken wollte
405 1182 1766 1303 fes war der Brief, xxx den, Miss Kaiser, als seine
396 1289 1764 1410 mi xxx resp. Ihre Vertraterin für Amerika legitimieren
354 1352 1810 1503 solltel, habe ich, wie Sie wissen, nach nicht ab-
367 1454 1824 1586 net ehingeschickt, weil ich erst diese Angelegenheiten mit
378 1555 1630 1677 ein „Jas Miss Kauser erledigt haben wollte.“
457 1612 1764 1782 Jednen seich bitte xxx mit Ihrer Antwort die Anlagen
354 1724 1450 1868 saiM nov wieder zurückzuschlokenstel meh¬
381 1784 1634 1928 Liewast seit Mitobesten:Grüssenbemed um sei neapen
401 1897 1626 2013 Ündles vieleleid, sow hausdas: Ihrü einziläge esie
443 1989 1637 2122 näl soldaainodzá ein, als flilw mehdzelne
450 2065 1630 2202 Fischer
425 2163 1630 2307 einst. Of als schon modoz lien viel st. vieledeid.
446 2252 1630 2399 gedeschrieb mich xxxab mebtiee.ür wie nederxxztev
452 2349 1624 2470 si Jädings beausk asik.dai neaeidoane edoengå
354 2432 1639 2574 sondicÖ asiM as sieiß endl esch, novab bei 18 mandi
394 2528 1634 2661 eid. möß oder dasin dois zasb meies asneb bludos
365 2623 1650 2764 -selle dois se diebend neiä.esseil meleime Fieled
448 2715 1637 2868 ¬me idilxov mondicù asit eib geleine eib zu tso
1960 922 2102 1025 re M
1989 1309 2133 1396 IIIVX
1993 1374 2142 1467 "Gazi"
1998 1557 2156 1670 toutes les
1879 1650 2167 1750 KapardreV me
1935 1742 2180 1864 ejus leau
1947 1820 2167 1931 ele
1971 1909 2178 2018 eb Idem
1929 2024 2156 2125 eils eders
1955 2095 2167 2225 Tendl am
1935 2207 2156 2309 Johannes
1935 2292 2171 2399 soe sous
1957 2381 2165 2472 gev dassi
2033 2554 2160 2655 Das Männer und Röbke, und von Bl.
