2793 3704
1091 269 1262 389 235
800 355 1884 475 S. Fischer. Verlaa. Berlin M Rülamstraße
1226 714 1378 817 233
736 777 2031 906 S. FISCHER, VERLAG,’ BERLIN W., BÜLowSTR. 90
1137 912 1643 998 THEATERABTEILUNG
1310 1041 2023 1180 BERene W., DEN...17.Dez. 1910
818 1350 1589 1477 Herrn Dr. Arthur Schnitzler
1544 1424 1853 1571 Wien XVIII
833 1605 1361 1726 Sehr geehrter Herr,
940 1698 1993 1808 wir bestätigen Ihr Geehrtes vom 15. d.
832 1803 2030 1911 M. und erlauben uns Ihnen mitzuteilen, dass
837 1911 2006 1996 Brünn "Das weite Land" vorläufig abgelehnt
838 1988 2056 2079 hat, weil wir auf der Forderung einer Garan-
853 2069 2048 2171 tie bestanden haben (eine Tantieme von 10 %
850 2147 2119 2294 hatten wir durchgesetzt). Man will sich dort
850 2242 2138 2348 nunmehr erst nach der Uraufführung entscheiden.
965 2328 2147 2444 Dagegen ist der Vertrag mit dem Hoftheater,
860 2421 2183 2572 München, gegen eine Tantieme von 10 % abgeschlos¬
865 2520 2114 2648 sen, während wir von einer Garantie, die wohl
860 2592 2152 2722 in diesem Fall nicht so sehr ins Gewicht fällt,
856 2698 2155 2813 absehen mussten. Jedenfalls haben wir jetzt im-
851 2792 2069 2945 mer an dem Tantiemensatz von 10 % unbedingt
