2207 3478
928 450 1070 619 150
437 579 1715 750 S. FISCHER,VERLAG, BERLIN W., BÜLowSTR. 90
992 792 1694 942 BERene W., DEN  19. Juni 07
785 1040 1481 1151 Herrn Dr. Arthur Schnitzler
1380 1109 1654 1236 Wien XVIII
1228 1197 1599 1322 Spöttelgasse 7
540 1292 1037 1415 Lieber Herr Doktor,
726 1412 1776 1556 heute endlich habe ich den unterzeichneten
529 1516 1729 1651 Vertrag von Miss Kensen zurückbekommen. Ich lege
510 1611 1736 1742 den Originalvertrag zur Einsichtnahme bei, bitte
522 1715 1800 1830 mir ihn aber zurückzuschicken, ich werde Ihnen dann
527 1806 1769 1937 eine Abschrift davon zusenden. Ich lege ferner die
537 1888 1825 2010 Abschrift eines Briefes von Miss Kaiser bei, der Sie
530 1985 1727 2112 über die Angelegenheit der „Liebelei“ in Amerika
537 2082 1053 2192 weiter unterrichtet.
771 2143 1796 2258 Mir fällt soeben ein, dass Ihre Abmachun-
534 2258 1763 2373 gen mit dem Copyright-Bureau in London die Rechte
537 2328 1787 2466 für Amerika nicht tangieren dürfen, d. h. dass die
529 2420 1716 2543 englischen Uebersetzungen des Copyright-Bureaus
529 2518 1691 2644 in Amerika weder gespielt noch gedruckt werden
