2679 3159
984 194 1812 325 S. FISCHER, VERLAG
1442 423 2188 587 BERene W., DEN 20/8, 1904
341 484 577 559 TELEPHON:
334 547 580 645 AMT VI, 1662
1445 547 1886 640 BÜLOWSTRASSE 90/91
610 633 1239 757 Herrn Gustav Lindemann
608 711 1381 832 Herrn Dr. Arthur Schnitzler
1414 704 1758 849 Osterole sei.
1863 734 1971 856 eld.
1381 816 1786 930 W i e n XVIII
860 888 1150 970 rter Herr!
671 877 830 991 G.H.F:F:H:D'H:
619 951 1164 1073 Lieber Herr Doktor!
1826 972 1935 1110 G.F.P.
1021 1031 1134 1120 G.H.F.P.
1230 989 1791 1115 te Zuschrift von Zs.
638 1094 2384 1183 Die Sache mit Lindemann hat ein Nachspiel gehabt: Lindemenn hat
573 1166 2447 1279 vor einiger Zeit um die Zusendung neuer Stücke für sein neues Düssel-
573 1251 2424 1365 dorfer Schauspielhaus gebeten. Ich habe ihm darauf den in Abschrift
573 1356 2438 1445 anliegenden Brief vom 2. August zugehen lassen. Auf diesen Brief ist
575 1419 2342 1578 von Lindemann der in Abschrift beiliegende Brief vom 18. August
573 1503 2373 1650 eingetroffen, worauf meine vom 19. August datierte, ebenfalls ab-
584 1639 1861 1727 schriftlich beiliegende Antwort an ihn abging.
683 1699 2373 1830 Ich lege Ihnen diese Correspondenz nur deshalb vor, damit sie
584 1788 2457 1914 orientiert sind für den Fall, dass sich Herr Lindemann an Sie direkt
587 1898 809 2003 wendet.
1073 1973 1627 2099 Mit vielen Grüssen
1629 2041 1999 2167 Ihr ergebener
1625 2228 2020 2389 Pfischer
