2458 3594
988 336 1176 457 296
517 413 1925 582 S. Fischer, Verlag, Berlin M., Bülowstrasse 90
1303 529 1616 647 17/X. 1912
608 842 1373 976 Herrn Dr. Arthur Schnitzler
1350 923 1653 1062 Wien XVIII
443 1129 988 1234 Lieber Herr Doktor,
610 1257 2275 1396 mit Direktor Beöthy in Budapest haben wir bezüglich der Ver-
457 1343 2205 1479 rechnung der Tantiemen in den ungarischen Provinten keine guten
452 1401 2226 1558 Erfahrungen gemacht. Wenn er indessen, wie Sie vorschlagen, 5000
450 1521 2319 1637 Kronen bezahlt, so ist ja in dieser Summe schon eine gewisse Sicher-
459 1618 2309 1716 heit gegeben, die noch durch weitere Kautelen gestützt werden muss.
461 1676 2316 1853 Wir werden mit ihm in Verhandlung treten. Er hat einen Konkurrenten
464 1772 2309 1941 in Revesz, der sich auch sehr lebhaft um Ihr Stück bewirbt. Können
471 1848 2321 2001 wir denn den beiden auf Verlangen den "Professor Bernhardi" zur Ein
471 1985 1785 2080 sicht schicken? Das müsste doch wohl geschehen.
668 2068 2321 2177 Ich erhalte die anliegende Auskunft, wonach Ungarn der Berne
480 2140 2270 2303 Uebereinkunft nicht beigetreten sein soll. Von wem haben Sie Ihre
473 2263 886 2402 Informationen?
668 2330 2316 2453 Ich weiss nicht, was Sie wegen der englischen Uebersetzungen
475 2416 2321 2534 Ihrer Stücke vereinbart haben und wie eine Anfrage wie die einliege
482 2544 1041 2636 zu beantworten wäre.
668 2599 2321 2706 Es wird Sie gewiss interessieren zu erfahren, dass Ihre Gesa-
485 2697 2228 2796 melten Werke gut gehen und dass meine Erwartungen erfüllt sind.
492 2757 2321 2885 Wenn bald nach dem "Bernhardi", der doch noch in diesem Jahr heraus
489 2843 2298 2994 kommen soll, auch die "Beate" als Buch erscheint, so wird der Ein-
501 2977 2309 3105 druck, dass das Gesamtwerk unkomplett geworden ist (und naturgemäs
