3221 3687
2352 143 2482 268 H
1629 226 1781 386 348
1100 344 2465 502 S. Fischer. Verlag. Berlin
957 568 2603 669 Amt Lützow 1662 u. 6162 Theaterabteilung postscheckkonto Nr. 16692
1414 630 2160 736 Berlin W 57, Bülowstraße Nr. 90
2305 694 2485 846 G.C.H.F.P.
1528 699 2086 836 Den 7. Januar 191 6
954 689 1070 871 G/X.
2079 809 2307 915 Einden
2123 883 2632 1018 nicht damit gedien
2219 972 2775 1095 xxx künftig, wenn Sie
1070 1048 1850 1178 Herrn Dr. Arthur Schnitzler
2061 1075 2411 1176 nach Lage ei
2411 1082 2549 1230 Wien
2411 1208 2630 1272 G.C.F.P.
2273 1257 2605 1358 Monsieur Même mais
1090 1252 1646 1370 Sehr geehrter Herr!
1656 1348 1766 1429 G.H.F.P.
2116 1336 2204 1424 G.C.H.F.P.P
1075 1336 2893 1498 In Abwesenheit von Herrn Fischer erlauben wir uns auf Ihr Schrei-
947 1466 2851 1616 ben vom 29. v. Mts., das erst jetzt in unsere Hände gekommen ist, zu
959 1606 2790 1697 erwidern, dass alle Bühnenvertriebsfirmen während der Kriegsmonate
2649 1646 2772 1700 G.C.H.F.F:
950 1673 2910 1776 die Tantiemen ermässigen, soweit es sich wenigstens um bereits gespiel-
959 1754 2868 1872 te Stücke handelt. Die Berechtigung dazu ist auch nicht zu verkennen,
954 1833 2839 1951 weil in der Tat die Einnahmel der Theater, wie die Kassenrapporte be-
950 1958 2718 2059 weisen, so stark gesunken sind, dass von einer Bereicherung der
954 2000 2817 2133 Direktionen nicht gesprochen werden kann. Mit wenigen Ausnahmen ist
962 2116 2809 2248 die Lage so, dass lediglich im Interesse der Schauspieler überhaupt
957 2226 2817 2312 gespielt wird und es unterliegt keinem Zweifel, dass die Bühnen ge-
962 2295 2822 2445 zwungen werden, ganz zu schliessen, wenn ihnen jedes Entgegenkommen
969 2411 1373 2526 versagt würde.
1117 2440 2900 2595 Aus diesen Erwägungen heraus haben wir, bevor Ihr Schreiben ein-
962 2571 2760 2694 gelaufen ist, eine Anzahl von Verträgen zu niedrigeren Sätzen als
959 2667 2522 2763 üblich abgeschlossen, worüber wir die Berichte beifügen.
1119 2716 2819 2856 Im allgemeinen dürfte die Lage so liegen, dass wir in einigen
954 2831 2822 2954 Fällen zwar die regulärenfantiemensätze erzwingen können, in allge-
952 2918 2927 3038 meinen aber nachgeben müssen, wenn wir überhaupt neue Abschlüsse machen
964 3006 2711 3129 wollen. Es liegt auf der Hand, dass die Theater, welche bereits
