2621 3451
799 372 1649 545 S. FISCHER, VERLAG
1801 611 2128 731 2. Sept. 1905
1263 600 1728 748 BERene W., DEN
164 709 399 775 TELEPHON:
1263 724 1703 820 BÜLÖWSTRASSE 90/91
162 758 404 872 AMT VI, 1662
1087 946 1790 1085 Herrn Dr. Arthur Schnitzler
1598 1025 1976 1149 Wien XVIII
1639 1128 2017 1224 Spöttelgasse 7
882 1263 1380 1367 Lieber Herr Doktor!
669 1346 2222 1489 Anliegend überreiche ich Ihnen die diesjährige Abrechnung, sie
1656 1423 2224 1566 für Sie ab. Den Betrag
596 1465 1664 1600 schliesst mit einem Guthaben von M. 3400.-
1658 1523 1743 1568 G.C.H.
602 1538 2175 1692 überweisen wir Ihrem Conto bei der K. K. Priv. Allgem. Oesterr.
605 1658 1271 1777 Bodencredit-Anstalt, dort.
724 1647 2397 1848 In der diesmaligen Abrechnung habe ich, um in Zukunft die Schwierig-
613 1788 2331 1978 keiten der Verrechnung zu vermeiden, es vorgezogen, alle Resthonorare
615 1906 2267 2061 auszugleichen, so dass wir glatt abschliessen und in Zukunft Alles,
622 1961 2252 2143 was wir drucken, gleich voll honorieren. Auch finden Sie in dieser
628 2087 2346 2247 Abrechnung für zwei neue Auflagen der „Frau des Weisen“, die wir soe-
628 2179 2217 2335 ben drucken (5. und 6. Auflage) das Honorar voll gutgeschrieben.
752 2245 2299 2395 Ich habe mir vor einiger Zeit erlaubt, Ihnen mitzuteilen, dass
645 2339 2348 2499 wir nur von der ersten Auflage die vertragsmässigen 150 Freiexemplare
634 2410 2256 2604 drucken, dass wir dagegen bei späteren Auflagen auf den Druck von
630 2549 2286 2698 Freiexemplaren verzichten und uns nur vorbehalten, in Bedarfsfalle
632 2634 2232 2790 später einmal wieder etwa notwendige Freiexemplare herzustellen.
654 2698 2275 2860 Ge geschieht das, um den Geschäftsbetrieb zu vereinfachen. Da ich
652 2807 2271 2978 keine Freieremplare drucke, habe ich unterlassen, Ihnen weiterbin
