2116 3049
532 425 1751 590 S. FISCHER,VERLAG, BERLIN W., BÜLowSTR. 90
1074 644 1749 760 BERene W., DEN 31. Jan. 07
883 908 1587 1013 Herrn Dr. Arthur Schnitzler
1375 986 1645 1087 Wien XVIII
1261 1063 1623 1148 Spöttelgasse 7
1410 1124 1550 1185 G.C.F.P.
663 1193 1161 1299 Lieber Herr Doktor,
845 1270 1823 1379 ich habe meinem Vertreter nach New-York
624 1358 1819 1493 geantwortet. Es ist allerdings nicht wahrschein-
629 1480 1826 1600 lich, dass etwas bei der Sache herauskommt, aber
627 1574 1583 1700 ich wollte doch nichts versäumt haben.
801 1675 1802 1783 Auf das Anerbieten von Ehemann kann ich
629 1751 1792 1851 nicht eingehen. Es ist ja noch garnicht sicher,
638 1865 1879 1970 ob ich die Gedichte von Ebermann drucke, er bat es
635 1927 1825 2065 nicht der Mühe wert gehalten, mir das Manuscript
640 2025 1734 2152 zu schicken, und ich denke, das ist doch die
650 2113 1792 2247 erste Frage. Ich habe Herrn Ebermann damals ge-
657 2201 1829 2323 schrieben und ihm zu verstehen gegeben, dass ich
689 2321 1813 2424 ich nur prinzipiell äussern kann, und dass ich
755 2377 1731 2512 Anerbieten von Gotta für durchaus billige
