2207 3478
890 479 1027 624 152
392 622 1685 759 S. FISCHER, VERLAG,’ BERLIN W., BÜLowSTR. 90
1329 737 1651 880 14. Sept. 07
964 832 1305 937 BERene W., DEN.
600 1056 1296 1208 Herrn Dr. Arthur Schnitzler
1287 1200 1563 1277 Wien XVIII
1266 1261 1632 1369 Spöttelgasse 7
608 1377 1095 1490 Lieber Herr Doktor.
766 1472 1759 1622 mir werden also mit dem „Ruf des Lebens“
508 1487 710 1604 G.C.H.F.P
443 1571 564 1633 P.S.
508 1582 1693 1672 nach Ihren Wünschen verfahren. Anliegend finden
516 1643 1698 1753 Sie den Vertrag, ich bitte mir ein Exemplar mit
516 1774 1600 1875 Ihrer Unterschrift versehen zurückzusenden.
716 1861 1724 1961 Es freut mich, Ihnen mitteilen zu können,
531 1941 1675 2045 dass wir von „Frau Bertha Garlan“ wieder einen
1411 2011 1508 2054 o
909 2006 1216 2074 auch verwärtigung
531 2038 1692 2141 Neudruck veranstalten. Ich werde zwei Auflagen,
529 2112 1777 2241 die 6. und 7. Auflage, drucken lassen, um für die-
531 2219 1661 2337 ses Buch von neuem wirken zu können. Auch von
531 2306 1717 2427 „Anatol“ drucken wir zwei weitere Auflagen, die
529 2372 1667 2516 9. und 10. Auflage. Das Honorar von M. 2500.-
529 2496 1751 2590 überweisen wir Ihrem Conto bei der Allg. Oesterr.
522 2586 1176 2698 Bodenoreditanstalt, Wien.
