2983 3461
1421 192 1511 331 33
1330 336 1421 444 18
1206 410 2162 657 VERLAG, HOFBURCHHANDLUNG
788 449 1190 607 S. FISCHER.
1500 557 2559 820 Berlin Verdon 26/6 1895
444 633 1558 872 z. Zt. Ostseebow Heringsdow,
1603 741 2039 878 Steglidner Stoasse 491.
1800 788 2244 922 Fernsprechte: Amt Vb. 1662.
1230 799 1787 964 Lindenstr. x
809 896 2549 1138 Sehr geehrter Herr Doctor! also
578 1035 2696 1311 Ihr Brief ist mir hierher nachgeschickt worden
610 1164 2612 1361 und ich freue mich, dass wir nun doch
589 1287 2617 1506 Ihre "Kleine Comödie" in der freien Bühne
589 1390 2591 1637 abdrucken können. Ich habe Herrn Dr Bie
586 1519 2656 1732 Ihre Wünsche betr. der drei Conrecturatzüge
610 1626 2567 1813 mitgetheilt; es wird von Berlin aus alles
612 1760 2312 1952 nach Ihrem Wunsch besorgt werden
615 1860 2662 2113 Mit der Reproduktianstechnik die Herr Zasche
646 1992 2606 2210 Vorschlägt, bin ich einverstanden, nur
612 2113 2635 2325 wäre es sehr gut, wenn wir uns auch über
612 2194 2591 2483 Das Buchformat vorher verständigten, da
636 2310 2622 2575 die Zeichnungen auf das format Rücksicht
2357 2420 2515 2507 leur
1921 2451 2055 2533 aber
638 2478 2662 2628 nehmen müssen in der welchen Reglingungs-
791 2591 2675 2775 Wenn Sie den Contract vorerst nur auf
644 2696 2635 2906 drei Jahre abschließen wollen, so ein
652 2801 2649 3001 ich auch damit einverstanden, da ich
660 2911 2693 3145 nicht daran zweifle dan sich aus eine
667 3003 2638 3300 Contractperiode eine dauernde Verbindung
