2728 3128
1601 443 1771 537 ILIN W.
376 468 613 554 TELEPHON:
699 443 1912 611 Ich kand sit Recht gelteid xxx BUL0WSTRASSE 90/91
369 540 611 653 AMT VI, 1662
722 570 1644 715 bezüglich der „Toten Stadt" anzunehme.
713 673 1709 805 Sosse im vorbissig zablbar sei. Ob wir
673 763 1873 893 aber da vorläufig Herrn Dr. Arthur Schnitzler
1787 849 2046 976 Wien
715 846 1393 973 Standpunkt stellen, so kann
1737 943 1880 1052 G.C.H.F.F:H.HF.H:F:D'H:H4
692 932 1635 1132 Lieber Herr Doktor!
1172 1036 1400 1132 it besten
814 1049 2509 1192 Ich habe den Syndikus des Börsenvereins für den Deutschen Buchhandel
706 1162 2447 1273 in der Copyright-Frage konsultierland beehre sich, Ihnen die Abschrift
694 1275 2477 1388 dieses Gutachtens zu überreichen. Dieses Gutachten stisst mit seiner ur¬
680 1363 1603 1485 sprünglichen Auffassung und Auslegung
694 1437 2546 1587 allen Grund habe, in die Auffassung Lederers Zweifel zu setzen. Ich glaube
685 1557 2530 1658 nunmehr, dass wir keine Veranlassung haben, anzunehmen, das Copyright für
713 1642 2484 1769 den „Einsamen Weg“ sei unwirksam. Sollte demnach eine unberechtigte Auf
687 1714 2364 1868 führung in Amerika stattfinden, so werde ich nicht Säumen, in Klage
717 1822 1575 1944 die Sache endgiltig festzustellen.
858 1910 2131 2020 Vor einigen Tagen haben wir von Frau Rehloff-Linden
722 2016 2258 2136 wegen des „Einsamen Weg“ in den Städten Graudenz, Insterburg,
722 2080 2373 2242 Wemel, Tilsit gekommen. Ich lege eine Abschrift seiner Antwort be¬
710 2161 2039 2322 der Sie ersehen wollen, dass ich sich zunächst auf den
1402 2285 1967 2366 noch gebunden zu sein,
733 2290 1324 2417 habe, Lindesann gegenüber
731 2401 1181 2518 nicht Alles verge¬
736 2484 999 2599 ich weiss.
