2729 3223
1306 160 1402 233 116
1160 215 1498 400 FISCHER
1528 192 1885 403 VERLAG
2079 274 2178 430 19
2185 302 2525 508 1)1,07
1910 409 2098 522 21/12.
1475 448 2354 599 BERene W., DEN 14. Nov. 1903
373 510 613 588 TELEPHON:
371 576 620 675 AMT VI, 1662
1503 581 1963 691 BÜL àWSTRASSE 90/91.
705 739 1457 910 Herrn Dr. Arthur Schnitzler
1800 762 1880 867 G.C.P.
812 851 1572 970 Herrn Dr. Arthur Schnitzler
1544 931 1864 1043 Wien XVIII.
849 938 1338 1096 Sehr geehrter Herr
807 1055 1354 1164 Lieber Herr Doktor!
945 1148 1068 1212 Dorins
659 1141 904 1244 Die Beant
782 1160 2441 1331 Ich überreiche Ihnen anliegend den Vertrag für den Bühnenver-
650 1288 2400 1405 trieb Ihres neuen Schauspiels und bitte, falls Sie an dem Inhalt
643 1352 2397 1464 dieses Vertrages nichts auszusetzen haben, um Rücksendung eines
643 1455 1807 1590 Exemplars mit Ihrer Unterschrift versehen.
782 1510 2393 1663 Sehr leid thut es mir, dass Sie über Russland schon verfügt
640 1636 2365 1766 haben, denn ich hätte Ihnen, wie ich schon früher erwähnt habe,
643 1727 2404 1853 ein möglichst grosses Maass von Sicherheit für den Schutz bieten
705 1803 817 1855 G. P.
638 1839 2374 1942 können. Ich hoffe, dass Ihre Vereinbarung für Russland sich nur
640 1887 2464 2020 auf dieses eine Werk bezieht und dass ich im nächsten Jahr Gelegen-
631 1995 2470 2121 heit haben werde, Sie von den Vorteilen, die Ihnen durch meine Ein-
647 2072 2288 2178 richtungen in Russland geboten werden können, zu überzeugen.
775 2146 2459 2299 Das Copyright für Amerika hoffe ich noch rechtzeitig besorgen
1700 2258 1933 2363 Stattgart
588 2230 933 2395 zu können.
956 2251 1366 2393 Graz, Dresdese
775 2308 2436 2468 Den Satz Ihres Werkes lasse ich beschleunigen, ich denke, in
640 2436 1839 2569 8 Tagen haben sie das ganze Werk in Händen.
778 2503 2390 2649 Bezüglich des Deutschen Theaters in Hannover ist nach Ihrem
640 2621 1903 2752 Wunsche verfahren worden. Theater zu Mannover
1020 2697 1972 2814 Mit herzlichen Grüssen
1336 2793 1617 2912 gebenen Frauen
1668 2775 1954 2912 Ihr ergeben
1784 2848 2363 3001 Fische
