2659 3511
882 770 2155 952 habe. Wir sind sicher, dass die Textbücher dadurch
889 917 2218 1010 nicht in den Buchhandel kommen und die Originalbücher
889 1017 2178 1101 nicht schädigen. Technisch lässt sich die Sache ge¬
894 1068 2183 1221 nau so gut machen, wenn Musik und Textbuch getrennt
904 1183 2188 1315 ist. Nun, das ist ja vorbei, und ich erwähne es nur,
907 1289 1591 1400 damit Sie orientiert sind.
1083 1365 2201 1485 Haben Sie sich denn ausdrücklich vorbehalten,
892 1451 2163 1577 dass der „Tapfere Cassian" nicht im Buchhandel ver¬
887 1549 2221 1654 kauft werden darf? Es würde nicht nur eine Schädigung
889 1636 2127 1748 der Originalausgabe, sondern auch eine Verwirrung
897 1745 2165 1858 Platz greifen, wenn zwei Ausgaben desselben Buches
896 1833 2206 1959 auf den Markt kommen. Das Textbuch darf nur als Text
897 1932 1639 2052 fürs Theater verkauft werden.
1232 2010 2012 2098 Mit schönsten Weihnachtsgrüssen
1568 2118 1926 2188 Ihr ergebener
1569 2239 2059 2418 S. Fischer
