2740 3176
611 315 1968 465 perfekt zu betrachten, weil juristisch eine neue
1898 424 2338 528 oder ablehnen
620 433 1859 607 Offerte hinzugekommen war, die Lindemann anneh-
623 537 843 644 konnte.
697 590 2371 711 Is tut mir sehr leid, dass wir auf diese Weise keine Handhabe
1373 692 1537 748 G.H.F.P.
894 701 1273 759 abmhaftsfehlen
623 694 2477 813 gegen Lindemann haben, aber andererseits brauchen wir uns doch keine
627 778 2398 924 Vorwürfe darüber zu machen, dass wir auf die Bedingung Lindemanns
620 847 2403 975 nicht eingegangen sind, denn ob wir im Jahre 1906 etwas hätten be-
634 975 2431 1060 kommen können, das liess sich im Februar dieses Jahres bei dem Cha-
627 1026 2459 1153 rakter des Unternehmens von Lindemann wirklich nicht mit Sicherheit
627 1151 2482 1252 feststellen. Später haben wir noch einmal mit Lindemann anzuknüpfen
639 1215 2470 1333 versucht, wir hatten ihm angeboten, zunächst nur 3000 Mark vorauszu-
634 1299 2428 1419 zahlen und den Rest nach Ablauf des Contracts. Dass Lindemann auch
637 1396 2410 1542 dieses Angebot abgelehnt hat, ist ja der beste Beweis dafür, dass
646 1484 2118 1634 er einen Weg suchte, um sich aus der Affäre zu ziehen.
722 1533 2470 1732 Sie fragen, ob es mir unangenehm wäre, wenn die drei Hovelletten,
641 1669 2438 1789 die Sie in einem Band beim Wiener Verlag erscheinen lassen wollen,
644 1755 2486 1877 später in grösseren Novellenbänden in meinen Verlag aufgenommen ver-
651 1829 2417 1958 den. Angenehm wäre es mir freilich nicht, denn einmal würde jedem
646 1898 2509 2060 Novelleband, der Arbeiten enthielte, die schon in anderer Buchform am
648 1989 2479 2137 erschienen sind, der Reiz der Originalität genommen, und dann liegt
657 2109 2412 2225 doch auch eine gewisse Irreführung des Lesers darin, dass er eine
646 2183 2435 2310 Novelle in zwei verschiedenen Büchern findet. Das würde hier um so
648 2269 2417 2401 mehr ins Gewicht fallen, als doch die Bände dieser Bibliothek auf
662 2366 2415 2500 eine grosse Verbreitung angewiesen sind und - neben der späteren
648 2433 2482 2572 Buchausgabe bei mir — noch immer weitere Verbreitung suchen und fin-
662 2521 2449 2655 den würden. Ich will Ihnen nicht sumuten, auf ein hohes Honorar zu
662 2618 2380 2757 verzichten, das Sie vielleicht nach Lage der Sache bei mir für
660 2720 2468 2898 diese drei Nevelletten nicht haben könnten; aber vielleicht ist der
