2299 3415
1103 262 1456 433 VERLAG
550 262 1065 447 S. FISCHER
30 274 178 576 ¾
1674 496 1976 639 8. Okt. 07
1077 492 1496 639 BERLIN W., DEN
37 548 272 651 TELEPHON:
1068 618 1541 712 BÜLÖWSTRASSE 90
37 637 276 726 AMT VI, 1662
709 855 1409 974 Herrn Dr. Arthur Schnitzler
1566 864 1662 953 G.F.P.
1405 936 1683 1028 Wien XVIII
1393 1002 1768 1133 Spöttelgasse 7
286 1136 775 1285 Lieber Herr Doktor,
475 1311 2063 1402 ich biete Ihnen für den Vorabdruck Ihres Remans in der Rundschau
295 1386 2112 1489 ein Honorar von 10,000 Mark an, ein Honorar, das wir bisher noch nicht be-
297 1491 2177 1632 zahlt haben und das einstweilen auch noch nicht in Verhältnis zum Budget die¬
1599 1541 2119 1667 — Gesenvottlauf, bei
290 1641 2140 1733 dem manchmal weniger sachliche als verlagspolitische Absichten mitsprechen,
288 1730 2149 1838 ein höheres Angebot gemacht sein, so haben Sie wohl die Güte, nicht davon zu
295 1824 2138 1913 benachrichtigen. Ihr Roman ist für unsere Zeitschrift eine Lebensfrage. Wir
288 1892 2067 2030 möchten, wenn es sich irgendwie machen lässt, auf den Abdruck nicht ver-
286 1995 2126 2079 zichten. Die Rundschau bietet, wie keine andere Zeitschrift, den würdigsten
281 2091 2079 2189 Rahmen für Ihr Werk und, was für die Wirkung von nicht geringer Bedeutung
276 2168 2095 2273 ist, die Möglichkeit, grosse Abschnitte in jeden Heft zu veröffentlichen.
281 2255 2142 2369 entgegen der Zersplitterung in kleinere und kleinste Fortsetzungen im Tages-
276 2327 801 2468 und Nochenschriften.
440 2423 2126 2543 Für die Buchausgabe erkläre ich sich bereit, zehn Auflagen vorher zu
267 2529 2023 2622 honorieren. Der Modus der Auflagengarantie, der jetzt von mancher Seite
269 2622 2098 2725 versucht wird, hat für den Amter auch eine unangenehne Seite; denn schlägt
262 2714 2023 2828 das Werk nicht ein, so könnte der Verleger in die Situation kommen, den
