2930 3544
1505 290 1788 428 VERLAG
1131 423 1904 544 S. FISCHER, VERLAG
1455 512 1585 609 e
1573 558 2571 797 BERLIN W., den 23. November 189.8.
524 631 952 841 Telephon: Amt VI. No. 1662.
1841 756 1938 829 se 91.
1087 1003 2322 1177 Herrn Dr. Arthur Schnitzler.
1962 1111 2262 1256 Wien.
1803 1157 1950 1288 "
1092 1182 1653 1406 Lieber Herr Doktori
945 1331 2566 1505 Sie verlangen für den Abdruck des „Grünen Kakadu“ in der
693 1450 2552 1583 Neuen Deutschen Rundschau 500 Mark: diese Summe geht zwar weit über
696 1532 2639 1713 unseren Etat:/ ich möchte aber mit Ihnen nicht handeln und erkläre mich
829 1660 2523 1810 diesem Honorar einverstanden, da ich grossen Wert darauf lege.
701 1723 2641 1890 eine grössere Arbeit von Ihnen in unserer Rundschau zu veröffentlichen
703 1807 2583 1974 Ueber alles Weitere, insbesondere über den Termin des Abdrucks, wird
713 1928 2037 2051 sich Bie mit Ihnen in direkte Verbindung setzen.
1097 1996 1643 2131 Mit besten Grüssen
1819 2056 2206 2177 Ihr ergebener
1943 2119 2532 2298 Fische
667 2740 2527 2970 unsere 1000 zahlenden Abonnenten
672 2871 2506 3054 lassen einen solchen Flouararsatz,
718 2982 2496 3144 auch nicht annähernd zu
