2944 3608
539 474 2563 696 Nicht minder hat mich das Ehepaar Rupius entzückt, über dessen Beziehungen
539 600 2527 775 der Duft wehmütiger Resignation gebreitet ist. Alle diese Gestalten haben
550 620 2576 869 Sie mit einem Charme ausgestattet, der dem Werke einen hohen Reiz verleiht.
544 793 2535 950 Die Episodenfiguren aus dem Milieu der Kleinstadt sind scharf gezeichnet,
560 851 2525 1031 wenn auch etwas karikaturistisch. Mit welcher Delikatesse ist die gefähr-
565 912 2603 1092 lichste Stelle, die Krankheit der Frau Rupius dargestellt! Der Leser empfin-
572 1026 2462 1200 det ### die grösste Sympathie und das tiefste Mitleid für das
570 1119 2530 1274 Schicksal dieser Frau und ich finde es sehr gut, dass die Reflexion über
580 1180 2479 1360 das tragische Ende dieser Frau erst am Schluss, ganz nebenher auftritt
577 1269 2449 1461 und infolgedessen dem Werk keinen tendenziösen Beigeschmack verleiht.
691 1375 2545 1547 Vielleicht sollte aber im Titel des Buches etwas von diesem Gedanken
590 1469 2598 1636 anklingen, etwas von dem kargen Liebesglück des Weibes, von der armseligen
590 1565 2540 1735 Liebe der beiden Frauen. Der Titel „Bertha Garlan“ ist wohl nur ein Ver¬
608 1626 2568 1836 legenheitstitel, er trifft schon darum nicht zu, weil im Vordergrunde der
595 1773 1669 1907 Handlung eigentlich zwei Frauen stehen.
737 1770 2563 2011 Ich freue mich sehr auf die Veröffentlichung dieses Werkes, ich bin
598 1894 2558 2077 sicher, dass es die gleiche Wirkung auf jeden andern Leser ausüben wird.
1081 2034 1611 2155 Mit besten Grüssen
1345 2077 2289 2312 Ihr ergebend
1925 2218 2629 2446 Sfischer.
684 3059 1915 3345 gleich für beide Auflagen? Bei
