2930 3544
1638 318 1855 451 VERL
1380 290 1614 456 CHER.
1595 524 2446 729 BERene W., DEN 10/10. 99
651 598 1076 714 ION: AMT VI, No. 1662.
1556 661 2005 818 BÜLÖWSTRASSE 91.
1139 890 1812 1086 Lieber Herr Doctor!
1689 1011 1785 1057 G.F.P.
1033 987 2593 1131 Costheils Stärke scheint die Bleistiftzeichnung zu sein.
704 1093 2596 1264 Ich möchte nicht, dass er sich in der Téchnik Gewalt anthut; er wird
697 1209 2596 1368 also bei der Bleistiftzeichnung bleiben können. Der Sicherheit wegen
719 1276 2618 1450 wäre es mir sehr lieb, wenn mir Coschall sogleich eine seiner (ferti-
724 1373 2661 1539 gen) Bleistiftzeichnungen schicken wollté, um diese Zeichung probewei¬
724 1452 2625 1614 se reproduzieren zu lassen (durch Aetzung resp. Autotypie-Verfahren).
719 1566 2622 1679 wodurch etwaige Mängel seiner Technik für dieses Reproductionsverfah-
724 1650 1677 1788 ren rechtzeitig zu erkennen wären.
1062 1742 2104 1901 300 Mark gehen morgen an Coschall ab.
1332 1819 1836 1983 Mit besten Grüssen
1831 1891 2261 2029 Ihr ergebener
1773 1981 2355 2232 Fdisch
