2631 3239
1046 207 1207 293 268
573 257 1971 441 S. Fischer, Verlag, Berlin M., Bülowstrasse 90
1608 430 2044 580 den 14/2. 1912
668 812 1446 950 Herrn Dr. Arthur Schnitzler
1410 898 1539 1030 Wien
496 1007 1039 1219 Lieber Herr Dekter,
591 1135 2276 1312 ich habe Gelegenheit gehabt, mit Brahm und mit Xerr über unser
507 1226 2335 1421 Prejekt zu sprechen. Ueber die idellen Chancen des Unternehmens be-
518 1323 2312 1478 steht kein Zweifel, über die materiellen Chancen können die Herren
516 1414 2267 1605 natürlich nichts aussagen. Ich meine, wir können die Sache ruhig
525 1498 2328 1660 unternehmen. Wir müssen dann eventl. noch im Frühjahr mit der ers-
525 1592 2337 1758 ten Serie der erzählenden Schriften herauskommen, die zweite Serie
528 1680 2324 1826 kann dann im Winter erscheinen. Die zweite Marie müsste aber doch
546 1760 2294 1951 unbedingt auf drei Bände verteilt werden, sonst wird das Werk zu
553 1946 728 2049 teuer.
659 1933 2324 2128 Bitte überlegen Sie noch einmal und lassen Sie mich endgiltig
564 2019 2224 2185 wissen, ob Sie die Ausführung des Planes wünschen oder nicht.
696 2110 2260 2281 Ich habe mich mit dem Intendanten Putlitz vom Stuttgarter
564 2196 2353 2383 Heftheater wegen der geplanten Massnahmen des Deutschen Bühnenver-
580 2308 2367 2456 eins aus Anlass Ihres 50. Geburtstags in Verbindung gesetzt.
573 2406 2399 2551 Sie ersehen aus dem anliegenden Briefe (den ich zurück erbitte) das
582 2481 2358 2651 Weitere. Es scheint mir ratsam, dass ich auch meinerseits an die
589 2588 2399 2758 Bühnen rechtzeitig ein Zirkular erlasse. Bitte lassen Sie mich noch
598 2667 2369 2840 einmal wissen, welche Stücke ich den Bühmen für diese Gelegenheit
598 2815 1080 2935 vorschlagen soll.
