2256 3527
1147 246 1366 381 212
1002 296 1177 491 204
1055 477 1201 595 195
499 567 1794 707 S. FISCHER,VERLAG, BERLIN W., BÜLowSTR. 90
897 657 1412 790 THEATERABTEILUNG
1084 780 1780 933 BERene W., DEN 25. Mai 1909
651 1002 1458 1131 Herrn Dr. Arthur Schnitaler
1388 1075 1714 1194 Wien XVIII
676 1242 1408 1388 Sehr geehrter Herr Doktor,
734 1322 1818 1493 wir haben Ihnen die ungarische Anfrage
603 1405 1948 1597 paemFalentin) sugeschickt, weil es sich hier um
603 1524 1940 1675 ###Uebersetzung in die ungarische Sprache han-
606 1612 1930 1775 delt. Eirich könnte das zwar besorgen, es liegt
600 1714 1920 1848 über seine Veranlassung dazu vor, ihn damit zu
623 1790 1965 1952 befassen; denn Valentin ist ja selber Agent und
635 1852 1964 2010 erstritt eventuell, falle wir mit ihm abschlies-
639 1976 1996 2120 seni in die Rechte des Uebersetzers ein, d. h., er
640 2038 1911 2207 wie wir vorschlagen würden, die Hälfte
649 2152 1891 2304 eingehenden Tantiemen zu besahlen, die
652 2230 2022 2368 Untersteidungskosten zu besorgen und a Conto Ihrss
666 2304 2033 2468 ###ananantetie M. 500.- in bar vorauszubezahlen.
673 2397 1996 2553 Einen xxx xxx wir nicht xxx
678 2446 2011 2650 auch xxx xyz xxx
680 2552 2042 2759 in einem früheren xxx den Abschluss mit xxx
