2743 3415
2127 95 2388 241 Vied
529 233 2454 432 München. Leipzig, etc. falls es mit jenen Städten vor der Berliner Erst-
524 379 2426 517 aufführung zu einem Abschluss kommen sollte, möglich sein wird, wissen
529 464 2446 602 wir nicht. Doch dürfen Sie überzeugt sein, dass von hier aus alles ver-
532 554 2461 692 sucht werden wird, um auch Ihren materiellen Interessen so sehr als mög-
532 640 2551 780 lich zu nützen. Das Copyright wird Ihnen keine Ausgaben verursachen, da die
532 735 2479 886 Deponierung eines Exemplars in Washington nur einen ganz geringen Betrag
537 861 805 988 ausmacht.
622 898 2484 1051 Was die Garantieen bei einem eventl. Abschluss mit kleineren Provinz-
542 1001 2491 1157 Städten anbelangt, so muss natürlich in jedem einzelnen Falle den beson-
554 1076 2501 1207 deren Bedingungen und der pecuniären Lage des Theaters Rechnung getragen
549 1162 2491 1300 werden. In Städten wo zwei Bühnen miteinander in Concurrenz sind, lassen
559 1269 2506 1402 sich natürlich bessere Resultate erzielen, als da, wo eine Theater-Direk-
1739 1360 1831 1448 G.F.P.
564 1392 1483 1490 tion das Theater-Monopol besitzt.
640 1415 2526 1583 Sollten Sie besondere Wünsche für die Placierung haben, so bitten wir,
562 1553 1420 1681 uns davon Mitteilung zu machen.
1473 1621 2140 1739 Mit verbindlichem Gruss
1578 1703 2057 1819 hochachtungsvoll
1565 1801 2042 1907 THEATERABTEILUNG
1608 1872 1997 1927 VERLAG UND VERTRIES
1598 1897 2042 1989 DRAMATISCHER WERi###
1586 1969 2178 2168 Dr. Joh. Schmidl
705 2183 845 2275 Fland
710 2263 878 2378 Monsieur
1337 2592 1505 2702 D'erhans
1184 2594 1282 2709 P.
1322 2682 1528 2802 gestel
1846 2862 1937 2978 .0.
