<?xml version="1.0" encoding="UTF-8" standalone="yes"?>
<PcGts xmlns="http://schema.primaresearch.org/PAGE/gts/pagecontent/2013-07-15" xmlns:xsi="http://www.w3.org/2001/XMLSchema-instance" xsi:schemaLocation="http://schema.primaresearch.org/PAGE/gts/pagecontent/2013-07-15 http://schema.primaresearch.org/PAGE/gts/pagecontent/2013-07-15/pagecontent.xsd">
    <Metadata>
        <Creator>prov=READ-COOP:name=TrHtr:version=2.1.0:model_id=51170:date=26_07_2023_22:27</Creator>
        <Created>2023-05-02T08:09:32.038+02:00</Created>
        <LastChange>2023-07-26T22:27:10.924+02:00</LastChange>
        <TranskribusMetadata docId="1416742" pageId="54953730" pageNr="164" tsid="131084389" status="IN_PROGRESS" userId="64420" imgUrl="https://files.transkribus.eu/Get?id=GWKINMNRDJMOZUONSKONORJV&amp;fileType=view" xmlUrl="https://files.transkribus.eu/Get?id=WQLDDTMGFBMXAFAVIRYLTTVU" imageId="44457455"/>
    </Metadata>
    <Page imageFilename="1416742_0164.jpg" imageWidth="2709" imageHeight="3464">
        <ReadingOrder>
            <OrderedGroup id="ro_1711827155769" caption="Regions reading order">
                <RegionRefIndexed index="0" regionRef="tr_1"/>
                <RegionRefIndexed index="1" regionRef="tr_2"/>
            </OrderedGroup>
        </ReadingOrder>
        <TextRegion id="tr_1" custom="readingOrder {index:0;}">
            <Coords points="639,287 2460,287 2460,1759 639,1759"/>
            <TextLine id="tr_1_tl_1" custom="readingOrder {index:0;}">
                <Coords points="1910,356 1933,354 1969,372 1984,369 2005,385 2027,363 2039,363 2018,216 1957,218 1951,228 1946,223 1930,228 1910,252 1894,252"/>
                <Baseline points="1920,337 1964,340 2009,352 2042,349"/>
                <TextEquiv>
                    <Unicode>24</Unicode>
                </TextEquiv>
            </TextLine>
            <TextLine id="tr_1_tl_2" custom="readingOrder {index:1;}">
                <Coords points="626,509 2156,496 2385,469 2388,421 1865,354 1345,423 631,387"/>
                <Baseline points="639,504 645,504 689,504 734,504 779,501 824,501 868,501 913,498 958,495 1003,492 1048,492 1092,489 1137,486 1182,486 1227,486 1272,483 1316,483 1361,483 1406,480 1451,480 1496,477 1540,477 1585,474 1630,471 1675,468 1720,468 1764,468 1809,468 1854,468 1899,465 1944,465 1988,465 2033,462 2078,459 2123,459 2167,459 2212,459 2257,456 2302,453 2347,450 2391,453"/>
                <TextEquiv>
                    <Unicode>über nur erforderlich sein, in den Verträgen ein grösseres Maass</Unicode>
                </TextEquiv>
            </TextLine>
            <TextLine id="tr_1_tl_3" custom="readingOrder {index:2;}">
                <Coords points="633,604 2149,572 2203,527 2122,480 1687,473 637,520"/>
                <Baseline points="648,594 686,594 731,594 776,591 821,591 866,588 910,585 955,582 1000,582 1045,579 1089,579 1134,579 1179,576 1224,576 1269,573 1313,570 1358,570 1403,570 1448,567 1493,567 1537,564 1582,561 1627,561 1672,561 1717,558 1761,558 1806,558 1851,555 1896,555 1941,552 1985,552 2030,549 2075,546 2120,546 2165,546 2209,546"/>
                <TextEquiv>
                    <Unicode>von Sicherheit für die Controlle zur Bedingung zu machen.</Unicode>
                </TextEquiv>
            </TextLine>
            <TextLine id="tr_1_tl_4" custom="readingOrder {index:3;}">
                <Coords points="775,692 926,728 1110,667 2338,644 2354,543 777,619"/>
                <Baseline points="788,674 833,674 877,674 922,674 967,674 1012,671 1057,668 1101,668 1146,665 1191,662 1236,662 1281,662 1325,659 1370,659 1415,653 1460,653 1505,653 1549,650 1594,650 1639,648 1684,648 1729,645 1773,642 1818,642 1863,642 1908,639 1952,639 1997,636 2042,633 2087,633 2132,633 2176,633 2221,630 2266,627 2311,627 2356,621"/>
                <TextEquiv>
                    <Unicode>Im Uebrigen ist aller Geschäftsverkehr hier und bei Ihnen</Unicode>
                </TextEquiv>
            </TextLine>
            <TextLine id="tr_1_tl_5" custom="readingOrder {index:4;}">
                <Coords points="637,786 2406,743 2408,653 1169,671 926,728 640,678"/>
                <Baseline points="650,773 662,770 707,770 752,767 797,767 842,764 886,764 931,761 976,761 1021,761 1066,758 1110,755 1155,752 1200,749 1245,749 1290,749 1334,746 1379,746 1424,743 1469,743 1514,740 1558,737 1603,737 1648,734 1693,734 1737,734 1782,731 1827,728 1872,725 1917,725 1961,722 2006,722 2051,719 2096,719 2141,716 2185,716 2230,713 2275,716 2320,713 2365,710 2409,713"/>
                <TextEquiv>
                    <Unicode>auf Vertrauen gestellt und auf die persönliche Verantwortung der</Unicode>
                </TextEquiv>
            </TextLine>
            <TextLine id="tr_1_tl_6" custom="readingOrder {index:5;}">
                <Coords points="646,890 2376,829 2455,757 649,786"/>
                <Baseline points="659,860 668,857 713,857 758,857 803,854 848,854 892,851 937,851 982,848 1027,848 1072,845 1116,842 1161,842 1206,839 1251,839 1296,836 1340,833 1385,833 1430,830 1475,830 1519,830 1564,827 1609,827 1654,824 1699,821 1743,821 1788,818 1833,815 1878,815 1923,815 1967,812 2012,812 2057,809 2102,809 2147,806 2191,806 2236,803 2281,800 2326,797 2371,797 2415,791 2460,791"/>
                <TextEquiv>
                    <Unicode>dabei beteiligten Faktoren. Ich bin in Verhandlung mit einem Herrn</Unicode>
                </TextEquiv>
            </TextLine>
            <TextLine id="tr_1_tl_7" custom="readingOrder {index:6;}">
                <Coords points="640,960 2316,915 2354,833 642,890"/>
                <Baseline points="653,946 698,943 743,943 788,940 833,940 877,940 922,937 967,937 1012,934 1057,931 1101,931 1146,928 1191,928 1236,925 1281,925 1325,922 1370,919 1415,916 1460,916 1505,913 1549,913 1594,910 1639,910 1684,907 1729,907 1773,907 1818,904 1863,901 1908,901 1952,898 1997,898 2042,895 2087,895 2132,895 2176,892 2221,889 2266,886 2311,883 2356,886"/>
                <TextEquiv>
                    <Unicode>der die Abteilung des Bühnenvertriebs in meinem Verlag selbst-</Unicode>
                </TextEquiv>
            </TextLine>
            <TextLine id="tr_1_tl_8" custom="readingOrder {index:7;}">
                <Coords points="653,1061 2372,998 2376,915 655,964"/>
                <Baseline points="665,1039 677,1036 722,1033 767,1033 812,1030 857,1033 901,1027 946,1027 991,1024 1036,1021 1081,1021 1125,1018 1170,1018 1215,1018 1260,1015 1304,1012 1349,1012 1394,1009 1439,1006 1484,1003 1528,1003 1573,1000 1618,1000 1663,997 1708,994 1752,994 1797,994 1842,994 1887,991 1932,991 1976,988 2021,988 2066,988 2111,985 2156,982 2200,979 2245,976 2290,976 2335,973 2380,976"/>
                <TextEquiv>
                    <Unicode>ständig leiten wird, der geschäftsgewandt genug ist, um die In-</Unicode>
                </TextEquiv>
            </TextLine>
            <TextLine id="tr_1_tl_9" custom="readingOrder {index:8;}">
                <Coords points="658,1147 2239,1090 2338,1074 2343,982 660,1054"/>
                <Baseline points="671,1125 686,1125 731,1122 776,1122 821,1119 866,1119 910,1116 955,1113 1000,1113 1045,1110 1089,1110 1134,1107 1179,1107 1224,1107 1269,1104 1313,1101 1358,1098 1403,1095 1448,1095 1493,1092 1537,1092 1582,1089 1627,1089 1672,1086 1717,1086 1761,1083 1806,1083 1851,1081 1896,1081 1941,1078 1985,1075 2030,1075 2075,1075 2120,1075 2165,1072 2209,1069 2254,1066 2299,1063 2344,1063"/>
                <TextEquiv>
                    <Unicode>teressen den Bühnen gegenüber zu wahren, der aber auch, nicht</Unicode>
                </TextEquiv>
            </TextLine>
            <TextLine id="tr_1_tl_10" custom="readingOrder {index:9;}">
                <Coords points="649,1228 2358,1171 2361,1070 653,1144"/>
                <Baseline points="662,1215 707,1212 752,1212 797,1209 842,1209 886,1206 931,1206 976,1203 1021,1200 1066,1200 1110,1197 1155,1197 1200,1194 1245,1194 1290,1191 1334,1191 1379,1188 1424,1185 1469,1185 1514,1185 1558,1182 1603,1179 1648,1179 1693,1176 1737,1173 1782,1173 1827,1170 1872,1170 1917,1167 1961,1167 2006,1164 2051,1161 2096,1161 2141,1158 2185,1158 2230,1155 2275,1152 2320,1149 2365,1146"/>
                <TextEquiv>
                    <Unicode>litteraturfremd, Geschmack und Takt genug haben soll, um diese</Unicode>
                </TextEquiv>
            </TextLine>
            <TextLine id="tr_1_tl_11" custom="readingOrder {index:10;}">
                <Coords points="662,1311 1804,1264 1926,1331 2075,1252 2367,1255 2370,1178 667,1228"/>
                <Baseline points="677,1301 716,1301 761,1299 806,1299 851,1299 895,1296 940,1296 985,1293 1030,1293 1075,1290 1119,1287 1164,1287 1209,1284 1254,1281 1299,1278 1343,1278 1388,1275 1433,1272 1478,1272 1522,1272 1567,1269 1612,1269 1657,1269 1702,1266 1746,1263 1791,1263 1836,1260 1881,1260 1926,1257 1970,1257 2015,1254 2060,1254 2105,1251 2150,1248 2194,1245 2239,1245 2284,1242 2329,1242 2374,1239"/>
                <TextEquiv>
                    <Unicode>Geschäfte im Rahmen meines Verlages mit der nötigen Umsicht zu</Unicode>
                </TextEquiv>
            </TextLine>
            <TextLine id="tr_1_tl_12" custom="readingOrder {index:11;}">
                <Coords points="655,1403 694,1412 734,1399 752,1412 770,1397 847,1424 860,1410 878,1408 881,1309 860,1304 845,1315 836,1306 818,1320 775,1315 759,1322 748,1315 703,1327 676,1304 658,1300"/>
                <Baseline points="668,1391 713,1391 758,1391 803,1388 848,1388 883,1391"/>
                <TextEquiv>
                    <Unicode>leiten.</Unicode>
                </TextEquiv>
            </TextLine>
            <TextLine id="tr_1_tl_13" custom="readingOrder {index:12;}">
                <Coords points="1606,1446 2331,1437 2403,1426 2406,1354 2219,1336 2007,1365 1892,1333 1822,1370 1608,1356"/>
                <Baseline points="1618,1446 1645,1442 1690,1442 1734,1439 1779,1436 1824,1433 1869,1433 1914,1430 1958,1430 2003,1427 2048,1427 2093,1427 2138,1427 2182,1421 2227,1421 2272,1418 2317,1415 2362,1412 2406,1412"/>
                <TextEquiv>
                    <Unicode>keinen Vertreter. Ich wollte</Unicode>
                </TextEquiv>
            </TextLine>
            <TextLine id="tr_1_tl_14" custom="readingOrder {index:13;}">
                <Coords points="829,1484 1338,1462 1365,1484 1478,1469 1541,1489 1563,1482 1568,1354 1430,1347 1189,1385 1077,1354 991,1388 831,1394"/>
                <Baseline points="842,1475 854,1475 898,1475 943,1472 988,1472 1033,1469 1078,1466 1122,1463 1167,1463 1212,1463 1257,1460 1301,1457 1346,1463 1391,1460 1436,1454 1481,1451 1525,1448 1572,1449"/>
                <TextEquiv>
                    <Unicode>In Oesterreich habe ich noch</Unicode>
                </TextEquiv>
            </TextLine>
            <TextLine id="tr_1_tl_15" custom="readingOrder {index:14;}">
                <Coords points="1687,1480 1698,1480 1707,1489 1730,1475 1761,1491 1779,1478 1800,1482 1818,1469 1831,1478 1854,1482 1854,1439 1843,1437 1818,1446 1807,1442 1800,1448 1721,1444 1687,1448"/>
                <Baseline points="1699,1466 1723,1469 1767,1466 1812,1463 1857,1463"/>
                <TextEquiv>
                    <Unicode>G.C.H.F.P.P:S.</Unicode>
                </TextEquiv>
            </TextLine>
            <TextLine id="tr_1_tl_16" custom="readingOrder {index:15;}">
                <Coords points="671,1593 2311,1543 2401,1518 2403,1442 1969,1437 1865,1502 676,1482"/>
                <Baseline points="683,1573 704,1570 749,1570 794,1570 839,1567 883,1564 928,1561 973,1561 1018,1558 1063,1555 1107,1555 1152,1552 1197,1549 1242,1549 1287,1546 1331,1543 1376,1543 1421,1540 1466,1540 1511,1537 1555,1537 1600,1534 1645,1534 1690,1531 1734,1528 1779,1525 1824,1525 1869,1525 1914,1522 1958,1519 2003,1516 2048,1516 2093,1514 2138,1514 2182,1514 2227,1511 2272,1508 2317,1508 2362,1502 2406,1502"/>
                <TextEquiv>
                    <Unicode>Sie oder einen meiner Wiener Autoren bitten, mir einen geeigne-</Unicode>
                </TextEquiv>
            </TextLine>
            <TextLine id="tr_1_tl_17" custom="readingOrder {index:16;}">
                <Coords points="673,1676 2309,1617 2352,1545 678,1590"/>
                <Baseline points="686,1663 698,1663 743,1660 788,1657 833,1654 877,1654 922,1651 967,1651 1012,1651 1057,1648 1101,1645 1146,1642 1191,1642 1236,1639 1281,1636 1325,1633 1370,1636 1415,1633 1460,1630 1505,1627 1549,1627 1594,1627 1639,1624 1684,1621 1729,1618 1773,1615 1818,1615 1863,1612 1908,1609 1952,1606 1997,1606 2042,1603 2087,1603 2132,1600 2176,1597 2221,1597 2266,1594 2311,1591 2356,1591"/>
                <TextEquiv>
                    <Unicode>ten Juristen zu empfehlen, der die juristische Vertretung für</Unicode>
                </TextEquiv>
            </TextLine>
            <TextLine id="tr_1_tl_18" custom="readingOrder {index:17;}">
                <Coords points="680,1768 2363,1705 2367,1604 685,1696"/>
                <Baseline points="695,1749 713,1749 758,1749 803,1746 848,1743 892,1740 937,1740 982,1737 1027,1737 1072,1734 1116,1732 1161,1732 1206,1729 1251,1726 1296,1726 1340,1723 1385,1723 1430,1720 1475,1717 1519,1717 1564,1714 1609,1714 1654,1714 1699,1711 1743,1705 1788,1705 1833,1702 1878,1699 1923,1699 1967,1696 2012,1696 2057,1693 2102,1690 2147,1687 2191,1687 2236,1684 2281,1684 2326,1684 2371,1681"/>
                <TextEquiv>
                    <Unicode>Oesterreich in die Hand nimmt; die geschäftliche geschieht ja</Unicode>
                </TextEquiv>
            </TextLine>
        </TextRegion>
        <TextRegion id="tr_2" custom="readingOrder {index:1;}">
            <Coords points="692,1720 2505,1720 2505,3055 692,3055"/>
            <TextLine id="tr_2_tl_1" custom="readingOrder {index:0;}">
                <Coords points="680,1849 2201,1804 2340,1779 2345,1694 683,1777"/>
                <Baseline points="692,1839 734,1839 779,1836 824,1836 868,1833 913,1830 958,1830 1003,1827 1048,1824 1092,1824 1137,1821 1182,1821 1227,1818 1272,1818 1316,1815 1361,1812 1406,1812 1451,1809 1496,1806 1540,1806 1585,1803 1630,1803 1675,1803 1720,1800 1764,1797 1809,1794 1854,1791 1899,1788 1944,1788 1988,1785 2033,1782 2078,1779 2123,1779 2167,1776 2212,1776 2257,1773 2302,1770 2347,1770"/>
                <TextEquiv>
                    <Unicode>ohnehin von hier aus. Ich glaube dagegen in allen Fällen, wo</Unicode>
                </TextEquiv>
            </TextLine>
            <TextLine id="tr_2_tl_2" custom="readingOrder {index:1;}">
                <Coords points="685,1933 2367,1881 2439,1870 2442,1786 687,1861"/>
                <Baseline points="698,1929 743,1929 788,1926 833,1926 877,1923 922,1923 967,1920 1012,1920 1057,1917 1101,1914 1146,1911 1191,1911 1236,1908 1281,1905 1325,1902 1370,1902 1415,1899 1460,1899 1505,1896 1549,1893 1594,1893 1639,1893 1684,1890 1729,1887 1773,1884 1818,1881 1863,1878 1908,1878 1952,1875 1997,1872 2042,1872 2087,1869 2132,1869 2176,1866 2221,1866 2266,1863 2311,1863 2356,1860 2400,1857 2445,1860"/>
                <TextEquiv>
                    <Unicode>Uebersetzungen in Betracht kommen, mit meinen Verbindungen mehr</Unicode>
                </TextEquiv>
            </TextLine>
            <TextLine id="tr_2_tl_3" custom="readingOrder {index:2;}">
                <Coords points="687,2032 2401,1964 2406,1867 692,1948"/>
                <Baseline points="701,2021 704,2018 749,2018 794,2015 839,2015 883,2012 928,2009 973,2006 1018,2006 1063,2003 1107,2003 1152,2000 1197,1997 1242,1997 1287,1994 1331,1994 1376,1991 1421,1988 1466,1985 1511,1985 1555,1982 1600,1982 1645,1979 1690,1979 1734,1973 1779,1973 1824,1973 1869,1970 1914,1967 1958,1964 2003,1964 2048,1961 2093,1961 2138,1958 2182,1955 2227,1952 2272,1952 2317,1949 2362,1947 2406,1947"/>
                <TextEquiv>
                    <Unicode>für Ihre Werke thun zu können, wie bisher geschehen konnte. In</Unicode>
                </TextEquiv>
            </TextLine>
            <TextLine id="tr_2_tl_4" custom="readingOrder {index:3;}">
                <Coords points="689,2108 2394,2054 2428,1955 692,2041"/>
                <Baseline points="701,2108 728,2108 773,2108 818,2105 863,2102 907,2102 952,2099 997,2096 1042,2093 1086,2093 1131,2090 1176,2087 1221,2087 1266,2084 1310,2081 1355,2081 1400,2078 1445,2075 1490,2075 1534,2075 1579,2072 1624,2072 1669,2069 1714,2066 1758,2063 1803,2063 1848,2060 1893,2057 1938,2057 1982,2054 2027,2051 2072,2048 2117,2048 2162,2045 2206,2045 2251,2042 2296,2039 2341,2036 2385,2036 2430,2036"/>
                <TextEquiv>
                    <Unicode>solchen Fällen würden wir von Fall zu Fall zu verhandeln haben.</Unicode>
                </TextEquiv>
            </TextLine>
            <TextLine id="tr_2_tl_5" custom="readingOrder {index:4;}">
                <Coords points="692,2210 2442,2147 2503,2070 694,2113"/>
                <Baseline points="704,2197 713,2197 758,2194 803,2194 848,2191 892,2191 937,2188 982,2188 1027,2185 1072,2182 1116,2179 1161,2179 1206,2176 1251,2173 1296,2173 1340,2170 1385,2167 1430,2167 1475,2167 1519,2165 1564,2162 1609,2162 1654,2159 1699,2156 1743,2153 1788,2153 1833,2150 1878,2147 1923,2144 1967,2144 2012,2141 2057,2141 2102,2138 2147,2138 2191,2135 2236,2129 2281,2129 2326,2129 2371,2123 2415,2123 2460,2120 2505,2117"/>
                <TextEquiv>
                    <Unicode>Generaliter lassen sich für diese Sachen Bedingungen nicht stellen</Unicode>
                </TextEquiv>
            </TextLine>
            <TextLine id="tr_2_tl_6" custom="readingOrder {index:5;}">
                <Coords points="838,2298 2250,2246 2424,2212 2428,2142 842,2203"/>
                <Baseline points="851,2284 863,2281 907,2278 952,2278 997,2275 1042,2275 1086,2275 1131,2272 1176,2266 1221,2266 1266,2263 1310,2263 1355,2260 1400,2257 1445,2257 1490,2254 1534,2254 1579,2251 1624,2248 1669,2248 1714,2245 1758,2242 1803,2239 1848,2236 1893,2236 1938,2233 1982,2233 2027,2230 2072,2230 2117,2227 2162,2227 2206,2221 2251,2218 2296,2215 2341,2212 2385,2212 2430,2209"/>
                <TextEquiv>
                    <Unicode>Für den Buchvertrieb verspreche ich mir einen grossen Vor-</Unicode>
                </TextEquiv>
            </TextLine>
            <TextLine id="tr_2_tl_7" custom="readingOrder {index:6;}">
                <Coords points="707,2394 2410,2318 2415,2228 712,2295"/>
                <Baseline points="719,2380 761,2377 806,2374 851,2371 895,2371 940,2368 985,2368 1030,2365 1075,2362 1119,2359 1164,2359 1209,2356 1254,2353 1299,2350 1343,2350 1388,2347 1433,2347 1478,2344 1522,2344 1567,2341 1612,2338 1657,2338 1702,2332 1746,2332 1791,2329 1836,2326 1881,2326 1926,2323 1970,2320 2015,2320 2060,2314 2105,2314 2150,2314 2194,2311 2239,2311 2284,2308 2329,2305 2374,2302 2418,2302"/>
                <TextEquiv>
                    <Unicode>teil davon, dass durch den Contakt mit der Bühne die Bücher in</Unicode>
                </TextEquiv>
            </TextLine>
            <TextLine id="tr_2_tl_8" custom="readingOrder {index:7;}">
                <Coords points="705,2485 2275,2421 2370,2394 2374,2313 851,2370 710,2428"/>
                <Baseline points="719,2472 764,2466 809,2463 854,2460 898,2460 943,2460 988,2454 1033,2454 1078,2451 1122,2448 1167,2448 1212,2445 1257,2442 1301,2439 1346,2439 1391,2436 1436,2433 1481,2430 1525,2427 1570,2421 1615,2418 1660,2415 1705,2412 1749,2409 1794,2409 1839,2406 1884,2403 1929,2403 1973,2403 2018,2400 2063,2400 2108,2397 2153,2394 2197,2394 2242,2394 2287,2391 2332,2391 2377,2388"/>
                <TextEquiv>
                    <Unicode>jedem Augenblick dort an die richtige stelle geleitet werden</Unicode>
                </TextEquiv>
            </TextLine>
            <TextLine id="tr_2_tl_9" custom="readingOrder {index:8;}">
                <Coords points="703,2539 2241,2505 2388,2482 2388,2433 2138,2399 703,2485"/>
                <Baseline points="716,2520 737,2517 782,2514 827,2514 871,2514 916,2514 961,2514 1006,2511 1051,2508 1095,2508 1140,2508 1185,2505 1230,2505 1275,2502 1319,2502 1364,2502 1409,2499 1454,2499 1499,2499 1543,2496 1588,2496 1633,2496 1678,2493 1723,2493 1767,2493 1812,2490 1857,2490 1902,2490 1947,2490 1991,2487 2036,2487 2081,2484 2126,2484 2170,2481 2215,2484 2260,2484 2305,2481 2350,2478 2394,2478"/>
                <TextEquiv>
                    <Unicode>können, wo ein augenblickliches Interesse anzunehmen ist, und</Unicode>
                </TextEquiv>
            </TextLine>
            <TextLine id="tr_2_tl_10" custom="readingOrder {index:9;}">
                <Coords points="703,2626 2426,2586 2482,2579 2485,2485 705,2563"/>
                <Baseline points="716,2606 740,2606 785,2603 830,2603 874,2603 919,2600 964,2600 1009,2600 1054,2598 1098,2600 1143,2598 1188,2598 1233,2595 1278,2595 1322,2592 1367,2589 1412,2589 1457,2589 1502,2589 1546,2589 1591,2586 1636,2586 1681,2583 1726,2583 1770,2583 1815,2580 1860,2580 1905,2580 1949,2577 1994,2577 2039,2574 2084,2574 2129,2574 2173,2571 2218,2571 2263,2571 2308,2568 2353,2568 2397,2565 2442,2562 2487,2565"/>
                <TextEquiv>
                    <Unicode>dass daher zu jeder Aufführung in einer Stadt Presse und Buchhan-</Unicode>
                </TextEquiv>
            </TextLine>
            <TextLine id="tr_2_tl_11" custom="readingOrder {index:10;}">
                <Coords points="694,2717 2219,2689 2406,2660 2408,2586 696,2649"/>
                <Baseline points="707,2699 710,2696 755,2693 800,2693 845,2690 889,2690 934,2690 979,2687 1024,2687 1069,2687 1113,2684 1158,2684 1203,2684 1248,2684 1293,2684 1337,2681 1382,2681 1427,2681 1472,2678 1516,2678 1561,2675 1606,2675 1651,2672 1696,2672 1740,2672 1785,2669 1830,2669 1875,2666 1920,2666 1964,2666 2009,2666 2054,2663 2099,2663 2144,2660 2188,2660 2233,2657 2278,2657 2323,2657 2368,2654 2412,2654"/>
                <TextEquiv>
                    <Unicode>del mit Exemplaren im gegebenen Augenblick auch versorgt sind.</Unicode>
                </TextEquiv>
            </TextLine>
            <TextLine id="tr_2_tl_12" custom="readingOrder {index:11;}">
                <Coords points="820,2811 2327,2782 2394,2759 2397,2669 822,2719"/>
                <Baseline points="833,2783 874,2780 919,2780 964,2777 1009,2777 1054,2777 1098,2777 1143,2777 1188,2774 1233,2774 1278,2771 1322,2771 1367,2771 1412,2768 1457,2765 1502,2765 1546,2765 1591,2765 1636,2762 1681,2762 1726,2759 1770,2759 1815,2759 1860,2756 1905,2756 1949,2756 1994,2756 2039,2756 2084,2753 2129,2753 2173,2750 2218,2750 2263,2750 2308,2747 2353,2747 2397,2750"/>
                <TextEquiv>
                    <Unicode>Die Bedingungen für die Autoren denke ich so zu stellen,</Unicode>
                </TextEquiv>
            </TextLine>
            <TextLine id="tr_2_tl_13" custom="readingOrder {index:12;}">
                <Coords points="689,2894 2464,2849 2464,2784 2257,2768 692,2813"/>
                <Baseline points="701,2875 722,2875 767,2872 812,2872 857,2869 901,2869 946,2869 991,2866 1036,2869 1081,2866 1125,2863 1170,2863 1215,2860 1260,2860 1304,2857 1349,2860 1394,2860 1439,2857 1484,2857 1528,2854 1573,2851 1618,2851 1663,2851 1708,2851 1752,2851 1797,2848 1842,2845 1887,2845 1932,2845 1976,2842 2021,2839 2066,2839 2111,2839 2156,2839 2200,2836 2245,2836 2290,2833 2335,2833 2380,2830 2424,2827 2469,2827"/>
                <TextEquiv>
                    <Unicode>dass ich 7 % von allen Einnahmen für Deutschland und Oesterreich</Unicode>
                </TextEquiv>
            </TextLine>
            <TextLine id="tr_2_tl_14" custom="readingOrder {index:13;}">
                <Coords points="703,2973 2433,2958 2451,2852 705,2903"/>
                <Baseline points="716,2962 752,2959 797,2959 842,2959 886,2956 931,2959 976,2956 1021,2956 1066,2953 1110,2953 1155,2950 1200,2953 1245,2950 1290,2947 1334,2947 1379,2947 1424,2944 1469,2944 1514,2944 1558,2944 1603,2944 1648,2941 1693,2941 1737,2938 1782,2938 1827,2938 1872,2935 1917,2935 1961,2935 2006,2932 2051,2932 2096,2929 2141,2929 2185,2926 2230,2923 2275,2923 2320,2920 2365,2917 2409,2917 2454,2914"/>
                <TextEquiv>
                    <Unicode>berechne, und 10 % für alle Einnahmen im Auslande. Ein weiterer</Unicode>
                </TextEquiv>
            </TextLine>
            <TextLine id="tr_2_tl_15" custom="readingOrder {index:14;}">
                <Coords points="942,3088 953,3088 973,3068 980,3068 989,3061 1020,3061 1020,2996 1009,2996 1005,3000 987,2985 978,2982 973,2982 969,2987 964,2985 960,2989 942,2989"/>
                <Baseline points="955,3045 1000,3045 1027,3045"/>
                <TextEquiv>
                    <Unicode>G.C.F.P</Unicode>
                </TextEquiv>
            </TextLine>
        </TextRegion>
    </Page>
</PcGts>
