2572 3608
1095 455 1208 561 en
827 867 2057 948 sich ein Theater, entweder das Dagwartheater
833 946 2055 1059 oder das Königliche Theater, zur Annahme des
827 1044 2030 1132 Verkes bereit erklärt hat und auch seiner-
838 1126 2060 1220 seits die Erlaubnis zu dieser Aufführung er-
843 1226 2083 1338 teilt. Veitere Anfragen sind aus dem Auslande
832 1316 1798 1433 bisher an uns noch nicht gekommen.
974 1401 2010 1512 Mit den ergebensten Grüssen sind wir
1166 1480 1939 1607 in vollkommener Hochachtung
1362 1585 1855 1656 S. FISCHER, VERLAG
1385 1642 1845 1712 THEATERABTEILUNG
1780 1671 1964 1817 al
