2799 3671
480 657 2448 836 Arbeiten so beschäftigt, dass er vielleicht nicht zu haben sein wird. Wer
488 776 2372 909 käme denn sonst von österreichischen Kritikern in Betracht? Sie haben
488 884 2443 975 einmal geschrieben, dass Jonas Fränkel über den "Weg ins Freie" schrei-
1344 952 1430 1003 mit
490 973 2453 1074 ben sollte. Gemeldet hat sich bei ein Dr. Julius Kapp aus Berlin; dieser
480 1036 2511 1152 Herr arbeitet an einem Buch über Sie und ich habe ihm versprochen, mit mei-
480 1129 2498 1245 nen Entschliessungen bis zun Herbst zu warten, bis zu welchem Zeitpunkt er
488 1223 1205 1364 die Arbeit beenden wollte.
776 1329 1405 1453 Mit herzlichen Grüssen
1442 1410 1556 1521 Ihr
1410 1488 1872 1672 T. Fischer
