2908 3688
2125 145 2352 290 A
2085 363 2305 506 Blatt 2
1357 417 1517 555 toutes
412 390 1241 590 S. FISCHER, VERLAG, BERLIN,
677 626 2196 809 mit Manuskripten aus Wien hat es übrigens bei uns nicht
913 811 2430 965 Denken Sie daran, dass die Einakter noch vor Beginn der
675 820 924 947 gegeben.
702 895 2426 1071 nächsten Theatersaison an die Bühnen zur Versendung kommen sol-
697 980 2383 1152 len? Ich glaube nicht, ob das sehr vorteilhaft wäre. Aber mit
711 1100 2161 1243 dem Satz kann ja natürlich jederzeit begonnen werden.
951 1161 2426 1350 Frau Klara Körber (Mitglied des Lyceum-Clubs) ist mir
715 1238 2437 1423 nicht bekannt. Ich glaube, es handelt sich hier um eine profes-
1205 1287 1372 1336 3° ̃
731 1332 2397 1512 sionelle Buchmacherei, die die Autoren viel zu oft, zu ihrem
728 1423 2461 1590 eigenen Schaden, unterstützen. Unter den gegenwärtigen Verhält-
733 1535 2392 1695 nissen kann ich Ihnen aber nicht abraten, Ihre Zustimmung zu
719 1590 2486 1800 geben, so fern Ihnen ein angemessenes Honorar für den gedachten
751 1700 2437 1882 Zweck zur Verfügung gestellt wird. Freilich bin ich nicht im-
753 1807 2419 1951 stande zu beurteilen, welches Honorar am Platze wäre, da ich
762 1896 2466 2060 über Absatzmöglichkeiten und Preis des Buches nicht informiert
933 2083 2488 2248 An den Vorstand Deutscher Bühnenschriftsteller haben wir
762 2065 907 2163 bin.
782 2214 1795 2337 für Ihre Rechnung 20 Mark überwiesen.
940 2230 2568 2410 An Altenberg leisten wir, infolge Ihrer Weisung, schon seit
1147 2379 1348 2426 ouvrage dans la
782 2392 1780 2513 langem keine Zahlungen mehr für Sie.
951 2417 2566 2597 Dagegen freue ich mich Ihnen mitteilen zu können, dass wir
800 2501 2588 2686 von "Bertha Garlan" in der Romanbibliothek weitere 6000 Exemplare
809 2613 2495 2778 (das 27.-32. Tausend) drucken. Ueber das Honorar von 600 Mark
809 2711 2559 2862 bitte ich Sie zu verfügen. Da Sie zum jetzigen Kronenkurs einen
817 2796 2611 2958 erheblichen Vorteil haben, empfiehlt es sich vielleicht, das Geld
817 2943 1517 3056 Ihrer Bank zu überweisen.
