2824 3335
1110 285 1216 382 123
629 349 1927 504 S. FISCHER,VERLAG, BERLIN W., BÜLowSTR. 91
1188 542 1918 712 BERene W., DEN... 2. Märs 1905
728 778 1439 983 Herrn Dr. Arthur Schnitzler
1430 857 1701 1001 Wien XIII
1397 964 1774 1077 Spöttelgasse 7
837 1039 1362 1208 Lieber Herr Doktor!
754 1175 2014 1348 Es freut mich, Ihnen mitteilen zu können, dass mir
657 1319 2000 1421 in letzter Stunde, d. h. einen Tag vor dem gerichtli-
669 1392 2028 1520 chen Termin, ein Vergleich mit Lindemann gelungen ist.
756 1472 1953 1600 Lindemann verpflichtet sich, den „Sinsamen Weg“
671 1588 2031 1704 bis 1. April 1906 im Düsseldorfer Schauspielhaus auf¬
671 1684 1991 1779 zuführen. Er hat ferner das Recht erworben, mit dem
671 1764 1982 1887 Ensemble des Schauspielhauses den „Binsasen Weg“ in
664 1866 2052 1979 den Rheinprovinzen zur Aufführung zu bringen, zu einen
676 1937 2052 2076 Tantiemensatz von 10 % von sämtlichen Bruttoeinnahsen.
669 2042 2054 2154 Diese Tantiesen hat er mit 2000 Mark garantiert, mabi¬
686 2128 2038 2285 bar in zwei Raten zu je 1000 Mark, und zwar die erste
665 2214 2033 2368 Rate am 1. Juni d. J., die zweite Rate an 1. November
626 2309 2021 2469 d. J. Ich habe auf eine Gesastgarantie von 3000 Mark
