2657 3529
889 420 1043 535 282
460 441 1868 645 S. Fischer, Verlag, Berlin W., Bülowstrasse 90
1712 698 1949 842 30/5.12
456 952 1208 1103 Herrn Dr. Arthur Schnitzler
1271 1067 1626 1182 Wien XVIII
1211 1148 1702 1287 Sternwartestr. 71
710 1304 1237 1441 Sehr geehrter Herr!
434 1379 2141 1539 Wir erlauben uns Ihnen mitzuteilen, dass wir Ihren das Honorar
297 1520 2220 1633 für die 7. bis 9. Auflage von „Masken und Nunder“ mit M. 2250.- (Zwei-
307 1575 2141 1712 tausendweihundertfünfzig Mark) gutgeschrieben haben. Diesen Betrag
297 1676 2172 1786 überweisen wir gleichzeitig auf Ihr Konto bei der k. k. priv. allge-
292 1777 1240 1884 meinen österr. Bodenoredit
434 1774 2191 1928 Desgleichen überweisen wir Ihrem Konto M. 150.- (Einhundert fünf-
307 1884 2098 2040 sig Mark), die wir als Autorisationshonrar für die erste Auflage
312 1983 2098 2127 (1500 Exemplare) eines Novellenbandes in schwedischer Sprache von
316 2071 1611 2230 Hugo Gebers Förlag in Stockholm erhalten haben.
1590 2141 2050 2273 Hochachtungsvoll
1726 2256 2000 2352 ergebenst
1666 2326 2146 2457 S. FISCHER, VERLAG
1575 2424 1673 2527 ppa.
1597 2421 2294 2589 Carl Schür
