2633 3336
1042 222 1408 350 FISCHES
650 660 1990 824 S. FISCHER, VerLAG, HOFBUCHHANDLUNG
2183 817 2369 939 1894.
1264 817 2103 963 Berlin W., den 20. März
237 853 912 998 Fernsprecher Amt VI, 1662.
1213 924 1738 1054 Kothener-Strasse 441
946 1149 1878 1335 Herrn Dr. Arthur Schnitzler, Wien.
1139 1262 1702 1379 Sehr geehrter Herr.
555 1328 2318 1460 Für den Abdruck Ihres Romans,Sterben' in der freien Bühne könn¬
394 1408 2330 1511 ten wir Ihnen ein Honorar nicht bezahlen. Wir honorieren novellistische
394 1455 2330 1553 Beiträge nur selten, und es liegt uns für die nächste Zeit so viel Mate¬
391 1516 2313 1604 rial zur Veröffentlichung vor, dass wir nur aus Rücksicht für die Buch¬
391 1548 2335 1636 ausgabe und aus dem Ihnen früher entwickelten Grunde die Veröffentlich¬
399 1614 1560 1702 ungen in der freien Bühne wünschen würden.
555 1621 2311 1731 Lassen Sie uns also wissen, ob Sie unter diesen Umständen in den
394 1680 2359 1778 Abdruck einwilligen, damit wir Ihnen eventuell für die Buchausgabe einen
391 1756 1320 1866 Kontraktentwurf zusenden könnten.
1712 1773 2176 1919 Hochachtungsvoll
1438 1922 2372 2205 Hischer Verlag
