2616 3369
1011 121 1150 224 238.
787 187 1856 366 S. Fischer, Verlag, Berlin W., Bülowstraße 90
1800 340 2234 479 den 16/1. 1911
822 741 1591 923 Herrn Dr. Arthur Schnitzler
1543 867 1719 1011 Wien
353 1029 882 1165 Lieber Herr Doktor,
492 1167 2176 1306 die Arbeiten von Robert Adam sollen sorgfältig geprüft werden.
484 1261 2199 1377 Bock zahlt in der Regel 4 % Tantieme. Er hat sich heute mit uns
358 1364 2224 1472 in Verbindung gesetzt, wir haben ihm gesagt, dass er das "Weite Land"
363 1437 2304 1573 erst im Herbst, nach der Uraufführung im Lessing-Theater spielen dürfte.
355 1558 2272 1651 Die Verhandlungen haben sich sofort zerschlagen, weil ihm darum zu tun
368 1621 1314 1762 war, Ihr Stück im März zu spielen.
502 1699 2320 1835 Sie wissen, dass wir die Textbücher von "Liebelei" für den Verleger
366 1800 2325 1911 Schott in Mainz drucken. Der Vertrieb der Textbücher liegt demnach nicht
371 1883 2332 1992 in unserer Hand, wir führen nur die Aufträge aus, die Schott uns aufgibt.
366 1977 2322 2088 Mag sein, dass er noch von den früher gelieferten Exemplaren Vorräte hat
373 2080 1419 2178 und darum jetzt nur 1000 bestellt hat.
482 2138 2309 2287 Das Münchner Schauspialhaus spielt, wie Sie aus den Abrechnungen ge-
383 2229 2362 2347 sehen haben, noch immer "Abschiedssouper" mit "Masken" und "Komtess Mizzi",
381 2360 2345 2453 Die "Frage an das Schicksal" hat das Hoftheater, von dort wird es gegebe-
383 2410 2337 2521 nen Falls freizubekommen sein. Wir haben Herrn Stolberg angefragt, ob er
388 2516 2294 2625 den Anatol-Zyklus Spielen will und anstatt des „Abschiedssouper“ einen
383 2577 2287 2713 andern Einakter aus dem Zyklus einfügen will. Die Aufführung des Neuen
388 2665 2413 2816 Vereins in München hat keinen Zweck und müsste jedenfalls abgelehnt werden.
487 2771 2322 2887 Ausser den Ihnen neulich aufgegebenen Bühnen, die den Anatol-zyklus
393 2859 2287 3003 aufgenommen haben, schweben neuerdings auch noch Verhandlungen mit dem
