2706 3575
1444 218 1599 348 212
829 569 2530 720 Gegen Miss Kauzer haben Sie eine merkwürdige Gereistheit. Wenn
696 673 2488 787 Sie kein Vertrauen zu der Dame haben, können wir den Vertrag nach
692 754 2479 889 Ablauf kündigen. Ich habe das Gefühl, dass sie alles tut, was sie
696 847 2509 973 tun kann, und ich habe vor allen Dingen nicht gefunden, dass durch
701 949 2477 1052 irgend einen andern Vertreter bessere Resultate zu erzielen sind.
838 1024 2500 1135 Wir haben also mit Direktor Beethy den Vertrag abgeschlossen,
699 1135 2565 1263 und ihm den „Buf des Lebens“ für die ungarische Sprache zu den Ihnen
1291 1205 1558 1267 lʼhonneur de lʼadresse au soir
696 1233 2530 1337 mitgeteilten Bedingungen übergeben. Die Garantiesumme von 1000 Kro-
706 1314 2509 1402 nen ist eingegangen, den Betrag überweisen wir, abzüglich 7 % Pro-
706 1390 2516 1571 vision, mit Mk. 773,75 Ihrem Bankkonte. (Abrechnung hierüber liegt
708 1523 877 1636 bei.)
868 1574 1497 1727 Mit herzlichen Grüssen
1571 1676 1950 1794 Ihr ergebener
1855 1797 2321 1978 S. Fischer
