2435 3559
1057 311 1183 439 291.
578 382 1990 576 S. Fischer, Verlag, Berlin W., Bülowstrasse 90
1686 585 1917 713 24/8.18
666 909 1441 1063 Herrn Dr. Arthur Schnitzler
1454 980 1847 1125 z. Zt. Brioni
852 1185 1388 1346 Sehr geehrter Herr!
682 1308 2211 1511 Wir bestätigen Ihren Brief vom 1. ds. und erlauben uns,
556 1399 2310 1613 Ihnen bezüglich der Uebersetzungsrechte für Italien mitzuteilen,
565 1518 2235 1679 das natürlich eine generelle Uebertragung aller Ihrer Dramen
2028 1597 2109 1646 G.F.P.
569 1633 2343 1765 an Riccardi nicht beabsichtigt war, dass wir aber andererseits in
574 1690 2297 1851 einer, wenn auch noch so kleinen à Kontozahlung die einnige Ge-
567 1829 2257 1926 währ sehen, dass für die zur Uebersetzung übertragenen Werke
574 1893 2253 2039 auch wirklich etwas geschieht. In Zukunft scheint deshalb der
582 1977 2314 2103 gangbarste Weg, der, Verträge nur mit ausländischen Verlegern ab-
582 2074 2239 2215 zuschliessen, die auch imstande sind, eine à Kontoschlung zu
576 2175 2297 2277 leisten, und die für die Abrechnung der Tantiemen eine grössere
587 2259 2319 2400 Gewähr bietenngie die Uebersetzen. Sosten war hier nur als Mit-
593 2345 2244 2467 telsperson gedacht. Aus dem letzten Briefe, den wir von ihm
585 2449 2261 2539 hielten, entnehmen wir übrigens, dass er unter den angege-
582 2515 2127 2672 Bedingungen auf die Uebersetzung Ihrer Stücke einstweil /
593 2632 940 2753 reflektiert.
726 2652 2028 2837 Zu Ihrer gefl. Orientierung bemerken wir noch,
585 2804 1880 2952 her folgende Stücke für Italien vergeben haben:
