2713 3335
784 718 2020 861 Russland zur Kompetenz meines Bühnenvertriebs ge-
794 807 2082 933 hören. Ich schlage also vor, dass wir in Ihrem Inte-
767 893 2067 1050 7 resse mit der Versendung der Bühnentexte nach Russ-
806 990 2028 1129 land warten, bis die Erstaufführung in russischer
810 1085 1624 1228 Sprache in Russland erfolgt ist.
882 1179 2085 1289 Mit dem Leipziger Schauspielhaus haben wir abge-
820 1276 2112 1404 schlossen und eine Garantie von 500 Mark vereinbart.
1038 1383 1519 1491 Mit besten Grüssen
1509 1449 1870 1558 Ihr ergebener
1524 1564 1922 1749 Sfischer
