2216 3480
1147 241 1303 330 212
953 393 1072 564 163
617 507 1750 680 ISCHER,VERLAG, BERLIN W., BÜLowSTR. 90
899 615 1398 721 THEATERABTEILUNG
1095 760 1780 910 BERene W., DEN 24. Februar 0
644 1046 1334 1171 Herrn Dr. Arthur Schnitzler
1329 1090 1597 1236 Wien XVIII
1298 1219 1612 1328 töttelgasse 7
641 1343 1155 1466 Lieber Herr Doktor,
829 1450 1874 1599 Herr Paul Brann hat s. Zt. für die Puppen-
636 1519 1899 1692 spiele auf der Nürnberger Ausstellung den Papfern
641 1618 1861 1763 Cassian" erworben und M. 50.- für 8 Aufführungen
643 1703 1930 1865 vorausbezahlt. Er hat aber in Nürnberg den „Tapfern
639 1822 1910 1951 Cassian“ garnicht gespielt. Nach seiner Abrechnung
652 1900 1946 2018 haben im vorigen Jahre 12 Aufführungen in Düsseldorf
661 2005 1866 2122 stattgefunden. Für die 12 Aufführungen hat er in
654 2068 1894 2218 4. Oktober v. J. im ganzen M. 72.—, abzüglich der
651 2178 1966 2311 früher gezahlten M. 50.-, verrechnet. Die Abrechnung
659 2243 1949 2388 habe ich bis heute noch nicht anerkannt, weil Braun
664 2347 1891 2497 zur Aufführung in Düsseldorf garnicht berechtigt
657 2478 1791 2561 war. Eben jetzt, da ich zurückgekommen bin,
1168 3054 2147 3217 voor ungever fsere.
608 3111 868 3277 Mais
