2568 3095
1053 141 1206 259 273.
578 247 1975 381 S. Fischer, Verlag, Berlin M., Bülowstrasse 90
1134 365 1425 487 16/3. 1912
725 628 813 772 P.P.
832 642 959 742 G.F.P.
515 732 1282 894 Herrn Dr. Arthur Schnitzler
1234 836 1404 970 Wien
524 1023 1065 1137 Lieber Herr Doktor,
661 1132 2280 1284 der Titel "Masken und Wunder" scheint mir für das Novellen-
534 1238 2315 1342 buch sehr geeignet. Schicken Sie mir das Material, wir müssen mit
534 1356 2208 1483 dem Satz beginnen, wenn wir im Juni mit dem Buch herauskommen
536 1451 744 1571 wollen.
665 1448 2271 1647 Wegen der Ausstattung mache ich Ihnen noch Vorschläge. Die
534 1601 2289 1700 Hauptsache ist eine schöne Schrift (Sie sprechen von einer deut-
534 1679 2220 1806 schen Schrift, Ihre Werke sind ja alle in deutschen Schriften
538 1772 2201 1883 gesetzt), ein gutes Format und ein gutes Papier mit einem ge-
543 1857 2340 2000 schmackvollen Umschlag und Einband. Alle andern Ausstattungskünste
534 1945 2268 2070 sind so diskreditiert und unserm fortgeschrittenem Geschmack so
541 2026 2310 2155 wenig angemessen, dass wir am besten tun, uns davon fernzuhalten.
536 2141 2220 2250 Das Format muss schlank sein, bequem in die Tasche zu stecken,
543 2215 2141 2326 etwa ähnlich wie "Faustina", das Ihnen gleichzeitig zugeht.
721 2328 2342 2421 Für die Novellen im Rahmen der Gesamtausgabe sind besondere
545 2386 2190 2536 Titelblätter nicht notwendig, mehrere leere Blätte in einem
547 2486 2405 2617 Band machen sich nie sehr gut. Wenn Sie kein besonderes Gewicht dar-
543 2566 2372 2682 auf legen, würde ich bitten, davon abzusehen. Bei den Dramen können
552 2675 2308 2788 wir die Titelblätter nicht umgehen; da muss sich auch äusserlich
554 2767 2335 2897 jedes Werk scharf von dem andern trennen. Wir setzen dann auf die
552 2867 1975 2991 Rückseite des Titelblattes das Personenverzeichnis.
