2196 3495
1097 235 1251 359 2.2
1748 510 2076 655 Blatt &
200 475 944 673 FISCHER, VERLAG,“ BERLIN,
403 848 2106 958 Sie haben natürlich kein Risiko bei der Sache: Ich bitt Sie aber, die
270 944 2090 1081 nach Gutdünken zu entscheiden; und xxx telegraphisch, weil ich Sonnabend
263 1044 1076 1165 den: Druckauf trag erteilen muss.
513 1130 1016 1291 Mit besten Grüssen
1426 1186 1789 1340 Ihr ergebener:
1447 1321 1927 1517 T. Fischer
396 1482 2125 1624 P. S. Das Residenstheater in Köln will „Komtess Mizift mit 3 x erwerben
259 1584 2125 1731 eine Garantienahmung aber nicht leisten. Die Direktion würde evtl. zwei bis
252 1710 2123 1820 druck Einakter, entweder aus dem „Anatolf-Zyklus oder aus den Lebendigen St
238 1806 2106 1918 ### der „Komters Mizi“ anraihen. In diesem Fall wäre ja die Tantiene mit.
247 1894 2113 2055 40.5 zu bemessen. Die Auswahl der Einakter könnte man doch wohl der Direktät
231 1999 564 2125 V###rlassen?
