2929 3495
1297 473 1438 612 CHE
748 514 1080 729 AMT VI, No. 1662.
1545 609 2386 770 BERene W., DEN  9/1. 1900.
1502 692 1960 834 BÜLÖWSTRASSE 91.
1489 763 1823 843 BERLIN W.
1438 821 1818 958 Bilowstkasse
1099 870 1843 1046 Herrn Dr. Arthur Schnitzler
1855 994 1991 1109 Wien.
790 953 1109 1126 Monsieur M. A.
639 1126 1180 1265 Lieber Herr Doktor!
753 1228 2545 1397 Ich lasse Ihnen mitfolgend die umbrochenen Bogen des illustrierten
636 1353 2572 1506 „Anatol“ zugehen. Bei Uebersicht des Ganzen finde ich, dass doch gar zu
648 1445 2545 1584 wenig Illustrationen in dem Buch enthalten sind. Coschall hat sich die
1823 1533 1945 1597 G.C.F.P.
634 1543 2559 1667 wirksamsten Scenen entgehen lassen; es fehlt ganz besonders an kleinen,
634 1606 2540 1760 charakteristischen Illustrationen. Lassen Sie mich freundl. wissen, ob
631 1711 2574 1809 Sie auch diesen Eindruck haben. Jetzt kommt es ja nicht mehr darauf an,
2118 1794 2277 1852 G.C.H.F.S
636 1796 2540 1945 ob das Buch einige Wochen früher oder später erscheint und es würde am
626 1887 2564 2008 Ende vorteilhaft sein, noch einige Illustrationen in das Buch aufzuneh-
636 1999 2584 2099 men. Ev. haben Sie vielleicht die Güte, einige Scenen zu bezeichnen, die
631 2065 2589 2208 sich dazu besonders eignen, denn ich habe den Eindruck, dass Coschall da
624 2155 1182 2294 für kein Organ hat.
809 2238 1355 2381 Mit besten Grüssen
1565 2311 1930 2450 Ihr ergebener
1774 2406 2118 2518 Der Verlag in
1738 2469 2182 2613 fische
856 2698 1221 2832 of her
1850 2676 2264 2898 fertig
1904 2854 2145 2957 ganze Bl.
