2633 3208
1688 430 2162 525 d. 20. Januar 1912
449 493 2301 620 durch eine solche Auswahl für unser projektiertes dreibändiges Werk
457 567 2291 672 eintreten müssen, eine idelle und darum auch materielle Entwertung.
449 640 2298 755 Sie lässt sich nicht ziffernmässig nachweisen, aber die Augustion,
449 767 2367 872 dass eine Auswahl Ihrer erzählenden Schriften für 1 Mark zu haben ist,
449 843 2328 943 kann den an sich billigen Preis von 10 Mark für das dreibändige Werk
454 913 2320 1048 gewiss nicht günstig beeinflussen. Wie ich die Sache auch drehen und
445 1009 2323 1165 wenden mag, ich sehe keinen Vorteil für sie in diesem scheinbar ver-
452 1106 1050 1241 lockenden Anerbieten.
589 1170 2328 1336 Und was nun "Fertha Garlan" betrifft, so scheint es mir, als ob
454 1287 2274 1422 die Vertreter Ullsteins dieses Buch nicht kennen. Die Ullsteinsche
440 1380 2350 1495 Bibliothek ist auf das Publikum der Unterhaltungsblätter eingestellt,
445 1456 2403 1583 ich weiss nicht recht, ob sie wagen würden, "Bertha Gerlan" zu bringen,
640 1549 2276 1673 Ich verspreche mir von „Bertha Garlan“ in meiner Bibliothek
452 1661 2284 1746 einen sehr grossen Erfolg. Ich drucke 20,000 Exemplare und ich bin
452 1732 2333 1871 sicher, dass ich gerade von diesem Buch mehr verkaufen werde wie von
445 1812 1534 1944 irgend einem andern in meiner Sammlung.
642 1895 2340 2044 Ich glaube nicht, ob das Theater von Lothar für den "Medardus"
452 1986 2320 2132 in Betracht kommt. Für dieses Stück wird bei der neuen Constellation
440 2110 2345 2196 Anno 1914 eine geeignetere Bühne zu haben sein, Sie können kaum etwas
445 2169 1182 2284 Besseres tun als abwarten.
904 2237 1541 2411 Mit herzlichen Grüssen
1495 2489 1942 2682 S Fischer
