3186 3672
1778 563 1983 704 329
1358 531 1642 714 1913
970 664 2038 782 ISCHER-VERLAG’BERLIN ’ THEATERABTEILUN’
1682 747 2094 822 W57-BULÖWSTR90
840 775 1335 854 AMT: LUTZÖW 1662 & 6162
1623 864 2033 989 den 24/6, 13
919 912 1056 1014 T/K.
969 1050 1748 1236 Herrn Dr. Arthur Schnitzler
1820 1139 2016 1296 Wien.
955 1233 1696 1391 Sehr geehrter Herr Doktor!
1038 1404 2155 1531 Herr Fischer teilt uns den Inhalt Ihrem
966 1513 2088 1645 jüngsten Briefes mit, soweit er sich auf
973 1590 2155 1729 die Dania Biefilm Komp. bezieht. Wir haben
1429 1690 1587 1743 G.C.P.
966 1717 2122 1828 uns sofort an die Dania Biofilm Komp. ge-
973 1779 2230 1916 wandt und glauben, dass es uns gelingen wird,
969 1887 2031 1995 für Sie weitaus höhere Tantiemen und
983 1950 2185 2122 Garantiesumen zu erzielen, als die erst-
981 2089 1283 2191 genannten.
1072 2088 2155 2235 Vor ein paar Tagen sprach Herr Tal mit
986 2221 2124 2357 Herrn Prof. Dohnanyi, der ihm sagte, er
995 2305 2177 2463 wolle den Schleier der Pierette verfilmen
1003 2391 2139 2526 lassen. Er sagte, Sie wüssten bereits um
997 2491 2202 2645 diesen Plan und wären auch damit einverstan-
1000 2606 2189 2753 den, nur hätten Sie beide Bedenken, ob Ihr
