2536 3161
425 432 2209 573 eine mässige Honorarforderung. Da die Bücher nur 24 Heller kosten,
430 519 2158 657 bin ich eigentlich in Verlegenheit, was man fordern kann. Meinen
428 619 1928 746 Sie nicht, dass 100 Mark ein angemessenes Honorar wäre?
561 718 2207 846 Prof. Bie hat Ihnen neulich geschrieben, dass wir Sie bitten
444 816 2204 963 möchten, die Berechnung des Honorars für Ihre Hovelle auf 40 Mark
442 898 2183 1036 pro Seite zu stellen. Das ist nicht in der Absicht geschehen, um
451 977 2302 1127 Ihr Honorar zu kürzen, sondern aus dem Bedürfnis heraus, den Höchst-
456 1078 2179 1199 satz für bevorzugte Mitarbeiter nunmehr einheitlich zu fixieren,
449 1131 2225 1321 und zwar nach einem Satze, der das maximum der Leistungsfähigkeit
1685 1286 1877 1365 G.C.H.F.P
463 1262 1134 1428 der Rundschau darstellt.
577 1346 2172 1470 Bie glaubt mit Recht, den Schwierigkeiten der mannigfachen
460 1426 2221 1580 Honoraransprüche unserer bevorzugten Mitarbeiter durch einen ein-
465 1519 2284 1664 heitlichen Höchstsatz am besten zu begegnen. Unsere Seite ist jetzt
475 1618 2202 1769 übrigens etwas kleiner geworden wie früher; auf den Umfang Ihrer
470 1734 1498 1849 Novelle berechnet um etwa 4-5 Seiten.
577 1727 2281 1942 Lassen wir es also diesmal bei Ihrer Honorarforderung von 3000
475 1858 2354 2048 Mark, in Zukunft würde ich bitten, von unsern Honorarsatz von 40 Mark
479 1933 2251 2106 pro Seite auszugehen, der nach dem Raum der neuen Druckseite wohl
491 2066 1956 2204 kaum hinter Ihren früheren Honorarsätzen zurückbleibt.
598 2101 2288 2263 Ich bin leider durch eine Ueberlastung mit Arbeiten noch nicht
503 2218 2228 2370 dazu gekommen, Ihre Hovelle zu lesen, ich hoffe aber, es nächste
507 2345 1230 2459 Woche nachholen zu können.
638 2354 2333 2557 Ihrem Wunsche gemäss überweise ich Ihnen gleichzeitig das Hono-
512 2482 2274 2644 rar von M. 3000.- (Dreitausend Mark) für den Abdruck der Hovelle,
514 2576 2274 2735 zurüglich Zweitausend Mark für 20,000 Exemplare von "Bertha Garlan
517 2702 1164 2838 in der Romanbibliothek.
654 2726 2122 2941 Bei der Repreduktion der Radierung von Fräulein Löwens¬
