2815 3623
1857 325 2219 517 hier
374 494 2251 686 mann noch einmal darüber zu sprechen. Sie haben ja nach einem Honorar
376 622 2172 782 garnicht gefragt, ich nehme also an, dass Sie den im Interesse der
371 706 2239 886 Unterstützungskasse veranstalteten Vorträgen Ihre Kraft ohne Entschä-
386 795 2266 952 digung zur Verfügung stellen. Vielleicht würde das auch Herr Hofmanns-
386 893 2263 1058 thal thun, für den die Reise nach Berlin ja wahrscheinlich nichts aus-
389 991 2155 1124 macht. Eventl. bin ich ermächtigt, jedem der Herren die Vergütung
391 1048 2160 1237 der Reisekosten zuzusagen. Sollte an Wassermanns Verhältnisse mit
401 1149 2192 1309 dieser Reise eine unverhältnismässige Zumutung gestellt werden, so
1127 1232 1442 1311 [bis 100 mrk.]
408 1203 2236 1390 würden ihm seine Gesammtkosten vergütet werden. Sie müssen bedenken,
403 1316 2165 1469 dass der ganze Zuschauerraum nur etwa 300 Plätze hat und dass die
406 1400 1926 1592 Einnahmen im besten Falle nicht sehr grosse sein können.
536 1488 2253 1712 Vielleicht haben Sie die Güte, mich unverzüglich von Ihrem Ent-
418 1643 1085 1769 schluss zu verständigen.
954 1683 1466 1860 Mit besten Grüssen
1429 1707 2330 1872 Ihr ergebener
1338 1835 2327 2030 Ffrochen
824 1919 908 2022 G.F.P.
499 1914 780 2032 Revisions
494 2015 868 2125 von der „Bestrichung“
922 2005 1331 2121 G.C.H.F.P.
1530 2007 1636 2143 7
561 2084 1941 2214 slagen. Von beiden Warten
482 2170 2030 2315 wel eventl. schnell und xxxe neue Correcturendurchslert xxx
438 2261 689 2386 orden kann.
421 2337 2106 2482 Einliegend überreiche ich Ihr an den Entwurf eines Verlagsver:
2172 2371 2261 2485 V.
367 2445 2344 2563 ich Ihnen hier an Vorteilen biet k kann, ist natürlich nur sehr wenig; Sie
1838 2558 1936 2627 bezw
1983 2536 2300 2647 cke mit digen
362 2529 962 2664 werden es in der H ä,
2155 2610 2248 2716 Das
362 2627 1048 2753 Vertrag nichts weiter als
499 2723 600 2841 G.H.F.P
654 2711 1144 2829 einzelne Wert. Wenn
