2216 3480
1205 254 1353 340 212
987 485 1126 591 165
541 572 1822 735 S. FISCHER, VERLAG,’ BERLIN W., BÜLowSTR. 90
1115 768 1781 879 BÈPLIN W., DEN. 24. Märs 08
708 954 1476 1145 Herrn Dr. Arthur Schnifaler.
1561 1010 1716 1126 Wien.
606 1197 1173 1334 Lieber Herr Bauvort
684 1288 1768 1444 Von „Buf das Lebens“ sind nach etwa 350
598 1380 1813 1518 Exemplare vorhanden. Es ist wohl anzunehmen,
611 1469 1821 1622 dass die Formäte bis nun Tintor aufgebraucht
612 1592 976 1716 sein werden.
688 1639 1870 1771 Zu dem anliegenden Brief aus Petersburg be-
623 1733 1827 1862 merke ich, dass die Herren das volletändige
630 1801 1889 1951 Manuscript Ihres Bonona für 800 Mark erwerben
644 1889 1824 2034 wollten, unter der Bedingung, dass in Russ-
639 1988 1856 2118 land Ihr Buch schon jetzt herauskommen kann.
652 2048 1895 2237 Das habe ich natürkten abgelehnt, denn es ist
658 2161 1873 2313 ja nicht daran zu denken, dass die russische
671 2239 1910 2406 Ausgabe vor der deutschen erscheint. Ich habe
685 2321 1905 2480 die Zusendung des Manuscriptes davon abhängig
681 2431 1832 2573 gemacht, dass die russische Ausgabe nicht
692 2493 1902 2646 früher wie die deutsche erscheint, daraufhin
693 2598 1889 2760 bieten die Herren 400 Mark. Entscheiden Sie
1294 3067 1830 3237 or the rest of the
1922 3081 2189 3261 Für
