2929 3495
519 707 1106 862 TELEPHON: AMT VI  =1662.
1571 757 2505 879 BERene W., DEN 25/6. 1900.
1558 847 2070 974 BÜLÖWSTRASSE 91.
1376 864 1538 987 Schule
999 884 1229 1006 G.C.H.F.D.A
1756 949 1936 1081 e e D.
1963 952 2208 1071 G.C.F.P.
997 984 1731 1144 Herrn Dr. Arthur Schnitzler
697 1016 1064 1184 décembre avec les
1756 1091 1968 1194 VIEN,
1703 1126 2250 1279 mit grossen Interesse
1216 1141 1553 1291 Novella xxx
642 1149 1169 1306 Lieber Herr Doktor!
1211 1219 2150 1364 gewordene ortschierte Exemplar von
1039 1274 1186 1369 décretien
839 1271 1011 1361 P.F.P.
827 1351 1189 1449 Wie gern wir,
1241 1304 2565 1451 dre Hovelle im Oktober bringen würden, brauche ich
644 1361 987 1461 sass ich Ihnen
639 1409 2635 1551 Ihnen ja nicht zu sagen. Zum Oktober wird es aber nicht gehen, da wir pro-
639 1486 972 1548 xxx besser wie
2288 1496 2425 1566 gebracht:
639 1498 2602 1608 grammässig mit dem Abdruck des angekündigten Romans von Hans von Kahlen-
704 1583 907 1638 und ich
2368 1588 2453 1643 1o0
639 1586 2565 1731 berg im Oktober beginnen müssen. Dieser Roman wird durch 3 Hefte gehen.
644 1691 2577 1818 Lassen Sie sich dadurch nicht abhalten, uns Ihre Erzählung für die Rund-
642 1768 2512 1893 schau zuzusenden, ich könnte Ihnen fest versprechen, dass wir mit dem
612 1823 2610 1976 Januarheft des neuen Jahrgangs beginnen. Ueber das Abdruckshonorar wurden
902 1938 989 1983 G.F.P.
682 1938 882 1991 G.H.F.P.
634 1948 2637 2058 wir uns, wie ich hoffe, einigen; der von Ihnen gewünschte Satz von 20 Mark
869 2023 967 2068 G.H.
652 2038 2580 2135 pro Seite übersteigt unsere Honorarkraft ganz bedeutend, wir würden aber
687 2105 954 2173 Le Betrage
642 2120 2615 2235 bei Ihnen — wie schon beim „Grünen Kakadu“ — eine ganz besondere Ausnahme
607 2198 1216 2283 eine Auflage angeboten.
637 2208 2565 2308 machen. Vorschläge über ein Gesamthonorar würde ich Ihnen aber erst mac
604 2275 1216 2350 meiner Bestätigung vom
649 2310 2443 2408 können, wenn ich den Umfang der Arbeit genau übersehen kann. xxx
622 2365 1199 2445 unter wortlich, dass
804 2333 2595 2512 Die illustrierte Ausgabe des „Anatol“ wird in dieser Woche fertig,
629 2438 1066 2537 ndexpreis hondert
1753 2458 2650 2577 Herbst erscheinen lassen. Sobald
652 2493 1518 2602 ich werde das Buch offiziell aber
1941 2542 2637 2657 Ihnen zugehen. Ich drucke,
637 2575 1464 2697 ich einige Exemplare fertig habe.
652 2645 1381 2785 wie Sie wissen, 3 Auflagen.
649 2725 1646 2877 erste Auflage schon jetzt an Sie abge-
