2636 3463
1020 203 1172 308 252.
699 228 1746 421 S. Fischer, Verlag, Berlin W., Bülowstraße 90
1774 333 2262 488 den 20. Juni 1911
1754 463 2182 586 meafewald snul
1162 551 1789 676 nesaÜRÖ medotIsred itM
834 654 1195 769 Tenedezre Tdl
616 734 1370 857 Herrn Dr. Arthur Schnitzler
1375 767 1613 944 Wien IX
318 999 822 1147 Wieber Herr Doktor,
443 1067 2229 1278 das Märchen von dem aus seiner Bahn gewichenen Stern Dionysta häte
318 1222 2214 1358 ich mit grosser Freude gelesen. Das ist Ihnen prachtvoll gelungen, herz-
321 1353 814 1440 lichen Dank dafür.
581 1330 2252 1551 Buch würde sich zur Illustrierung sehr gut eignen, ich weiss
451 1445 2272 1641 nicht, wer das machen sollte. Es müsste ein Künstler sein, der Phan-
321 1573 2272 1713 tasie und Stil hat, damit die Darstellungen nicht im Dekorativen stecken
321 1653 2262 1819 bleiben. Wenn ich an Vogeler-Worpswede denke, dem man die Aufgabe schon
331 1723 2307 1901 zutrauen könnte, so bin ich doch nicht sicher, ob er bei seiner ganz aufs
336 1831 2234 1971 Poetische gestellten Art das Mass der Dinge erreicht. Es ist in seinen
341 1879 2300 2062 Darstellungen immer etwas sehr Inniges, aber klein empfundenes zu spüren.
341 2012 2262 2152 Finden wir nicht einen sehr geeigneten Künstler, so beschränken wir uns
356 2099 2285 2242 vielleicht auf einen sehr guten Druck mit einem Umschlagbild von Vogeler
353 2187 2249 2322 oder von Walser. Verzichten wir auf die Illustrierung, so wird es sehr
353 2262 2367 2400 gut möglich sein, Ihr Buch gleichzeitig mit dem "Weiten Land" Mitte Oktober
356 2402 819 2520 herauszubringen.
491 2430 2285 2588 Ihre Hovelle wird im August- oder Septemberheft der Rundschau abge-
366 2573 579 2715 druckt.
529 2628 2277 2761 Anliegend erhalten Sie das Verzeichnis der Bühnen, die "Das weite
393 2718 2227 2853 Land" angenommen haben. Sobald Sie uns ein gestrichenes Exemplar zu-
398 2788 2332 2951 schicken, werden wir die Bühnen auf die Einheitlichkeit für die Darstel-
