2116 3049
936 386 1073 485 141
548 418 1787 573 S. FISCHER, VERLAG, BERene W., BÜLowSTR. 90
1094 583 1802 783 BERene W., DEN 8. Jan.07
770 924 1468 1058 Herrn Dr. seiner Gedritste
1465 999 1597 1100 ites
623 1125 1125 1239 Lieber Wort Dobtsf.
859 1199 1855 1359 Ich hätte bei seiner Rittel xxx
605 1318 1821 1431 für sehr pfte###lick, xxx ar statt xxx
615 1421 1453 1549 für Excekter des Deches p.,t: etc.
767 1466 1904 1641 Ich gebtete Istes hier alsige Geschterkosten
625 1590 1875 1715 für die geschterte das obg öge Fuches. Ich nächte
630 1693 1841 1789 von einer besondernenen xxx des
630 1772 1883 1888 Euschlagt ubschön, wie etwa zu an xxx
631 1870 1868 1997 sein Sie wird für die Dank die über das Fewühnung
644 1940 1898 2069 ckennieres zalltas, xxx und sie zur für diese Le¬
641 2051 1881 2163 selbesbecks oorsestellt habe, also so x### die Be-
638 2135 1946 2269 schlüge von Igesernen und Jenzen. Ich stattig sehr in
658 2225 1937 2353 aus den uitfolgenden lepferesenden xxx Zuschlagenden
664 2324 1891 2440 zu rühlet. Für die gebendenen Exemplars, die erstä
705 2407 1831 2568 auch den Muster des bachen am Tgesetteur herge=
