2760 3432
1010 175 1844 366 S. FISCHER, VerlaG
809 328 1465 473 nipzig, etc. falls es mit
621 343 777 471 schen.
516 408 1706 554 aufführung zu einem Abschluss kommen sollte,
1929 386 2234 576 21/12. 190
1488 471 1916 551 BERcelN W., DEN
2204 448 2417 589 les ver¬
2039 509 2129 601 a
654 501 1929 644 sicht. Doch dürfen Sie überzeug BÜLowSTRASSE 90/91.
358 521 596 606 TELEPHON:
356 589 604 681 AMT VI, 1662
2124 576 2227 679 sehr
571 579 1568 721 macht werden wird, um auch Ihren materi-
1866 661 2082 777 gaben ve
579 674 1661 812 ich zu nützen. Das Copyright wird Ihnen ja
524 789 1726 899 Herrn Dr. Arthur Schnitzler
1819 752 2217 869 WienX v III
1811 844 2242 914 -:-:-:-:-:-: -: -! - : -
1881 867 2327 1005 Spöttelgasse VII
2169 929 2305 1005 déce le
1245 927 1746 1050 einem eventl. Absch
859 1007 1410 1140 Sehr geehrter Herr!
2322 987 2470 1102 beson
1473 1027 1774 1127 c in jedem
1180 1060 1378 1135 G.C.H.F.F:D
601 1027 779 1165 G.H.F.P.
669 1045 2520 1240 Die Beantwortung Ihres werten Schreibens übernehme ich, um Ihnen die
576 1190 2500 1318 ausdrückliche Versicherung zu geben, dass vom Theater-Verlage aus alles
586 1288 1819 1440 geschieht, was im Interesse Ihres Werkes ist.
804 1338 2545 1518 Der Herr, der Ihnen einen bestimmten Termin für die Fertigstel-
696 1413 779 1500 G.F.P.
586 1445 2505 1608 lung des Buches nicht angeben konnte, schah nur die Zusage für einen be-
601 1518 2442 1686 stimmten Tag nicht geben wollen.- pas Bühnen-Manuscript ist bestimmt
604 1583 2523 1779 zwischen Weihnachten und Neujahr fertig, ja wir hoffen sogar, Ihnen die
606 1736 2513 1879 gewünschten 12 Exemplare schon am Donnerstag senden zu können. Auch an
606 1824 2179 1964 Brahm werden dann gleichzeitig 6 Exemplare gesandt werken.
694 1874 2568 2037 Wir halten eine Einreichung an die Bühnen vor der Berliner Erstanffüh-
621 2007 1909 2129 rung für nötig und nehmen zunächst in Aussicht:
852 2012 1055 2082 mitslerk
807 2009 2615 2222 Hamburg, Schauspielhaus; Breslau,Vereinigte Theater? Prag,Landes-
819 2147 2595 2307 Theater, Leipzig, Schauspielhaus, München, Schauspielhaus; Olmütz,
819 2219 2525 2385 Prag, Graz, Dresdener Hoftheater, Stattgart, Hoftbeater, Bremen,
817 2322 2658 2500 Köln, vereinigte Theater; Wiesbaden, Hoftheater; Bonn, Stadt Theater
824 2465 1252 2580 Frankfurt a/M.
724 2450 2618 2653 Wir können Ihnen die erfreuliche Mitteilung machen, dass wir Ihr neues
641 2568 2553 2796 Werk bereits am Deutschen Theater zu Hannover untergebracht haben. Die
646 2675 2663 2853 Bedingungen sind: 10 % und eine Mindest-Garantie von M 500.-, die bereits
661 2730 2603 2943 gezahlt ist. Wir hoffen, gegebenen Falls auch beim Hamburger Schauspiel-
651 2811 2658 3029 haus eine Garantie in gleicher Höhe durchzusetzen. Ob dies auch in Breslau,
