2256 3527
1170 247 1372 380 212
1031 358 1213 438 204
1134 494 1240 595 94
590 559 1883 691 S. FISCHER, VERLAG, BERLIN W., BÜLowSTR. 90
988 648 1498 766 THEATERABTEILUNG
1142 829 1846 930 BERene W., DEN 10. Mai: 09
731 1101 1430 1225 Herrn Dr. Arthur Schnitzler:
1447 1185 1737 1265 Wien XVIII
1427 1227 1793 1371 Spöttelgasse 7
678 1354 1192 1492 Lieber: Herr: Doktor,
759 1437 1981 1618 den „Ruf des Lehansfli. haben wir sogleich in Druck
673 1558 1959 1682 gegeben, die Korrekturen werden Ihnen von der Buch-
660 1646 1946 1764 druckerei in Roitzsch zugehen. Wir drucken gleich-
665 1737 1996 1848 zeitig 100 Bühnenexemplare und kassieren die Vorräte
671 1841 1139 1958 der alten Fassung.
766 1901 2025 2039 Was das Textbuch der „Liebelei“ betrifft, so haben
1056 2019 1278 2069 muuvaa.
675 2011 1992 2138 Sie natürlich die Tantieme von 25 % zu bekommen. Die
671 2112 1984 2211 Frage wird nur sein, ob mit Schott: Söhne: die Grund¬
680 2203 1958 2320 lage zu einer Verständigung gefunden wird. Ich bin
676 2314 1949 2415 bereit, Schott: Söhne, wenn er Gewicht darauf legt;
685 2390 1961 2513 den Alleinvertrieb des Textbuches zu übergeben und
676 2476 1946 2611 dieser Firma einen sehr hohen Rabatt einzuräumen.
673 2596 1979 2710 Eine ähnliche Vereinbarung habe ich auch mit Breit-
