2840 3448
2131 830 2456 1075 1327.2
2063 1036 2247 1143 G.C.F.P.
1939 1092 2413 1208 G.C.H.F.P.V. M. rn
469 1205 2583 1471 von Leo Hirschfeld bringen werde.
502 1332 2580 1572 Wenn auch von diesem Werke eine
477 1445 2741 1747 Wirkung von der Bühne nicht zu erwarte.
511 1586 2760 1837 ist so sind doch soviel hübsche und
556 1688 2780 2015 seine Sachen in dem Stück, dass man
502 1866 2775 2114 von diesem Autor etwas erwarten
1095 1956 2806 2176 die Gedichte von Siegfr. trehisch
548 2063 1056 2244 darf.
559 2108 2808 2393 muß ich leider ablehnen. Hier handeln
581 2233 2817 2475 es sich um die Arbeit eines Hilettanten
584 2345 2791 2732 ich vermuthe den Sie die Gedichte
