2566 3480
1041 223 1183 355 245
678 274 1758 485 S. Fischer, Verlag, Berlin W., Bülowstraße 90
1650 561 2145 698 den 31. März 1911
622 980 1408 1124 Herrn Dr. Arthur Schnitzler
1398 1070 1555 1188 Wien
392 1183 935 1376 Lieber Herr Doktor,
551 1342 1949 1464 § 2 des deutschen Urheber-und Verlagsrechts lautet:
563 1418 2356 1540 "Der Verfasser hat sich während der Dauer des Vertragsverhältnisses
492 1508 2321 1646 jeder Vervielfältigung und Verbreitung des Werkes zu enthalten, die
495 1604 2258 1734 einem Dritten während der Dauer des Urheberrechts untersagt ist.
571 1682 2326 1832 Dem Verfasser verbleibt jedoch die Befugnis zur Vervielfältigung
502 1817 950 1939 und Verbreitung
610 1871 1935 2018 1). für die Uebersetzung in eine andere Sprache,
605 1954 2226 2077 2). für die Wiedergabe einer Erzählung in dramatischer Form
727 2079 1148 2182 oder umgekehrt,
620 2108 2103 2258 3). für die Bearbeitung eines Werkes der Tonkunst etc.
617 2214 2314 2363 Auch ist der Verfasser zur Vervielfältigung und Verbreitung in
524 2321 2348 2446 einer Gesamtausgabe befugt, wenn seit dem Ablauf des Kalenderjahres,
522 2400 2312 2569 in welchem das (einzelne) + Werk erschienen ist, 20 Jahre verstrichen
526 2539 698 2654 sind."
742 2583 2312 2730 Sie sehen, dass das Verlagsrecht, wenn nicht ausdrücklich
455 2708 2419 2819 etwas anderes bestimmt ist, immer ein aussehliessliches ist. Die Schäden,
448 2804 2287 2916 die Sie anführen, können Sie verhüten, wenn Sie sich im Vertrag mit
455 2855 2385 3068 Uebersetzern durch den Vorbehalt schützen, dass das Verk, wenn es nicht
566 3017 1871 3205 „Einzelne“ ist aber eine Interpretation von mir.
