<?xml version="1.0" encoding="UTF-8" standalone="yes"?>
<PcGts xmlns="http://schema.primaresearch.org/PAGE/gts/pagecontent/2013-07-15" xmlns:xsi="http://www.w3.org/2001/XMLSchema-instance" xsi:schemaLocation="http://schema.primaresearch.org/PAGE/gts/pagecontent/2013-07-15 http://schema.primaresearch.org/PAGE/gts/pagecontent/2013-07-15/pagecontent.xsd">
    <Metadata>
        <Creator>prov=READ-COOP:name=TrHtr:version=2.1.0:model_id=51170:date=26_07_2023_22:29</Creator>
        <Created>2023-05-02T08:10:36.001+02:00</Created>
        <LastChange>2023-07-26T22:29:26.626+02:00</LastChange>
        <TranskribusMetadata docId="1416742" pageId="54954984" pageNr="463" tsid="131084954" status="IN_PROGRESS" userId="64420" imgUrl="https://files.transkribus.eu/Get?id=VRRFFPYXAQDKUHIGFNIXERYU&amp;fileType=view" xmlUrl="https://files.transkribus.eu/Get?id=RSQZVJTOPMQVZQYCQMSAGWQT" imageId="44458709"/>
    </Metadata>
    <Page imageFilename="1416742_0463.jpg" imageWidth="2807" imageHeight="3704">
        <ReadingOrder>
            <OrderedGroup id="ro_1711827381153" caption="Regions reading order">
                <RegionRefIndexed index="0" regionRef="tr_2"/>
                <RegionRefIndexed index="1" regionRef="tr_1"/>
            </OrderedGroup>
        </ReadingOrder>
        <TextRegion id="tr_2" custom="readingOrder {index:0;}">
            <Coords points="540,391 2507,391 2507,2385 540,2385"/>
            <TextLine id="tr_2_tl_1" custom="readingOrder {index:0;}">
                <Coords points="1125,447 1149,447 1166,457 1180,450 1205,457 1214,452 1231,460 1246,452 1263,462 1280,457 1304,464 1304,353 1282,351 1260,368 1236,360 1212,385 1192,377 1173,385 1166,380 1139,404 1125,404"/>
                <Baseline points="1137,441 1181,441 1226,441 1271,441 1307,441"/>
                <TextEquiv>
                    <Unicode>235</Unicode>
                </TextEquiv>
            </TextLine>
            <TextLine id="tr_2_tl_2" custom="readingOrder {index:1;}">
                <Coords points="839,551 1132,578 1490,532 1662,573 1727,530 1836,551 1916,522 1918,445 1521,435 1318,479 1130,438 953,469 842,440"/>
                <Baseline points="853,528 892,534 937,534 981,534 1026,537 1071,537 1116,534 1161,534 1205,531 1250,531 1295,531 1340,528 1384,528 1429,525 1474,522 1519,525 1563,522 1608,522 1653,522 1698,519 1743,519 1787,519 1832,516 1877,513 1922,507"/>
                <TextEquiv>
                    <Unicode>S. Fischer, Verlag, Berlin W., Bülowstraße 90</Unicode>
                </TextEquiv>
            </TextLine>
            <TextLine id="tr_2_tl_3" custom="readingOrder {index:2;}">
                <Coords points="1841,694 1979,687 2126,733 2143,718 2220,747 2257,743 2278,738 2283,593 2225,602 2201,583 1937,619 1843,610"/>
                <Baseline points="1856,665 1883,662 1928,662 1972,662 2017,662 2062,662 2107,662 2151,659 2196,656 2241,653 2286,650"/>
                <TextEquiv>
                    <Unicode>den 20/12. 1910</Unicode>
                </TextEquiv>
            </TextLine>
            <TextLine id="tr_2_tl_4" custom="readingOrder {index:3;}">
                <Coords points="740,1103 818,1127 890,1088 972,1103 1033,1074 1093,1101 1475,1120 1512,1113 1517,987 1371,968 1205,1023 1079,1009 1011,1030 808,984 745,999"/>
                <Baseline points="755,1074 758,1074 802,1074 847,1074 892,1074 937,1071 981,1071 1026,1071 1071,1068 1116,1068 1161,1065 1205,1065 1250,1062 1295,1059 1340,1059 1384,1056 1429,1056 1474,1053 1519,1050"/>
                <TextEquiv>
                    <Unicode>Herrn Dr. Arthur Schnitzler</Unicode>
                </TextEquiv>
            </TextLine>
            <TextLine id="tr_2_tl_5" custom="readingOrder {index:4;}">
                <Coords points="1512,1171 1567,1163 1587,1176 1628,1161 1691,1180 1737,1159 1804,1171 1807,1088 1710,1069 1671,1093 1625,1088 1611,1098 1589,1081 1570,1098 1514,1091"/>
                <Baseline points="1525,1143 1569,1143 1614,1143 1659,1143 1704,1140 1749,1140 1793,1140 1811,1146"/>
                <TextEquiv>
                    <Unicode>Wien XVIII</Unicode>
                </TextEquiv>
            </TextLine>
            <TextLine id="tr_2_tl_6" custom="readingOrder {index:5;}">
                <Coords points="527,1367 590,1371 651,1408 694,1386 832,1410 856,1391 1006,1398 1072,1369 1074,1265 721,1301 685,1282 602,1296 530,1263"/>
                <Baseline points="540,1349 584,1349 629,1349 674,1343 719,1343 764,1343 808,1343 853,1340 898,1340 943,1340 987,1337 1032,1337 1077,1340"/>
                <TextEquiv>
                    <Unicode>Lieber Herr Doktor,</Unicode>
                </TextEquiv>
            </TextLine>
            <TextLine id="tr_2_tl_7" custom="readingOrder {index:6;}">
                <Coords points="655,1497 1296,1517 1536,1463 2167,1529 2387,1500 2390,1369 1744,1396 1628,1352 1221,1432 907,1393 658,1437"/>
                <Baseline points="671,1477 692,1477 737,1477 781,1474 826,1474 871,1471 916,1471 961,1471 1005,1468 1050,1468 1095,1468 1140,1468 1184,1465 1229,1465 1274,1462 1319,1462 1364,1459 1408,1456 1453,1456 1498,1453 1543,1453 1587,1453 1632,1453 1677,1453 1722,1450 1766,1450 1811,1447 1856,1447 1901,1447 1946,1444 1990,1441 2035,1441 2080,1438 2125,1438 2169,1435 2214,1438 2259,1435 2304,1435 2348,1432 2393,1432"/>
                <TextEquiv>
                    <Unicode>ich übersende Ihnen zwei Briefe von Herrn Prof. Brecka, der den</Unicode>
                </TextEquiv>
            </TextLine>
            <TextLine id="tr_2_tl_8" custom="readingOrder {index:7;}">
                <Coords points="554,1604 818,1565 912,1601 1417,1558 1563,1592 1628,1550 1763,1589 1766,1473 1635,1507 1415,1478 1313,1517 1076,1480 755,1531 559,1504"/>
                <Baseline points="570,1566 602,1566 647,1566 692,1566 737,1566 781,1563 826,1560 871,1560 916,1560 961,1558 1005,1555 1050,1555 1095,1555 1140,1555 1184,1552 1229,1549 1274,1549 1319,1546 1364,1546 1408,1546 1453,1543 1498,1543 1543,1540 1587,1540 1632,1537 1677,1540 1722,1537 1766,1534"/>
                <TextEquiv>
                    <Unicode>"Medardus" ins Tschechische übersetzen will.</Unicode>
                </TextEquiv>
            </TextLine>
            <TextLine id="tr_2_tl_9" custom="readingOrder {index:8;}">
                <Coords points="658,1671 2385,1669 2438,1553 660,1599"/>
                <Baseline points="671,1656 698,1653 743,1653 787,1650 832,1650 877,1650 922,1647 967,1650 1011,1647 1056,1644 1101,1641 1146,1641 1190,1641 1235,1641 1280,1641 1325,1638 1369,1638 1414,1632 1459,1632 1504,1632 1549,1632 1593,1629 1638,1626 1683,1626 1728,1626 1772,1623 1817,1623 1862,1623 1907,1620 1951,1623 1996,1620 2041,1617 2086,1617 2131,1617 2175,1617 2220,1617 2265,1611 2310,1611 2354,1611 2399,1608 2444,1605"/>
                <TextEquiv>
                    <Unicode>Ich weiss nicht, was Sie wegen des "Schleier der Beatries" mit dem</Unicode>
                </TextEquiv>
            </TextLine>
            <TextLine id="tr_2_tl_10" custom="readingOrder {index:9;}">
                <Coords points="549,1783 2247,1705 2344,1754 2361,1662 551,1705"/>
                <Baseline points="564,1743 576,1746 620,1746 665,1746 710,1743 755,1743 799,1743 844,1740 889,1740 934,1737 978,1737 1023,1737 1068,1737 1113,1734 1158,1734 1202,1731 1247,1731 1292,1728 1337,1728 1381,1725 1426,1725 1471,1722 1516,1722 1560,1722 1605,1719 1650,1719 1695,1719 1740,1716 1784,1716 1829,1713 1874,1710 1919,1710 1963,1710 2008,1707 2053,1707 2098,1704 2143,1704 2187,1704 2232,1701 2277,1701 2322,1698 2366,1698"/>
                <TextEquiv>
                    <Unicode>Herrn vereinbart haben, er hat sich auf diese Vereinbarung für den</Unicode>
                </TextEquiv>
            </TextLine>
            <TextLine id="tr_2_tl_11" custom="readingOrder {index:10;}">
                <Coords points="559,1867 2501,1814 2503,1725 561,1800"/>
                <Baseline points="573,1832 582,1832 626,1835 671,1835 716,1835 761,1832 805,1829 850,1826 895,1826 940,1826 984,1826 1029,1826 1074,1826 1119,1826 1164,1823 1208,1820 1253,1820 1298,1817 1343,1817 1387,1814 1432,1814 1477,1811 1522,1811 1566,1808 1611,1808 1656,1808 1701,1805 1746,1805 1790,1805 1835,1802 1880,1802 1925,1802 1969,1799 2014,1799 2059,1796 2104,1796 2148,1793 2193,1793 2238,1790 2283,1790 2328,1790 2372,1787 2417,1787 2462,1784 2507,1784"/>
                <TextEquiv>
                    <Unicode>"Medardus" bezogen. Am besten ist es wohl, man vereinbart mit dem Herrn</Unicode>
                </TextEquiv>
            </TextLine>
            <TextLine id="tr_2_tl_12" custom="readingOrder {index:11;}">
                <Coords points="554,1966 2368,1901 2433,1894 2438,1804 556,1872"/>
                <Baseline points="570,1925 605,1925 650,1925 695,1922 740,1922 784,1919 829,1916 874,1916 919,1916 964,1913 1008,1913 1053,1910 1098,1910 1143,1910 1187,1907 1232,1904 1277,1904 1322,1901 1366,1901 1411,1901 1456,1901 1501,1898 1546,1898 1590,1898 1635,1898 1680,1895 1725,1892 1769,1892 1814,1892 1859,1889 1904,1889 1949,1886 1993,1886 2038,1883 2083,1883 2128,1883 2172,1880 2217,1880 2262,1877 2307,1877 2351,1874 2396,1874 2441,1868"/>
                <TextEquiv>
                    <Unicode>die Hälfte der Einnahmen und die Abrechnung durch den Schriftsteller-</Unicode>
                </TextEquiv>
            </TextLine>
            <TextLine id="tr_2_tl_13" custom="readingOrder {index:12;}">
                <Coords points="561,2034 1954,1981 2131,2024 2337,2008 2404,1923 564,1966"/>
                <Baseline points="576,2008 617,2011 662,2011 707,2008 752,2008 796,2008 841,2005 886,2005 931,2005 975,2002 1020,2002 1065,2002 1110,1999 1155,1999 1199,1996 1244,1993 1289,1993 1334,1990 1378,1990 1423,1990 1468,1990 1513,1987 1558,1984 1602,1984 1647,1984 1692,1984 1737,1981 1781,1981 1826,1978 1871,1978 1916,1978 1960,1975 2005,1975 2050,1972 2095,1972 2140,1969 2184,1969 2229,1969 2274,1966 2319,1966 2363,1966 2408,1960"/>
                <TextEquiv>
                    <Unicode>verein Maj in Prag. Es wäre vielleicht am einfachsten, wenn Sie das</Unicode>
                </TextEquiv>
            </TextLine>
            <TextLine id="tr_2_tl_14" custom="readingOrder {index:13;}">
                <Coords points="559,2124 2419,2104 2441,1991 665,2075 561,2032"/>
                <Baseline points="573,2104 611,2104 656,2101 701,2101 746,2101 790,2098 835,2098 880,2098 925,2095 970,2095 1014,2092 1059,2092 1104,2089 1149,2089 1193,2089 1238,2086 1283,2086 1328,2086 1372,2083 1417,2083 1462,2080 1507,2080 1552,2080 1596,2077 1641,2077 1686,2077 1731,2074 1775,2074 1820,2071 1865,2071 1910,2068 1954,2071 1999,2068 2044,2068 2089,2065 2134,2065 2178,2062 2223,2059 2268,2059 2313,2059 2357,2059 2402,2059 2447,2062"/>
                <TextEquiv>
                    <Unicode>durch einen Briefwechsel mit ihm direkt abmachen, in derselben Weise,</Unicode>
                </TextEquiv>
            </TextLine>
            <TextLine id="tr_2_tl_15" custom="readingOrder {index:14;}">
                <Coords points="556,2201 1454,2233 1664,2170 1870,2213 2070,2182 2073,2116 559,2124"/>
                <Baseline points="573,2190 599,2190 644,2190 689,2190 734,2190 779,2187 823,2187 868,2187 913,2187 958,2184 1002,2181 1047,2181 1092,2175 1137,2175 1181,2178 1226,2175 1271,2175 1316,2175 1361,2172 1405,2172 1450,2172 1495,2169 1540,2169 1584,2169 1629,2166 1674,2163 1719,2163 1763,2163 1808,2163 1853,2160 1898,2160 1943,2157 1987,2154 2032,2154 2077,2151"/>
                <TextEquiv>
                    <Unicode>wie Sie es für den "Schleier der Beatrice" getan haben.</Unicode>
                </TextEquiv>
            </TextLine>
            <TextLine id="tr_2_tl_16" custom="readingOrder {index:15;}">
                <Coords points="699,2281 876,2339 2010,2254 2286,2300 2353,2276 2356,2145 2085,2220 699,2230"/>
                <Baseline points="713,2280 746,2277 790,2277 835,2274 880,2274 925,2274 970,2274 1014,2271 1059,2271 1104,2268 1149,2268 1193,2268 1238,2265 1283,2265 1328,2265 1372,2265 1417,2265 1462,2262 1507,2262 1552,2259 1596,2259 1641,2259 1686,2253 1731,2256 1775,2256 1820,2253 1865,2253 1910,2253 1954,2250 1999,2247 2044,2247 2089,2244 2134,2244 2178,2241 2223,2241 2268,2238 2313,2238 2357,2235"/>
                <TextEquiv>
                    <Unicode>Was Sie über den Wert einer Monographie sagen, ist natürlich</Unicode>
                </TextEquiv>
            </TextLine>
            <TextLine id="tr_2_tl_17" custom="readingOrder {index:16;}">
                <Coords points="568,2385 2438,2363 2462,2291 568,2327"/>
                <Baseline points="582,2372 584,2375 629,2372 674,2372 719,2369 764,2372 808,2366 853,2369 898,2366 943,2363 987,2363 1032,2363 1077,2363 1122,2360 1167,2360 1211,2357 1256,2357 1301,2354 1346,2354 1390,2354 1435,2354 1480,2351 1525,2351 1569,2351 1614,2348 1659,2348 1704,2345 1749,2342 1793,2342 1838,2342 1883,2342 1928,2342 1972,2339 2017,2337 2062,2337 2107,2334 2151,2334 2196,2331 2241,2331 2286,2331 2331,2328 2375,2328 2420,2325 2465,2322"/>
                <TextEquiv>
                    <Unicode>richtig; dennoch scheint es mir nicht unwichtig, dass bei guter Gele-</Unicode>
                </TextEquiv>
            </TextLine>
        </TextRegion>
        <TextRegion id="tr_1" custom="readingOrder {index:1;}">
            <Coords points="579,2364 2477,2364 2477,3236 579,3236"/>
            <TextLine id="tr_1_tl_1" custom="readingOrder {index:0;}">
                <Coords points="564,2516 2378,2472 2380,2375 566,2426"/>
                <Baseline points="579,2471 593,2468 638,2465 683,2462 728,2462 773,2459 817,2459 862,2456 907,2456 952,2456 996,2453 1041,2453 1086,2450 1131,2450 1175,2450 1220,2450 1265,2447 1310,2447 1355,2444 1399,2444 1444,2441 1489,2441 1534,2441 1578,2438 1623,2438 1668,2435 1713,2435 1757,2435 1802,2432 1847,2432 1892,2432 1937,2429 1981,2429 2026,2426 2071,2423 2116,2423 2160,2423 2205,2420 2250,2420 2295,2414 2339,2417 2384,2417"/>
                <TextEquiv>
                    <Unicode>genheit eine zusammenfassende Betrachtung und Charakteristik Ihres</Unicode>
                </TextEquiv>
            </TextLine>
            <TextLine id="tr_1_tl_2" custom="readingOrder {index:1;}">
                <Coords points="576,2605 2242,2554 2438,2525 2441,2457 578,2496"/>
                <Baseline points="590,2554 608,2551 653,2551 698,2551 743,2548 787,2548 832,2548 877,2545 922,2545 967,2545 1011,2542 1056,2542 1101,2539 1146,2539 1190,2539 1235,2536 1280,2536 1325,2536 1369,2534 1414,2536 1459,2534 1504,2534 1549,2531 1593,2528 1638,2528 1683,2528 1728,2528 1772,2525 1817,2522 1862,2522 1907,2522 1951,2519 1996,2516 2041,2516 2086,2513 2131,2513 2175,2510 2220,2510 2265,2510 2310,2507 2354,2507 2399,2504 2444,2504"/>
                <TextEquiv>
                    <Unicode>Gesamtwerks dem Publikum dargeboten wird. Es wird doch manches damit</Unicode>
                </TextEquiv>
            </TextLine>
            <TextLine id="tr_1_tl_3" custom="readingOrder {index:2;}">
                <Coords points="578,2685 2300,2651 2470,2624 2472,2520 580,2603"/>
                <Baseline points="593,2641 596,2641 641,2644 686,2641 731,2641 776,2641 820,2638 865,2638 910,2635 955,2635 999,2635 1044,2632 1089,2629 1134,2632 1178,2632 1223,2629 1268,2626 1313,2629 1358,2626 1402,2626 1447,2623 1492,2623 1537,2620 1581,2620 1626,2617 1671,2617 1716,2614 1760,2611 1805,2611 1850,2611 1895,2611 1940,2608 1984,2608 2029,2605 2074,2605 2119,2605 2163,2602 2208,2599 2253,2599 2298,2599 2342,2599 2387,2596 2432,2596 2477,2596"/>
                <TextEquiv>
                    <Unicode>ins rechte Licht gestellt, was durch die Tageskritik in den Zeitungen</Unicode>
                </TextEquiv>
            </TextLine>
            <TextLine id="tr_1_tl_4" custom="readingOrder {index:3;}">
                <Coords points="566,2762 2470,2728 2472,2636 568,2675"/>
                <Baseline points="579,2733 596,2733 641,2733 686,2730 731,2730 776,2730 820,2730 865,2728 910,2728 955,2725 999,2725 1044,2725 1089,2722 1134,2722 1178,2722 1223,2719 1268,2716 1313,2716 1358,2716 1402,2716 1447,2713 1492,2713 1537,2713 1581,2710 1626,2707 1671,2707 1716,2707 1760,2704 1805,2704 1850,2701 1895,2701 1940,2701 1984,2698 2029,2698 2074,2698 2119,2695 2163,2695 2208,2692 2253,2692 2298,2692 2342,2689 2387,2689 2432,2689 2477,2686"/>
                <TextEquiv>
                    <Unicode>nicht festgehalten ist. Vielleicht käme Handl für ein solches Buch in</Unicode>
                </TextEquiv>
            </TextLine>
            <TextLine id="tr_1_tl_5" custom="readingOrder {index:4;}">
                <Coords points="573,2852 2015,2798 2218,2871 2438,2820 2441,2731 573,2765"/>
                <Baseline points="587,2823 611,2820 656,2820 701,2820 746,2820 790,2817 835,2817 880,2817 925,2817 970,2814 1014,2811 1059,2811 1104,2811 1149,2808 1193,2808 1238,2808 1283,2808 1328,2805 1372,2805 1417,2805 1462,2805 1507,2805 1552,2799 1596,2799 1641,2796 1686,2796 1731,2796 1775,2793 1820,2793 1865,2790 1910,2790 1954,2787 1999,2787 2044,2787 2089,2787 2134,2784 2178,2784 2223,2781 2268,2781 2313,2781 2357,2781 2402,2778 2447,2772"/>
                <TextEquiv>
                    <Unicode>Betracht; er schreibt eine Monographie über Bahr und würde, wie ich</Unicode>
                </TextEquiv>
            </TextLine>
            <TextLine id="tr_1_tl_6" custom="readingOrder {index:5;}">
                <Coords points="573,2958 745,2924 1200,2948 1313,2910 1565,2953 1797,2900 1800,2825 1250,2866 1072,2842 980,2881 576,2864"/>
                <Baseline points="590,2913 593,2913 638,2913 683,2910 728,2910 773,2910 817,2910 862,2910 907,2907 952,2907 996,2904 1041,2904 1086,2904 1131,2901 1175,2901 1220,2898 1265,2898 1310,2895 1355,2898 1399,2895 1444,2895 1489,2892 1534,2892 1578,2889 1623,2889 1668,2886 1713,2886 1757,2886 1802,2883"/>
                <TextEquiv>
                    <Unicode>sicher glaube, auch über Sie gern schreiben.</Unicode>
                </TextEquiv>
            </TextLine>
            <TextLine id="tr_1_tl_7" custom="readingOrder {index:6;}">
                <Coords points="839,3038 883,3065 975,3033 1038,3072 1197,3050 1229,3069 1325,3026 1478,3038 1480,2934 1311,2912 1224,2944 1105,2929 1057,2956 987,2927 953,2953 888,2941 839,2961"/>
                <Baseline points="853,2996 856,2996 901,2996 946,2996 990,2993 1035,2993 1080,2993 1125,2993 1169,2990 1214,2990 1259,2990 1304,2987 1349,2987 1393,2984 1438,2984 1483,2984"/>
                <TextEquiv>
                    <Unicode>Mit herzlichen Grüssen</Unicode>
                </TextEquiv>
            </TextLine>
            <TextLine id="tr_1_tl_8" custom="readingOrder {index:7;}">
                <Coords points="1691,3096 1795,3108 1865,3072 1930,3084 1976,3065 2049,3069 2078,3062 2080,3014 1950,2982 1928,2992 1913,2982 1882,3002 1766,3004 1693,2963"/>
                <Baseline points="1704,3068 1725,3065 1769,3062 1814,3062 1859,3062 1904,3062 1949,3059 1993,3059 2038,3056 2083,3050"/>
                <TextEquiv>
                    <Unicode>Ihr ergebener</Unicode>
                </TextEquiv>
            </TextLine>
            <TextLine id="tr_1_tl_9" custom="readingOrder {index:8;}">
                <Coords points="1751,3270 1831,3270 1862,3248 1887,3265 1923,3241 1979,3246 2015,3224 2041,3239 2087,3212 2136,3222 2150,3207 2211,3205 2216,3118 2136,3132 2027,3065 1923,3089 1865,3074 1831,3103 1758,3103"/>
                <Baseline points="1766,3226 1769,3226 1814,3220 1859,3220 1904,3214 1949,3214 1993,3211 2038,3211 2083,3208 2128,3208 2172,3205 2217,3199"/>
                <TextEquiv>
                    <Unicode>S. Fischer</Unicode>
                </TextEquiv>
            </TextLine>
        </TextRegion>
    </Page>
</PcGts>
