2256 3527
1105 256 1339 392 212
993 358 1182 492 20a
1007 522 1153 616 196
511 546 1816 695 S. FISCHER,VERLAG, BERLIN W., BÜLowSTR. 90
1103 773 1768 921 BERene W., DEN11. Juni 1909
623 935 1003 1071 Einschreiben!
701 1103 1467 1243 Herrn Dr. Arthur Schnitzler
1251 1200 1575 1317 Wien XVIII.
575 1331 1131 1496 Lieber Herr Doktor,
694 1442 1878 1609 Mr. Horace B. Samuel London, schickt uns
566 1547 1876 1702 den anliegenden Cheek über £ 10.10 sh., als den
584 1637 1823 1776 auf Sie entfallenden halben Anteil am Honorar
580 1697 1905 1866 für den Abdruck von „Die Frau mit dem Dolchen
1272 1797 1503 1861 vermeint
590 1830 1895 1943 In der „Fortnightly Review.” Mr. Samuel hat im
590 1899 1900 2035 Oktober 1908 von uns nur das Recht des Abdrucks
594 1971 1950 2150 bekommen, die Rechte für die Aufführung haben wir
602 2066 1931 2234 uns reserviert. Es ist nun die Frage, ob Sie Mr.
602 2146 1990 2313 Grain auch die Aufführungsrechte für „Die Frau mit
613 2253 1995 2398 dem Dolche übertragen haben. Mr. Samuel fragt bei
618 2339 1936 2485 uns an, unter welchen Bedingungen er die Rechte
623 2430 1838 2577 für „Anatol“ und den „Schleter der Bestrice“
627 2494 1964 2658 haben kann, er meint aber offenbar nicht nur die
