2776 3384
1379 173 1505 263 120
1057 249 1889 405 S. FISCHER, VERLAG
1128 379 1330 510 atischen
1514 469 2327 592 BERene W., DEN 3. Sept. 1904
664 481 1304 609 wenn es in Deutschland ged
415 562 649 628 TELEPHON;
1524 574 1948 675 BÜLOWSTRASSE 90/91
1749 619 1868 675 tandis
424 574 1495 711 AMT VI, 1662,is bis die Registrierung erfolgt
1524 656 1879 777 erwährt auch jetzt
723 697 1491 787 sere Auffassung war und ist viel
986 751 2045 884 Herrn Dr. Arthur Schnitzler
671 763 936 879 Grund auch He
1640 846 2033 969 Wie n. XVIII
974 867 1062 967 G.F.P.
661 853 946 972 Schutzes für
780 950 922 1066 Ich x
1583 943 1967 1069 Spöttelgasse 7
1875 1031 2252 1147 res. Dieser Stadt
822 1036 953 1145 liege
661 1029 758 1159 des.
1894 1126 2007 1218 G.C.H.F.P.
1308 1140 1394 1249 G.C.P.
661 1149 747 1254 den
766 1133 1268 1258 Lieber Herr Doktort
844 1204 2555 1365 Da mir Ihr Brief den Eindruck macht, als ob Sie glaubten, ich hätte
728 1320 2552 1500 Ihnen wegen des Copyright blauen Dunst vorgemacht, lasse ich Ihnen mitfol-
1112 1349 1258 1408 G.H.F.M.
666 1337 796 1415 Werke
735 1391 2571 1600 gend eine Druckschrift zugehen, aus der Sie auf Seite 24 und 25 die betref-
730 1458 813 1514 G.H.F.F
718 1477 2628 1685 fenden Bedingungen über die Erlangung des Schutzes in Amerika ersehen wollen.
737 1602 2583 1782 Vielleicht gelingt es Ihnen, aus diesen gesetzlichen Bestimmungen klüger zu
744 1668 2593 1872 werden, als es mir und, wie es scheint, auch den Herausgeber dieser Schrift
742 1770 2531 1972 gelungen ist. Absatz 2 spricht ausdrücklich von öffentlichen Werken und
744 1846 2621 2057 und insbesodere von dramatischen Werken. Nach diesen Absatz würde der Schutz
905 1905 1097 1965 Amerika
754 1969 2529 2119 des in Deutschland gedruckten dramatischen Werkes unter Einhaltung der
749 2052 2626 2206 hier vorgeschriebenen Bedingungen ganz zweifellos sein Bei den sit. c bezeich-
754 2102 865 2152 G.H.P
744 2135 2602 2327 neten Absatz auf Seite 25 ist nur von Büchern, Photographien etc. die Rede,
924 2188 1005 2240 ten,
766 2211 2609 2375 es wird also zwischen den Absatz 2 und der Unterabteilung ein Unterschied
896 2275 1180 2332 nicht ausser
756 2318 2616 2474 zwischen veröffentlichten dramatischen Werken und Büchern und Photographien
775 2356 1337 2432 eine sie Publikus finde.
1905 2398 2396 2522 Schutsas in xxx
780 2453 1223 2524 fall zu überlegen,
766 2498 1479 2574 etc. im allgemeinen gemacht.
882 2498 2605 2650 Als ich Ihnen wegen des Copyright schrieb, stand ich vollständig auf
678 2552 986 2616 zubringen ei
768 2579 2529 2749 den Standpunkt, der auch bei den Vertreter der Astlichen Stelle für den
766 2616 1116 2707 istrierung is
766 2659 2548 2861 deutschen Buchhandel in Neu-York offenbar naassgebond war: dass die Begliederungs¬
687 2737 948 2811 siben prak
