2713 3335
1178 351 1296 443 132
657 346 1965 563 S. FISCHER,VERLAG, BERLIN W., BÜLowSTR. 91
1241 586 1956 725 BERene W., DEN...2». Dez. 05
828 883 1606 1008 Herrn Dr. Arthur Schnitzler
1296 956 1575 1043 Wien XVIII
1195 1006 1614 1127 Spöttelgasse 7
911 1152 1499 1270 Lieber Herr Doktor!
894 1216 1947 1396 Die Nachfrage nach der Buchausgabe von
793 1338 1897 1475 „Zwischenspiel ist gut; wir drucken die
801 1401 1975 1564 dritte Auflage und überweisen gleichzeitig
806 1496 2009 1671 der K. K. priv. allgem. österr. Bodencredit-
807 1585 2053 1757 Anstalt in Wien für Ihre Rechnung das Honorar
825 1713 1419 1836 von Vierhundert Mark.
843 1757 1986 1928 Der Eile wegen war es nicht möglich, Ihre
804 1860 2017 1998 correcturen diesmal dem Satz einzufügen, das
810 1964 1996 2098 wird aber nach Druck dieser dritten Auflage
812 2036 2007 2205 geschehen, so dass weitere Auflagen die von
815 2088 2093 2279 Ihnen gewünschten Correcturen enthalten werden.
932 2205 2020 2339 Der Theaterbericht mit den Kritiken aus
820 2287 2030 2447 Berlin und Wien gelangt heute an die Bühnen
820 2350 2109 2554 zur Versendung. Bis jetzt hat noch keine Bühne
