2196 3495
1001 233 1225 346 a.c.
902 454 1048 618 173
423 592 1715 721 S. FISCHER,VERLAG, BERLIN W., BÜLowSTR. 90
979 792 1641 900 BERene W., DEN 15. Juni: 08
586 1098 1286 1193 Herrn: Dr. Arthur Schnitzler
1307 1179 1578 1261 Wien XVIII
1232 1253 1600 1325 Spöttelgasse 7
1351 1338 1431 1412 al
618 1356 1103 1447 Lieber Herr Doktor,
773 1494 1699 1584 ich habe mit Singer & Co: wegen Ihrer
522 1584 1658 1676 Bücher verhandelt. Von „Reigen“ sind etwa 900
525 1674 1753 1753 Exemplare zu haben. Die Firma behauptet, dass das
518 1721 1810 1868 Honorar für die vorrätigen Exemplare mit Ihnen ver¬
520 1852 1708 1943 rechnet ist. Nun liegt die Sache so, dass eine
517 1934 1718 2027 Klagefeststellung wegen Freigabe doch nur einen
522 2035 1787 2116 sehr zweifelhaften Erfolg haben würde. Wir könnten
522 2133 1771 2233 nämlich nur an der Stelle klagen, wo der „Reigen“
522 2227 1795 2312 verboten ist (in München?). Selbst: wenn wir an der
518 2307 1740 2384 betreffenden Stelle mit der Klage Erfolg hätten.
528 2386 1732 2500 so würde die Staatsanwaltschaft in jedem andern
517 2483 1687 2579 Orte berechtigt sein, das Verbot von neuen zu
539 2563 1821 2694 erlaisen. Da eine Zensur in Deutschland prinzipiell
