2610 3512
764 809 2013 939 Herr Bloch hat uns die nach der zweiten Abrechnung
1511 869 1783 933 dans les mêmes ou de
1367 879 1474 939 man
618 907 1932 1034 sich ergebenden K.75,11 zur Verfügung gestellt. Die
1278 976 1415 1037 lisse.
623 988 1937 1128 andern Beträge sind vor dem 14. September bei Entsch
623 1111 1393 1235 eingegangen und wohl verloren.
752 1190 1991 1307 Zu dieser Abrechnung habe ich heute Bloch die an-
647 1281 1896 1420 liegende, mit III bezeichnete Aufstellung gegeben,
651 1350 1973 1506 über Posten, die jeder in der Aufstellung von Entsch,
661 1450 1941 1613 noch in der zweiten Aufstellung von Bloch enthalten
654 1544 1922 1697 sind. Es befinden sich darunter einige Posten über
644 1632 2027 1769 Aufführungen in Oesterreich, die wohl inzwischen Kirich
646 1731 2025 1874 mit Ihnen verrechnet hat. Um in diese Sache etwas Licht
647 1827 2015 1980 zu bringen, bitte ich Sie mir mitzuteilen, welche Pos¬
660 1901 1925 2061 ten Eirich mit Ihnen im Laufe dieses Jahres direkt
665 2049 1060 2149 verrechnet hat.
819 2102 2047 2234 Den Verlust, der sich aus dem letzten Vierteljahr
677 2178 2027 2324 bei Entsch für Sie ergibt, bin ich bereit, dadurch aus
678 2289 2001 2434 zugleichen, dass ich Ihnen bis zur Höhe des in Frage
685 2384 1980 2509 stehenden Betrages meine Provision für die neu über¬
687 2468 1929 2604 nommenen Werke nicht in Anrechnung bringen werde.
845 2559 2030 2684 Die Originalabrechnung von Bloch lassen Sie mir
689 2642 2013 2781 bitte wieder zugehen, damit ich sie bei weiteren Re-
