2196 3495
1037 240 1212 327 22
416 612 1711 770 S. FISCHER, VERLAG, BERLIN W., BÜLowSTR. 90
991 755 1685 970 BERene W., DEN  1.: Juni:08
847 1063 1536 1236 Herrn Dr. Arthur Schnitzler
1315 1194 1583 1291 Wien XVIII
1335 1267 1706 1351 Spöttelgasse 7
525 1330 1011 1461 Lieber Herr Doktor,
629 1464 1756 1583 Herr Hans Bondy ist mir sehr wohl bekannt, er
522 1547 1805 1657 ist ein ###anständiger Mensch, dessen Verlag wohl
525 1641 1806 1767 zu unterstützen wäre. Ich fürchte aber, dass er bei
522 1735 1716 1876 seiner völligen Unfähigkeit nicht imstande sein
528 1842 1327 1952 wird, einen Verlag zu leiten.
705 1908 1829 2020 Wenn aber der „Reigen“ in Deutschland erschei
522 2020 1763 2100 nen kann, so wäre es nicht notwendig, dass gerade
528 2087 1806 2181 dieses Buch in einem andern Verlag herauskommt. Die
528 2195 1761 2283 Frage ist ja nur die, ob es gelingt, den „Reigen“
358 2202 449 2284 F.
525 2273 1811 2381 In Deutschland freizubekommen, ich glaube es nicht:
525 2365 1724 2464 aber ich will, wenn Sie wünschen, ohne weitenes
531 2451 1831 2586 einen Process um die Freigabe führen, denn ohne die-
525 2553 1725 2655 sen Prozess ist ja auch Herr Bondy nicht in der
