2560 3593
1949 416 2073 609 br.
408 638 2100 737 Sie wissen, dass wir mit Ihrer Zustimmung auch Maurice Browne
280 730 2160 848 die Aufführung von „Anatol“ für Chicago übertragen haben. Das war zu
284 844 2090 947 einer Zeit, als von Alice Kaiser dieser Vertrag noch nicht vorlag.
282 923 2169 1029 Browne hatte auf unsere zustimmende Erklärung 2 ½ Monate nicht geant-
289 1019 2132 1126 wortet und so glaubten wir für Chicago frei zu sein. Jetzt macht er
284 1103 2130 1190 aber für Chicago Rechte geltend, und es wird Sache von Alice Kaiser
287 1187 1477 1323 sein, sich mit Browne irgendwie zu einigen.
455 1284 2187 1375 Die Buchausgabe von „Bernhardi“ wird rechtzeitig fertig werden.
284 1356 2271 1479 Bis jetzt sind Verträge abgeschlossen mit Frankfurt (Garantie M. 1000.-)
299 1474 1165 1598 und Bremen (Garantie M. 400.- )
698 1563 1331 1687 Mit herzlichen Grüssen
1361 1640 1464 1754 Ihr
1232 1665 1707 1885 S. Fischer
