2929 3495
1109 406 2018 566 FISCHER.VERLAG
2050 600 2133 705 stein
1440 612 1939 732 Stat zu bringen. Es
380 654 984 776 TELEPHON: AMT VI, No. 1662.
2035 686 2312 818 3/7. 1900.
1479 700 1959 811 BERLIN W., DEN
1433 781 1846 874 BÜL iWSTRASSE 9
1428 835 1795 938 Discretion zu
989 906 1763 1058 Herrn Dr. Arthur Schnitzler
1731 972 2025 1075 peuil
1178 1004 1707 1122 Sur erge
1648 1046 1873 1168 Wien.
607 1075 1158 1242 Lieber Herr Doktor!
1954 1153 2055 1254 .8.
717 1237 2459 1381 Ich habe Ihren Roman noch nicht gelesen, ich nehme mir das Manu-
607 1325 2148 1445 script auf die Reise mit und freue mich aus die Lektüre.
747 1428 2485 1533 Heute muss ich vorerst auf den Honorarpunkt eingehen, denn Ihre
610 1521 2579 1619 Honorarforderung übersteigt so sehr nie Honorarkraft unserer Zeitschrift
620 1599 2461 1734 für grössere Werke, dass wir hier ernste Bedenken haben, den andern
622 1695 2446 1942 neben dem objectiven Wert einer Arbeit auch die Zugkraft des Autors
610 1687 1616 1780 Mitarbeitern gegenüber einen so eklag
602 1778 962 1876 Wenn wir wurde
627 1773 2505 2003 einen Maassstab für die Honorierung abgiebt, so müssen wir gerade bei
637 1856 2576 2096 Romanwerken vermeiden, den Honorarmassstab so zu verrücken, dass ein ar¬
646 1949 2552 2216 ges Missverhältnis mit der Honorierung anderer Arbeiten dieser Art ent¬
654 2040 2508 2263 steht. Bei einzelnen Beiträgen müssen wir oft von unserm Honorarsatz
656 2130 2454 2358 aboveichen; bei Romanen, auf die sich jedes Heft stützt, müssen wir
666 2228 2485 2451 bei dem Prinzip des „Pauschal-Honorars“ bleiben. Das ist der Grund,
676 2336 2417 2556 weshalb sich eine Honorarbemessung pro Seite nicht machen lässt.
818 2410 2571 2620 Sie finden mich bereit, Ihren Wünschen möglichst nahe zu kommen.
688 2483 2608 2723 Ich habe berechnet, dass Ihr Manuscript etwas über 100 Druckseiten bei
700 2549 2630 2809 uns betragen würde; nach Ihren Wünschen würde also ein Honorar von 2000
703 2681 2539 2902 Mark in Frage kommen. Würden Sie uns den Abdruck des Romans zu dem
708 2757 2559 2995 Pauschal-Honorar von 1800 Mark überlassen? Ich mache Ihnen diesen
727 2875 2294 3105 schlag nicht deshalb, um Ihnen 500 Mark weniger zu bieten
