2585 3543
946 262 1118 384 307
581 365 1985 518 S. Fischer, Verlag, Berlin M., Bülowstrasse 90
1222 451 1555 569 20/12. 1912
624 710 1392 859 Herrn Dr. Arthur Schnitzler
1380 811 1526 955 Wien
358 1008 898 1133 Lieber Herr Doktor,
1930 1056 2016 1181 D'
530 1157 2191 1267 die heitere Gefasstheit, mit der Sie nunmehr den auswärtigen
370 1248 2148 1354 Angelegenheiten gegenüber stehen, steht im glücklichen Verhältnis
744 1334 1022 1382 dʼavoir lʼhonneur les mêmes.
576 1342 691 1380 ouvrage
367 1334 2119 1435 zu der beginnenden Ausbreitung Ihres geistigen Gutes im Ausland.
362 1430 2155 1534 Aus all den Correspondenzen, die zu grossen Resultaten noch nicht
365 1517 2294 1634 geführt haben, ist das eine ersichtlich: dass sich Ihr Werk in Amerika
374 1630 2174 1714 und in Frankreich zu konsolidieren beginnt. Aus diesem Grunde wäre
370 1685 2177 1800 doch wohl das Anerbieten Björkmans nicht ohne weiteres abzuweisen.
370 1802 2186 1891 Was uns in Amerika bisher fehlte, ist ein guter Verlag, der an dem
382 1831 2254 1980 systematischen Aufbau Ihres Werkes ein Interesse hat. Hier wäre viel-
374 1963 2290 2066 leicht ein Weg dazu. Mit einigen Kautelen wie solchen, die sich darauf
374 2064 2239 2150 beziehen, dass das Uebersetzungsrecht für die Bühnenaufführungen uns
374 2148 2263 2249 zufällt, wenn innerhalb einer gewissen Zeit keine Aufführung erfolgt,
377 2222 2174 2323 liesse sich doch immerhin wirtschaften. Auch über die 150 Dollars,
374 2328 2239 2450 die der Uebersetzer voraushaben will, wird vielleicht zu reden sein.
372 2400 2232 2542 Die Schwierigkeit ist nur die, dass Uebersetzungen schon existieren.
379 2503 2189 2633 Auf alle Fälle will ich versuchen, ob sich eine Grundlage zu einem
382 2599 970 2726 Vertrag finden lässt.
564 2671 2294 2803 Ich schicke Ihnen den eben eingetroffenen Brief von Miss Kaiser
389 2736 1944 2904 (der Check über 300 Dollars ist noch nicht eingegangen).
564 2830 2174 2964 Die Auskunft, dass Mr. Ames direkt an Mr. Barker Tantiemen
384 2894 2304 3055 bezahlt, gibt Ihnen doch das Recht, bei Mr. Barker anzufragen, wieviel
