3186 3672
925 645 2117 786 Verleger, der das Aufführungsrecht besitzt,
913 756 2038 881 irgend ein Recht auf diese Verfilwung hat
1760 826 2039 874 de la rivière ses ai-
920 864 2161 977 Watürlich besitzt der Verleger keines, da es
916 946 2158 1055 sich ja nicht um eine Aufführung, sondern um
916 1037 2088 1115 eine mechanische Wiedergabe handelt. Alles
1201 1097 1664 1147 votre beaucoup de lʼannée
920 1118 2155 1222 dies nur für den Fall, dass in Ihrem Vertrag
916 1202 2220 1334 mit dem Verleger die Verfilmungnicht vorgesehen
913 1295 2074 1407 ist. Vom Verleger kann lediglich das Auf-
913 1370 2184 1503 fürungsrecht für Jene Aufführung erworben
916 1482 2038 1592 werden, welche dann von einer Filmfabrik
907 1555 2052 1646 photographisch festgehalten werden soll.
1019 1636 1097 1682 G.C.F.P
1024 1628 2057 1773 Herr Prof. Dennanyi wäre bereit, bei
916 1721 2150 1869 gleichen Bedingungen der Dania Biefilm Komp.
910 1849 2112 1961 den Vorzug zu geben. Haben Sie die Liebens-
910 1919 2169 2046 würdigkeit, uns zu sagen, wie Sie selbst sich
910 2002 1706 2127 zu diesem Vorschlag stellen.
985 2106 2007 2230 In vollkommener Hochachtung sind wir
1597 2166 1874 2246 ergebenst
1531 2218 1994 2298 S. FISCHER, VERLAG
1528 2282 2002 2381 THEATERABTEILUNG
1982 2280 2100 2402 seul
