2256 3527
1161 261 1419 390 212
998 357 1192 450 204
1075 488 1212 612 197
480 553 1794 770 S. FISCHER, VERLAG,’ BERLIN W., BÜLOUSTR. 90
886 687 1408 796 THEATERABTEILUNG
1083 837 1692 961 BERene W., DEN 18/6. 09.
767 1062 1483 1264 Herrn Dr. Arthur Schnitzler
1447 1199 1723 1333 Wien XVIII
669 1360 1161 1512 Lieber Herr Doktor,
821 1475 1794 1625 Direktor Barnowsky vom Kleinen Theater
683 1558 1850 1705 kommt immer wieder auf „Komtess Mizzi" zurück.
687 1662 1879 1789 Es handelt sich diesmal darum, dass er zu einem
698 1752 1907 1889 dreiaktigen Stück, von dem er sich einen grossen
697 1856 1943 1977 Erfolg verspricht, („Der Hahnenkampf“ von Lauten-
711 1928 1954 2086 sack) „Komtess Mizzi“ gern haben möchte. Er würde
711 2029 1871 2166 30 Aufführungen mit einer Minimalgarantie von
728 2098 1977 2248 M. 1000.- garantieren, bei einer Tantiene von 3½.
721 2194 1936 2347 Bitte lassen Sie uns wissen, wie wir uns zu die-
728 2310 1551 2439 sem Anerbieten verhalten sollen.
1111 2401 1595 2524 Mit vielen Grüssen
1607 2463 1711 2607 Ihr
1475 2488 1925 2718 S. Fischer
