2713 3207
1271 189 1369 294 114
986 260 1835 456 S. FISCHER, VERLAG
616 444 2402 623 Zu Anbetracht der provinzialen Verhältnisse, des schönen Wetters und
1465 564 2280 638 BERene W., DEN 28/3. 1904
353 579 586 653 TELEPHONS
1924 601 2262 685 zwischen xxx
631 606 1921 712 Kontia künstlerischen Charakte BÜLowSTRASSE 90/91
351 638 601 714 AMT VI, 1662
564 675 2439 790 stattgeben zu müssen geglaubt, unter der Bedingung, dass das Deutsche
1975 758 2454 842 werdings beabsich
582 753 1862 883 Theater in Hannover den „Einsamen Weg“ nicht
618 822 2302 977 Igt, erst im Herrn Dr. Arthur Schnitzler xxxndern in der xxx
633 866 768 942 G.H.F.P.
1943 893 2235 972 Wien XVIII
574 935 2314 1058 15. Oktober bis 18. November 1884. Die Direktion h;i;e: _:a
2211 1026 2338 1129 rauf
1975 1033 2140 1102 ligen,
1580 1055 1713 1114 G.H.F.P.
1229 1060 1499 1119 Jahrwar als
1085 1053 1175 1131 des
599 1035 967 1158 nochmals dring
982 1080 1730 1215 Sehr geehrter Herr Doktor!
1750 1116 2309 1215 an bei der Forderung
591 1166 1212 1247 wir jedoch nicht einge
660 1210 2495 1323 Zunächst was die angebliche Moskauer Aufführung des Einsamen Weges“
550 1293 2427 1413 anbetrifft, haben wir uns direkt an Herrn Lindemann um Aufklärung ge-
557 1369 2476 1519 wandt und erhalten heute beiliegenden Bescheid. Es ist wahrscheinlich,
557 1475 2412 1583 dass die Sache sich so verhält, wie Lindemann auf beiliegender Karte
557 1565 2380 1683 schreibt. Trotzdem wenden wir uns heute behufs genauer Feststellung
559 1612 2532 1764 der Angelegenheit gleichzeitig an 3 verschiedenen Moskauer Buchhandlungs-
555 1757 1575 1880 Firmen, mit der Bitte um Auskunft.
687 1781 2373 1973 Sie haben vollständig recht, wenn Sie meinen, dass eigentlich
569 1862 2510 2027 eine Garantie-Summe sofort bar hinterlegt werden müsse. Leider entschei-
567 1980 2471 2118 det bei derartigen Verträgen oft weniger der gesunde Menschenverstand,
567 2059 2508 2233 als die Usance, und wir können Ihnen versichern, dass es, mit geringen
569 2167 2493 2304 Ausnahmen allgemein üblich ist, dass eine Garantie nicht sofort bar be-
574 2284 1514 2392 zahlt wird. zu leisten pflegt.
677 2294 2414 2456 Wir beehren uns Ihnen heute genauere Daten der Aufführung Ihres
582 2383 2530 2594 „Einsamen Weges“ mitzuteilen. verfügung). Aufführunga-Termin 1/1. 1905.
645 2495 2351 2684 Hannover, Deutschen Theater, 10 % von der Bruttosinnahme,
623 2603 2510 2763 500 Mark Mindestgarantie (bereits gezahlt und schon jetzt zu Ihrer
658 2672 2402 2854 Verfügung. Aufführung-Termin 1. April 1904, Conventionalstrafe
672 2773 2562 2922 1000 Mark. Die Direktion ersucht uns um Prolongation des Fertrages,
623 2888 2540 3008 unter Hinweis darauf, dass, da die Barzutie bereits bezahlt sei, dem
1671 2964 2338 3106 den nicht erwachse. Wir habe
