2649 3465
1125 149 1307 272 accct
987 232 1196 367 258
566 329 1953 488 S. Fischer, Verlag, Berlin W., Bülowstrasse 90
1515 481 1982 620 den 9. Okt. 1911
547 855 1302 997 Herrn Dr. Arthur Schnitzler
1304 945 1458 1091 Wien
367 1146 902 1262 Lieber Herr Doktor,
500 1281 2249 1397 die Versendung der Rezensions-Exemplare wird nach Ihren Wünschen
360 1371 2202 1470 geschehen. Wir richten es in der Regel so ein, dass die Rezensenten
372 1480 2228 1567 die Rezensionsexemplare einen Tag nach der Aufführung bekommen. Nun
362 1584 2159 1657 haben sich fast aus allen Städten, wo „Das weite Land“ am 14. zur
369 1626 2154 1752 Aufführung kommt, Rezensenten an uns gewendet und um Ueberlassung
369 1742 2190 1840 des Exemplars schon jetzt gebeten. Ich weiss nicht, ob es klug ist,
372 1835 2192 1925 den Rezensenten die Exemplare bis nach der Premiere vorzuenthalten,
369 1920 2249 2022 sie können ja dann doch nichts mit dem Buch anfangen, denn ich glaube
372 2015 2223 2117 nicht, ob die Provinz-Rezensenten zwei Mal über ein Stück schreiben.
376 2081 2280 2202 Es kommt hinzu, dass sich in der Provinz die Rezensenten besser orien
379 2195 2164 2285 tieren und zurechtfinden, wenn sie das Stück vorher gelesen haben.
384 2282 2202 2389 Vielleicht empfiehlt es sich, mit Ausnahme von Wien und Berlin, den
369 2358 2244 2505 Rezensenten die Exemplare schon jetzt zuzuschicken mit der Bedingung,
379 2443 1825 2545 dass sie vor der Aufführung nichts darüber schreiben.
485 2526 2223 2656 Aus der gleichzeitigen Uraufführung in den verschiedenen Städten
374 2644 2121 2744 ergibt sich bei der Versendung an den Buchhandel eine technische
374 2701 2211 2820 Schwierigkeit. Es ist wünschenswert, dass Ihr Buch spätestens am 16.
374 2815 2190 2914 in allen Buchhandlungen zu haben ist. Die Leipsiger Expedition, die
372 2917 2216 3004 die Gesamtversendung an den Buchhandel organisiert, geschieht in der
