2649 3465
1204 275 1348 381 262
726 363 2123 494 S. Fischer, Verlag, Berlin W., Biilowstrasse 90
1862 509 2245 631 den 15/XI. 11
760 938 1519 1053 Herrn Dr. Arthur Schnitzler
1517 1048 1675 1158 Wien
590 1118 1118 1258 Lieber Herr Doktor,
699 1303 2315 1395 als Sie mir in Berlin sagten, dass es Ihnen lieb wäre, wenn
566 1391 2357 1474 Jacques über den "Medardus" schriebe, war die Sache mit Kerr nicht
566 1494 2357 1573 mehr rückgängig zu machen. Be hat mit Kerr wiederholt darüber ge-
566 1564 2238 1677 sprochen, dass er bei Gelegenheit der Besprechung des "Weiten
548 1668 2362 1762 Landes" auch den "Medardus" bespricht, zuletzt, nachdem das "Weite
561 1735 2285 1841 Land" hier aufgeführt wurde. Das wusste ich nicht, ich hätte es
568 1844 1282 1943 Ihnen sonst gleich gesagt.
674 1918 2321 2004 Ich habe die Besprechung von Kerr gelesen. In einer umfassen-
566 2015 2249 2091 den Rezension über die neuen Stücke von Eulenberg und Bernard
559 2089 2272 2179 Shaw spricht er an erster Stelle vom "Medardus" und vom "Weiten
566 2177 2290 2303 Land." Er steht, wie ich sehe, den beiden Stücken doch viel sym-
563 2292 2297 2380 pathischer und freundlicher gegenüber, als nach der Besprechung
561 2366 2330 2463 des "Weiten Land" im „Tag“ zu vermuten war. Ich habe den Eindruck,
561 2445 2274 2542 dass er alles, was er gegen das "Weite Land" zu sagen hatte, im
568 2547 2209 2635 "Tag" abgelagert hat. Sein Verhältnis zu Ihren beiden Stücken
563 2644 2209 2718 ist, wie gesagt, ein durchaus freundliches und sympathisches.
717 2711 2310 2842 Werden Sie nach Kenntnis der Rezension finden, dass Jacques
557 2815 2283 2894 über den "Medardus" an dieser Stelle etwas sagen müsste, so wird
554 2892 2238 3025 es vielleicht zu machen sein, dass wir ihn auffordern, in Form
