2657 3529
908 379 1052 478 281
474 423 1874 604 S. Fischer, Verlag, Berlin W., Bülowstrasse 90
1117 539 1433 662 30/5. 1912
346 973 1115 1108 Herrn Dr. Arthur Schnitzler
1164 1034 1312 1171 Wien
360 1236 896 1370 Lieber Herr Doktor,
474 1315 2239 1477 Ihr Buch "Masken und Wunder" setzt sich sehr gut durch; wir sind
383 1407 2197 1554 dabei, weitere drei Auflagen, die 7.-9. Auflage, zu drucken. Ueber
388 1514 2146 1635 die Gesammelten Werke lässt sich einstweilen etwas Sicheres noch
650 1612 859 1677 Ce nouvela.
381 1609 2158 1737 nicht sagen, indessen auch hier setzt das Interesse gut ein. Ich
381 1665 2251 1853 werde Sie, wenn es Sie interessiert, von Zeit zu Zeit über den Stand
397 1823 1092 1928 des Absatzes informieren.
497 1842 2281 2021 Mit Hugo Gebers Verlag in Stockholm haben wir also, um den Anfang
406 1958 2237 2095 zu machen, vereinbart, dass er einen Novellenbuch, enthaltend: "Das
799 1965 1250 2028 nur wiederholt zu nehmen
406 2041 2216 2188 Schicksal des Freiherrn von Leisenbogh", "Die Toten schweigen" und
418 2111 2251 2262 "Leutnant Gustl" herausgibt. Für die erste Auflage von 1500 Exempla-
411 2216 2160 2357 ren hat er Mk. 150.- geschickt, dieser Betrag wird Ihnen gleich-
418 2313 2144 2469 zeitig laut der anliegenden Aufstellung mit dem Honorar für die
416 2392 2269 2545 neuen Auflagen von "Masken und Wunder" überwiesen. Zu beachten ist
423 2480 2218 2627 bei dem Abschluss mit Stockholm, dass nach zehn Jahren jedes Werk
432 2571 2134 2722 in Schweden frei ist, was auf diese Novellen, mit Ausnahme von
441 2648 1909 2822 "Das Schicksal des Freiherrn von Leisenbogh" zutrifft.
571 2720 2262 2901 Sie wollten Herrn Schur und Schmitt Ihre Gesammelten Werke mit
446 2833 2251 2970 einer Dedikation zuschicken. Es ist Ihnen doch recht, wenn ich Sie
444 2926 2295 3061 daran erinnere. Brauchen Sie dazu Exemplare, so stehen sie natürlich
446 3068 975 3182 zu Ihrer Verfügung.
