2627 3207
577 467 2267 586 Bezüglich der Berechnung des Einbands sind Sie im Irrtum. Ich
2018 524 2138 582 dige
476 541 2346 687 habe von einem fietiven Preise von 8 (acht) Mark für das broschierte
2104 610 2214 663 Orais
493 642 2336 788 Exemplar gesprochen. Der Einband für die 5 Bände ist mit 2 Mark ein-
2099 704 2200 752 3341
476 742 2363 876 gestellt; er kostet mich selbst etwa M. 1,20 - 1,30 für die 3 Bände
498 795 2348 960 und da ich dem Buchhandel von dem Bruttopreis von 10 Mark, also auch
510 893 2343 1058 von dem Einband, einen Rabatt von 33 1/3 % gebe, so lasten noch wei-
2078 972 2166 1025 G.H.F.P
496 1015 2284 1151 tere 66 2/3 Pfennig auf dem Einband, so dass mir tatsächlich beim
1944 1063 2054 1120 G.C.F.P.
491 1051 2365 1262 Einband nichts übrig bleibt. Der Preis von 10 Mark für das gebundene
500 1132 2425 1317 dreibändige Werk ist so billig, dass er nur dann zu schaffen ist, wenn
515 1240 2320 1419 wir uns beide mit einem geringeren Gewinn an diesem Werk begnügen.
505 1348 2370 1515 Mein Gewinn ist dabei unverhältnismässig geringer als er bei den ge-
517 1443 2384 1592 wöhnlichen Einzelausgaben sein muss. Nur auf dieser Grundlagerist ja
517 1551 2197 1676 bei ganz guter Ausstattung der billige Verkaufspreis möglich.
706 1630 2406 1769 Eine Auswahl Ihrer Nouellen für die Ullstein-Bibliothek würde
529 1721 2355 1865 eine grosse Schädigung der Einzelausgaben Ihrer Novellen nach sich
529 1774 2379 1980 ziehen. Sie müssen sich doch selbst sagen, dass sich die Leute, die
536 1867 2413 2032 für eine Mark eine Auswahl haben können, in den meisten Fällen damit
546 1960 2456 2116 Degnügen. Das Honorar, das Sie von Ullstein bekommen würden, würde mit
2032 2044 2133 2097 G.F.P
543 2042 2411 2229 der Zeit reichlich ausgewogen werden durch den Gewinn, der Ihnen aus
553 2126 2399 2298 den Einzelausgaben entgehen würde. Was Ihnen auch die Vertreter Ull-
548 2238 2367 2389 steins sagen mögen, die Sache ist so, wie ich sie darstelle. Würde
553 2339 2406 2478 ich nicht selbst diese Bedenken haben, so wäre es ja naheliegend ge-
548 2432 2437 2597 nug, rür meine Bibliothek solche Auswahlbände herzustellen. Ich nehme
565 2501 2454 2659 in meine Bibliothek nur die Bücher auf, deren Absatz ziffernmässig so
574 2597 2456 2791 würckgegangen ist, dass die Aufnahme in die Bibliothek einen Vorteil
572 2734 800 2861 bietet.
792 2736 2470 2978 Eine bedeutende ideelle Entwertung würde ausserdem aber auch
