2930 3544
1322 283 1423 425 64
1061 350 1933 541 S. FISCHER. VERLAG
1549 606 2556 771 BERLIN W., DEN 30. August 1899
445 662 1032 809 TELEPHON: AMT VI, No. 1662.
1515 718 1967 822 BÜLÖWSTRASSE 91.
1041 867 1819 1012 Herrn Dr. Arthur Schnitzler
1979 918 2136 1046 e. II.
2423 1061 2583 1169 G.C.F.P.
2121 1090 2370 1174 G.H.F.P.
1124 1066 1805 1240 Lieber Herr Doktor!
974 1148 2648 1329 Ich habe mich gestern über die Form, die dem Reigen zu geben
735 1290 2629 1428 wäre, zu informieren gesucht, Die Sache stellt sich doch ungünstiger,
2056 1360 2172 1418 a M.
1851 1377 1974 1438 G.H.F.P
735 1365 2677 1532 als ich dachte. Nach Paragr. 184 würde auch die Verteilung des Buches,
1568 1392 1665 1445 votre
1438 1399 1525 1455 G.F.P.
1960 1443 2402 1513 Verleger in Wien
1636 1467 1880 1529 reichisch
739 1479 2663 1616 also selbst die Verteilung nur weniger Exemplare, strafbar sein, immer
1375 1486 1486 1544 G.H.F.P
2034 1520 2390 1583 unbeanstandet
1771 1549 1981 1600 G.H.F.P
744 1554 2542 1689 vorausgesetzt, dass der Inhalt überhaupt unter den Begriff dieses
2416 1590 2544 1648 selb
2148 1607 2339 1665 auf xxx
1844 1629 1972 1682 G.H.F.P
942 1614 2561 1766 phen fällt. Daran würde auch die vorgeschlagene Form nichts
945 1718 2617 1832 und durch nicht der umstand, dass die Exemplare nicht gewerbs-
756 1682 913 1800 Paragie
942 1781 1046 1836 G.H.F.P.
742 1754 2677 1894 mässig verkauft, sondern nur in beschränkter Anzahl verschenkt werden.
751 1863 2655 1945 Wenn auch nicht anzunehmen ist, dass einer Ihrer Freunde, dem Sie das
1078 1933 1488 2001 auflassen können
747 1938 2583 2063 Buch dedizieren, davon einen indiscréten Gebrauch macht, so könnte
1119 2022 1252 2076 a mais
744 1998 2653 2131 nach der anderen Seite gerade die ungewöhnliche Form der Publikation,
1261 2105 1433 2160 können
754 2134 2636 2221 resp. das Anschreiben, das Buch in unberufene Hände spielen und wenn
1143 2194 1343 2252 prechen.
756 2184 2581 2329 auch wieder da eine Denunziation nicht zu erwarten ist, so gilt es
983 2271 1271 2337 Ich wünsche
754 2281 2687 2409 doch, mit den Verhältnissen zu rechnen und Alles zu vermeiden, was Sie
754 2366 2409 2496 oder mich mit diesem Paragraphen in Conflikt bringen könnte.
1058 2438 2648 2559 Wir sind zu dem Resultat gekommen, dass es das Einfachste
754 2554 2663 2660 wäre, wenn Sie das Buch in Wien drucken liessen, und zwar ohne andere
754 2605 2629 2733 äussere Abweichung von der gewöhnlichen Buchform, nur mit der Bemer¬
747 2709 2668 2834 kung „Als Manuscript gedruckt.“ versehen. Da dort jedes Produkt der
747 2810 2585 2909 Druckerpresse obligatorisch der Censur eingereicht werden muss, so
751 2863 2539 2999 sind Sie, im Falle das Buch die Censur passiert, unbedingt ausser
754 2943 2561 3105 Obligo. In sexuellen Dingen herrscht in Oesterreich ein grösseres
