2879 3623
1428 274 1610 377 212
919 358 1990 504 S. Fischer, Verlag, Berlin W., Bülowstraße 90
1704 504 2234 650 den 21. April 1910
924 893 1694 1042 Herrn Dr. Arthur Schnitzler
1752 974 2040 1092 Wien XVIII
1694 1066 2088 1183 Spöttelgadde 7
610 1178 1162 1320 Lieber Herr Doktor,
696 1320 2364 1457 mit dem Münchner Schauspielhaus war wegen "Komtesse Mizzi"
624 1402 2465 1548 ein Vertrag überhaupt noch nicht geschlossen worden. Direktor Stoll-
629 1502 2407 1639 berg schlägt uns auf eine Anregung von Ihrer Seite heute ver, zu
646 1591 2424 1723 "Komtesse Mizzi" noch "literatur" und "Lebendige Stunden" dazu zu
631 1692 2470 1814 geben. Den Aufführungsvertrag (10 % und 350 Mark Garantie) schicken
641 1745 2410 1901 wir heute nach München. Die Direktoren weigern sich in der Regel,
636 1865 2518 1999 für Stücke, die schon gespielt sind, eine Garantie zu bezahlen. Prak-
646 1930 2556 2088 tisch hätte diese Garantie bei dem Münchner Schauspielhaus auch nicht
646 2047 2549 2155 viel Zweck, denn wir können eine hohe Garantie nicht verlangen und die
643 2148 2455 2268 350 Mark, die wir fordern können, kommen ohnehin heraus. Wenn also
641 2237 2491 2371 Stollberg die Garantie streichen wird - was er in solchen Fällen zu
646 2316 2482 2436 tun pflegt - werden wir die Garantieforderung fallen lassen müssen.
785 2381 2539 2522 Ich glaube, es wäre nicht ratsam, den "Medardus" 14 Tage vor der
653 2494 2539 2635 Aufführung im Buchhandel erscheinen zu lassen. Erstens würde die Kri-
655 2582 2503 2695 tik über das Buch referieren, bevor die Aufführung da ist, und dann
655 2640 2554 2794 würden bei der Aufführung vermutlich Betrachtungen darüber angestellt
653 2750 2491 2892 werden, was gestrichen ist oder was hätte geschicken werden müssen.
658 2854 2520 2974 Was mir aber das Allerwichtigste scheint: dieses Stück muss als eine
655 2950 2582 3060 Ueberraschung wirken. Dem widerspricht nicht, dass das Vorspiel vorher
665 3038 2549 3142 in der Rundschau abgedruckt werden könnte. Das Vorspiel ist eine Ver-
