2926 3592
1236 255 1338 374 53
995 340 1791 492 S. FISCHER, VERLAG
1289 455 1460 576 xyz
1456 590 2451 815 BERLIN W., den  2. Februar 189 8
381 653 822 803 Telephon: Amt VI, No. 1662.
1554 723 1822 824 Bülowstrasse 91.
913 930 2138 1128 Herrn Dr. Arthur Schnitzler.
1885 1046 2159 1169 Wien
976 1193 1533 1321 Lieber Herr Doktor!
853 1275 2427 1439 Ich sende Ihnen anliegend die Druckprobe des Umschlags zu
593 1386 2485 1540 „Anatol;“ ich glaube, diese Zeichnung wird Ihnen gefallen. Während
586 1487 2400 1653 ich Ihnen diese Druckprobe sende, probieren wir hier den Druck auf
906 1504 1017 1559 cette
595 1569 2485 1745 verschiedenen Papiersorten. Es wird dadurch keine Zeit verloren, weil
602 1636 2506 1805 wir mit den Probedrucken fertig sind, bis Ihre Entscheidung eintrifft.
593 1754 2005 1921 Die Farbenstellung hat der Künstler vorgeschrieben.
817 1824 2509 1988 Zu dem Novellenbuch will ich auch sehr gern von Heine eine Um-
607 1901 2499 2085 schlagzeichnung machen lassen; ich sehe der Zusendung des Manuscripts
605 2036 1000 2200 gern entgegen.
846 2082 2538 2251 Bezüglich des „Liebesreigens“ kann ich Ihnen einen Bescheid
612 2179 2499 2311 noch nicht geben. Der betreffende Anwalt, ein Sachverständiger gerade
612 2244 2543 2398 auf diesem Gebiet, ist bis Ende dieser Woche verreist; ich glaube, ich
622 2338 2511 2494 werde Ihnen jedenfalls im Laufe der nächsten Woche sein Gutachten ge¬
622 2398 2559 2610 ben können. Ich bezweifle, dass die Publikation in Deutschland möglich
627 2547 2477 2670 sein wird, sollte sie möglich sein, so ist ein grosser buchhändleri-
624 2637 2434 2784 scher Erfolg ganz zweifellos, mit und ohne Illustration von Heine.
1130 2733 1663 2897 Mit besten Grüssen
1733 2791 2123 2914 Ihr ergebener
1841 2873 2487 3037 Hfisch
559 2955 1612 3188 (die ich umgehend erbitte,
2579 2979 2731 3109 von
747 3145 2596 3470 verl. von Freunde des Bloklenheit einträgen.
1123 3155 1239 3338 & in
