2216 3480
1208 241 1339 335 22
983 472 1121 578 164
534 570 1816 726 S. FISCHER, VERLAG, BERLIN W., BÜLowSTR. 90
1458 677 1792 880 4. März 08
1092 754 1444 880 BERLIN W., DEN
729 950 1422 1092 Herrn Dr. Arthur Schnitzler
1426 1042 1701 1146 Wien XVIII
1299 1138 1668 1224 Spöttelgasse 7
666 1260 1156 1370 Lieber Herr Doktor.
671 1385 848 1434 le précédé
706 1367 1938 1466 wenn Sie sich wirklich davon so viel versprechen.
625 1465 1916 1603 dass Ihr Roman schon Anfang Juni erscheint, so will
1040 1531 1444 1608 nurmmeuble
630 1559 1890 1678 ichs unter allen Umständen möglich machen. Ich bin
631 1649 1940 1766 ja nicht davon überzeugt, dass dieser Termin günstig
628 1738 1829 1854 ist, denn bis das Buch sich so durchsetzt, dass
636 1820 1891 1946 das Publikum von seiner Existenz Kenntnis bekommt.
644 1914 1924 2038 versehen immerhin noch weitere 14 Tage, so dass wir
659 1990 1880 2111 in die tote Saison mit dem Buch hineinkommen. Der
649 2082 1893 2218 Eisenbahn-Buchhandel spielt nicht die Hauptrolle,
653 2155 1943 2300 besonders bei dem verhältnismässig teuren Verkaufs-
659 2293 1126 2407 preise von 5 Mark.
731 2347 1883 2484 In der Rundschau werden wir unbedingt mit dem
666 2438 1899 2584 Juniheft den Roman abschliessen. Sie hat ausgerecht
1250 3066 1821 3234 wargen
1933 3089 2181 3255 Für
701 3117 947 3206 men
