<?xml version="1.0" encoding="UTF-8" standalone="yes"?>
<PcGts xmlns="http://schema.primaresearch.org/PAGE/gts/pagecontent/2013-07-15" xmlns:xsi="http://www.w3.org/2001/XMLSchema-instance" xsi:schemaLocation="http://schema.primaresearch.org/PAGE/gts/pagecontent/2013-07-15 http://schema.primaresearch.org/PAGE/gts/pagecontent/2013-07-15/pagecontent.xsd">
    <Metadata>
        <Creator>prov=READ-COOP:name=TrHtr:version=2.1.0:model_id=51170:date=26_07_2023_22:28</Creator>
        <Created>2023-05-02T08:10:14.665+02:00</Created>
        <LastChange>2023-07-26T22:28:19.709+02:00</LastChange>
        <TranskribusMetadata docId="1416742" pageId="54954591" pageNr="357" tsid="131084745" status="IN_PROGRESS" userId="64420" imgUrl="https://files.transkribus.eu/Get?id=ETPVOUDLWSCJSPOUAMVJLDLI&amp;fileType=view" xmlUrl="https://files.transkribus.eu/Get?id=UQQTZFHFWSZFEHCAGJPWSQSB" imageId="44458316"/>
    </Metadata>
    <Page imageFilename="1416742_0357.jpg" imageWidth="2610" imageHeight="3512">
        <ReadingOrder>
            <OrderedGroup id="ro_1711827301179" caption="Regions reading order">
                <RegionRefIndexed index="0" regionRef="tr_1"/>
                <RegionRefIndexed index="1" regionRef="tr_2"/>
            </OrderedGroup>
        </ReadingOrder>
        <TextRegion id="tr_1" custom="readingOrder {index:0;}">
            <Coords points="716,666 2081,666 2081,2046 716,2046"/>
            <TextLine id="tr_1_tl_1" custom="readingOrder {index:0;}">
                <Coords points="1287,731 1349,733 1362,743 1375,731 1417,743 1437,733 1448,744 1464,743 1461,583 1433,578 1417,590 1401,578 1340,586 1334,593 1310,580 1283,585"/>
                <Baseline points="1296,719 1340,716 1385,719 1430,719 1469,719"/>
                <TextEquiv>
                    <Unicode>187</Unicode>
                </TextEquiv>
            </TextLine>
            <TextLine id="tr_1_tl_2" custom="readingOrder {index:1;}">
                <Coords points="1163,860 1181,860 1197,871 1241,855 1257,870 1282,865 1301,878 1326,878 1329,752 1306,748 1280,754 1257,772 1212,761 1189,777 1165,777"/>
                <Baseline points="1173,827 1218,827 1263,824 1308,824 1331,827"/>
                <TextEquiv>
                    <Unicode>184</Unicode>
                </TextEquiv>
            </TextLine>
            <TextLine id="tr_1_tl_3" custom="readingOrder {index:2;}">
                <Coords points="705,972 1033,937 1080,972 1357,945 1446,977 1901,925 2012,966 2003,844 707,863"/>
                <Baseline points="716,931 719,931 764,925 809,925 854,925 898,925 943,925 988,925 1033,925 1078,925 1122,922 1167,922 1212,922 1257,922 1302,922 1346,919 1391,919 1436,919 1481,916 1526,916 1570,916 1615,919 1660,916 1705,916 1750,913 1794,913 1839,913 1884,913 1929,913 1974,910 2018,910"/>
                <TextEquiv>
                    <Unicode>S. FISCHER, VERLAG,“ BERLIN W., BÜLowSTR. 90</Unicode>
                </TextEquiv>
            </TextLine>
            <TextLine id="tr_1_tl_4" custom="readingOrder {index:3;}">
                <Coords points="1293,1127 1319,1142 1358,1119 1484,1135 1562,1116 1604,1142 1665,1114 1847,1129 1888,1112 1987,1142 1989,1049 1743,1042 1635,1070 1494,1024 1386,1055 1295,1049"/>
                <Baseline points="1302,1113 1319,1113 1364,1110 1409,1110 1454,1110 1499,1110 1543,1110 1588,1107 1633,1110 1678,1110 1723,1110 1767,1110 1812,1107 1857,1107 1902,1104 1947,1104 1991,1104"/>
                <TextEquiv>
                    <Unicode>BERene W., DEN  23. Okt. 08</Unicode>
                </TextEquiv>
            </TextLine>
            <TextLine id="tr_1_tl_5" custom="readingOrder {index:4;}">
                <Coords points="915,1360 1510,1349 1606,1331 1609,1279 1456,1270 1339,1306 1279,1280 1090,1305 917,1280"/>
                <Baseline points="925,1346 940,1346 985,1343 1030,1340 1075,1340 1119,1340 1164,1340 1209,1337 1254,1334 1299,1334 1343,1331 1388,1328 1433,1328 1478,1328 1523,1325 1567,1325 1612,1328"/>
                <TextEquiv>
                    <Unicode>Herrn Dr. Arthur Schnitzler</Unicode>
                </TextEquiv>
            </TextLine>
            <TextLine id="tr_1_tl_6" custom="readingOrder {index:5;}">
                <Coords points="1616,1427 1718,1422 1738,1437 1759,1420 1777,1433 1819,1422 1834,1432 1847,1422 1857,1430 1883,1425 1883,1373 1800,1362 1733,1388 1710,1386 1691,1367 1660,1378 1616,1378"/>
                <Baseline points="1624,1415 1669,1415 1714,1415 1758,1412 1803,1412 1848,1412 1887,1415"/>
                <TextEquiv>
                    <Unicode>Wien XVIII</Unicode>
                </TextEquiv>
            </TextLine>
            <TextLine id="tr_1_tl_7" custom="readingOrder {index:6;}">
                <Coords points="870,1559 932,1577 1005,1559 1073,1572 1111,1557 1267,1555 1301,1575 1353,1567 1353,1503 1248,1489 1098,1498 1081,1482 1028,1505 984,1492 927,1515 870,1513"/>
                <Baseline points="878,1549 922,1552 967,1549 1012,1549 1057,1549 1101,1549 1146,1546 1191,1546 1236,1543 1281,1543 1325,1546 1358,1549"/>
                <TextEquiv>
                    <Unicode>Lieber Herr Doktor,</Unicode>
                </TextEquiv>
            </TextLine>
            <TextLine id="tr_1_tl_8" custom="readingOrder {index:7;}">
                <Coords points="998,1678 2077,1673 2077,1604 2028,1596 1000,1593"/>
                <Baseline points="1009,1672 1051,1669 1096,1669 1140,1669 1185,1669 1230,1666 1275,1666 1319,1666 1364,1666 1409,1663 1454,1663 1499,1663 1543,1663 1588,1663 1633,1660 1678,1660 1723,1657 1767,1657 1812,1657 1857,1657 1902,1657 1947,1657 1991,1654 2036,1654 2081,1654"/>
                <TextEquiv>
                    <Unicode>ich hätte prinzipiell nichts dagegen, Ihrer</Unicode>
                </TextEquiv>
            </TextLine>
            <TextLine id="tr_1_tl_9" custom="readingOrder {index:8;}">
                <Coords points="813,1785 1954,1759 1981,1696 1712,1676 1476,1725 1274,1686 1212,1722 1121,1679 814,1709"/>
                <Baseline points="821,1770 866,1767 910,1767 955,1764 1000,1761 1045,1761 1090,1761 1134,1758 1179,1758 1224,1758 1269,1758 1314,1756 1358,1756 1403,1756 1448,1753 1493,1750 1537,1753 1582,1753 1627,1753 1672,1750 1717,1750 1761,1750 1806,1750 1851,1747 1896,1747 1941,1744 1985,1747"/>
                <TextEquiv>
                    <Unicode>Union die Vertretung meines Bühnenvertriebs für</Unicode>
                </TextEquiv>
            </TextLine>
            <TextLine id="tr_1_tl_10" custom="readingOrder {index:9;}">
                <Coords points="1197,1798 1951,1800 1981,1797 1981,1757 1197,1767"/>
                <Baseline points="1206,1785 1224,1785 1269,1782 1314,1782 1358,1782 1403,1782 1448,1782 1493,1779 1537,1779 1582,1779 1627,1779 1672,1776 1717,1776 1761,1776 1806,1776 1851,1776 1896,1776 1941,1776 1985,1776"/>
                <TextEquiv>
                    <Unicode>(2) A 28. 5, rt. A. 1/2.m.</Unicode>
                </TextEquiv>
            </TextLine>
            <TextLine id="tr_1_tl_11" custom="readingOrder {index:10;}">
                <Coords points="813,1865 1842,1871 2029,1845 2029,1790 814,1819"/>
                <Baseline points="821,1857 824,1857 869,1857 913,1857 958,1854 1003,1854 1048,1854 1093,1851 1137,1848 1182,1848 1227,1848 1272,1848 1317,1845 1361,1845 1406,1845 1451,1845 1496,1845 1540,1845 1585,1845 1630,1845 1675,1842 1720,1842 1764,1842 1809,1839 1854,1839 1899,1839 1944,1839 1988,1836 2033,1836"/>
                <TextEquiv>
                    <Unicode>Oesterreich-Ungarn zu übergeben. Ueber die Bedin-</Unicode>
                </TextEquiv>
            </TextLine>
            <TextLine id="tr_1_tl_12" custom="readingOrder {index:11;}">
                <Coords points="809,1951 2012,1943 2008,1897 1800,1878 811,1915"/>
                <Baseline points="818,1950 851,1950 895,1947 940,1947 985,1944 1030,1944 1075,1944 1119,1941 1164,1941 1209,1941 1254,1938 1299,1938 1343,1938 1388,1938 1433,1938 1478,1935 1523,1935 1567,1935 1612,1935 1657,1932 1702,1932 1747,1932 1791,1932 1836,1932 1881,1932 1926,1929 1971,1929 2015,1929"/>
                <TextEquiv>
                    <Unicode>gungen hätten wir gegebenen Falls zu verhandeln.</Unicode>
                </TextEquiv>
            </TextLine>
            <TextLine id="tr_1_tl_13" custom="readingOrder {index:12;}">
                <Coords points="1630,2003 1660,1998 1697,2005 1710,1995 1762,2013 1793,1997 1811,1998 1827,2012 1857,2007 1860,1943 1816,1938 1762,1958 1753,1948 1723,1941 1684,1951 1671,1941 1632,1956"/>
                <Baseline points="1639,1994 1684,1994 1729,1991 1773,1985 1818,1988 1863,1988"/>
                <TextEquiv>
                    <Unicode>31. Brünn</Unicode>
                </TextEquiv>
            </TextLine>
            <TextLine id="tr_1_tl_14" custom="readingOrder {index:13;}">
                <Coords points="982,2046 2069,2046 2055,1969 1915,1969 1850,2010 1642,2002 1536,1946 1425,1998 1296,1963 984,1984"/>
                <Baseline points="991,2036 997,2036 1042,2036 1087,2033 1131,2030 1176,2030 1221,2030 1266,2030 1311,2030 1355,2027 1400,2027 1445,2027 1490,2024 1535,2024 1579,2024 1624,2024 1669,2024 1714,2021 1758,2021 1803,2021 1848,2021 1893,2021 1938,2018 1982,2018 2027,2018 2072,2021"/>
                <TextEquiv>
                    <Unicode>Wir verrechnen nur Präg/direkt, alle andern</Unicode>
                </TextEquiv>
            </TextLine>
        </TextRegion>
        <TextRegion id="tr_2" custom="readingOrder {index:1;}">
            <Coords points="818,2055 2114,2055 2114,2882 818,2882"/>
            <TextLine id="tr_2_tl_1" custom="readingOrder {index:0;}">
                <Coords points="813,2147 1878,2114 2042,2155 2060,2077 1383,2073 1264,2038 1101,2093 813,2082"/>
                <Baseline points="821,2129 854,2129 898,2129 943,2126 988,2126 1033,2126 1078,2126 1122,2123 1167,2123 1212,2123 1257,2123 1302,2120 1346,2120 1391,2120 1436,2117 1481,2117 1526,2117 1570,2117 1615,2117 1660,2114 1705,2114 1750,2114 1794,2114 1839,2114 1884,2114 1929,2114 1974,2111 2018,2108 2063,2105"/>
                <TextEquiv>
                    <Unicode>österreichischen Städte verrechnet Eirich. So hal-</Unicode>
                </TextEquiv>
            </TextLine>
            <TextLine id="tr_2_tl_2" custom="readingOrder {index:1;}">
                <Coords points="813,2233 2108,2236 2109,2147 814,2171"/>
                <Baseline points="821,2221 860,2221 904,2221 949,2221 994,2218 1039,2218 1084,2215 1128,2215 1173,2215 1218,2212 1263,2212 1308,2212 1352,2212 1397,2212 1442,2209 1487,2209 1532,2209 1576,2209 1621,2206 1666,2206 1711,2206 1756,2206 1800,2206 1845,2203 1890,2203 1935,2203 1979,2203 2024,2200 2069,2200 2114,2200"/>
                <TextEquiv>
                    <Unicode>ten wir es natürlich auch mit Ihren von Entsch über-</Unicode>
                </TextEquiv>
            </TextLine>
            <TextLine id="tr_2_tl_3" custom="readingOrder {index:2;}">
                <Coords points="809,2324 1560,2337 1744,2300 2033,2337 2072,2324 2073,2253 1761,2222 1521,2269 1360,2235 811,2274"/>
                <Baseline points="818,2314 824,2314 869,2311 913,2311 958,2311 1003,2311 1048,2311 1093,2308 1137,2308 1182,2308 1227,2305 1272,2305 1317,2305 1361,2305 1406,2302 1451,2302 1496,2302 1540,2302 1585,2302 1630,2299 1675,2299 1720,2299 1764,2296 1809,2299 1854,2296 1899,2296 1944,2296 1988,2293 2033,2293 2078,2296"/>
                <TextEquiv>
                    <Unicode>nommenen Dramen und davon ist Eirich und auch Prag</Unicode>
                </TextEquiv>
            </TextLine>
            <TextLine id="tr_2_tl_4" custom="readingOrder {index:3;}">
                <Coords points="814,2430 1994,2412 2069,2401 2070,2345 1770,2354 1612,2313 1121,2373 1046,2331 816,2363"/>
                <Baseline points="824,2407 863,2407 907,2404 952,2404 997,2404 1042,2404 1087,2401 1131,2401 1176,2398 1221,2398 1266,2398 1311,2398 1355,2398 1400,2395 1445,2395 1490,2395 1535,2395 1579,2392 1624,2395 1669,2395 1714,2392 1758,2392 1803,2392 1848,2389 1893,2389 1938,2389 1982,2386 2027,2386 2072,2392"/>
                <TextEquiv>
                    <Unicode>verständigt. Haben Sie die Güte, Herrn Angelo Neu-</Unicode>
                </TextEquiv>
            </TextLine>
            <TextLine id="tr_2_tl_5" custom="readingOrder {index:4;}">
                <Coords points="814,2503 2005,2499 2029,2438 1568,2420 1454,2453 1357,2414 1230,2461 814,2476"/>
                <Baseline points="824,2499 869,2499 913,2499 958,2496 1003,2493 1048,2493 1093,2493 1137,2493 1182,2493 1227,2490 1272,2490 1317,2487 1361,2487 1406,2487 1451,2487 1496,2487 1540,2487 1585,2487 1630,2487 1675,2484 1720,2484 1764,2484 1809,2481 1854,2481 1899,2481 1944,2481 1988,2481 2033,2481"/>
                <TextEquiv>
                    <Unicode>mann Ihrerseits zu verständigen, dass er mit uns</Unicode>
                </TextEquiv>
            </TextLine>
            <TextLine id="tr_2_tl_6" custom="readingOrder {index:5;}">
                <Coords points="813,2609 1404,2582 1498,2614 1705,2580 1836,2606 1836,2521 814,2538"/>
                <Baseline points="824,2595 854,2595 898,2592 943,2589 988,2589 1033,2589 1078,2586 1122,2586 1167,2586 1212,2586 1257,2583 1302,2583 1346,2583 1391,2583 1436,2580 1481,2580 1526,2577 1570,2577 1615,2577 1660,2577 1705,2577 1750,2577 1794,2574 1839,2583"/>
                <TextEquiv>
                    <Unicode>„Liebelei“ und „Anatol" verrechnen soll.</Unicode>
                </TextEquiv>
            </TextLine>
            <TextLine id="tr_2_tl_7" custom="readingOrder {index:6;}">
                <Coords points="985,2696 1507,2707 1616,2674 1805,2704 2034,2674 2036,2604 1568,2642 985,2630"/>
                <Baseline points="994,2681 1009,2681 1054,2678 1098,2678 1143,2678 1188,2675 1233,2675 1278,2672 1322,2672 1367,2672 1412,2672 1457,2669 1502,2672 1546,2669 1591,2669 1636,2669 1681,2669 1726,2666 1770,2666 1815,2669 1860,2669 1905,2666 1950,2666 1994,2663 2039,2666"/>
                <TextEquiv>
                    <Unicode>Die „Deutsche Bühnengenossenschaft“ bringt</Unicode>
                </TextEquiv>
            </TextLine>
            <TextLine id="tr_2_tl_8" custom="readingOrder {index:7;}">
                <Coords points="818,2777 1119,2805 1562,2767 1810,2808 2054,2757 2054,2725 1588,2697 818,2738"/>
                <Baseline points="827,2777 848,2777 892,2777 937,2774 982,2771 1027,2771 1072,2771 1116,2771 1161,2768 1206,2768 1251,2768 1296,2768 1340,2765 1385,2765 1430,2765 1475,2765 1520,2765 1564,2762 1609,2762 1654,2762 1699,2759 1744,2759 1788,2759 1833,2762 1878,2762 1923,2759 1968,2759 2012,2756 2057,2756"/>
                <TextEquiv>
                    <Unicode>nicht das Verzeichnis aller Aufführungen, die der</Unicode>
                </TextEquiv>
            </TextLine>
            <TextLine id="tr_2_tl_9" custom="readingOrder {index:8;}">
                <Coords points="809,2906 950,2930 1249,2865 1360,2906 1498,2858 2088,2889 2090,2819 1639,2785 1596,2816 811,2821"/>
                <Baseline points="818,2872 839,2872 883,2869 928,2869 973,2866 1018,2863 1063,2863 1107,2863 1152,2863 1197,2863 1242,2860 1287,2860 1331,2860 1376,2860 1421,2857 1466,2857 1511,2857 1555,2854 1600,2854 1645,2854 1690,2854 1735,2854 1779,2854 1824,2854 1869,2854 1914,2852 1959,2852 2003,2852 2048,2849 2093,2852"/>
                <TextEquiv>
                    <Unicode>„Deutsche Bühnenspielplan" enthält, dafür aber die</Unicode>
                </TextEquiv>
            </TextLine>
        </TextRegion>
    </Page>
</PcGts>
