2777 3271
1309 162 1448 280 104
1064 222 1893 413 S. FISCHER, VERLAG
1444 491 2387 674 BERLIN W., DEN 19. Nov. 1903
410 514 644 603 TELEPHON:
399 584 647 705 AMT VI, 1662
1513 600 1944 714 BÜLOWSTRASSE 90/91
908 735 1666 915 Herrn Dr. Arthur Schnitzler
1662 862 1910 987 Wien.
1140 892 1314 1022 Arthur
827 1008 1372 1119 Lieber Herr Doktor!
848 1101 2540 1235 Ich habe mir die Zeichnungen zum "Leutnant Gustl" noch einmal
702 1219 2503 1321 genau angesehen, es liegt nicht allein an den Reproduktionen, son-
698 1284 2484 1421 dern in der Hauptsache an den technisch misslungenen Zeichnungen,
686 1372 2505 1499 die keine gute Unterlage für die Reproduktion bieten. Ich würde es
688 1472 2494 1585 deshalb für ratsam halten, von allen Illustrationen abzusehen und
688 1571 2468 1669 ein hübsches kleines Buch, dem Geschmack der Neuzeit angenähert,
686 1655 2547 1771 herzustellen. Wenn Sie damit einverstanden sind, werde ich den Satz
725 1750 2336 1859 in die Wege leiten. Wünschen Sie eine Correktur zu lesen?
846 1845 2575 1949 Mit dem Umschlag werden wir noch Versuche machen und ich werde
730 1917 2197 2039 Ihnen zur Zeit einen Probedruck zur Ansicht schicken.
1166 2009 1689 2125 Mit vielen Grüssen
1673 2093 2067 2211 Ihr ergebener
1975 2162 2074 2287 G.
1713 2218 2076 2422 Fischer
732 2355 1975 2605 Anliegende Brief des Burgthea
651 2547 1896 2691 nur soeben zugegangen.
607 2628 1977 2806 die Besorgung des Capyright
610 2735 1968 2911 Eintragung in Weishington
626 2853 1416 3027 ein paar Mark
