2207 3478
557 711 1834 843 dürfen. Hoffentlich haben Sie bei Ihren Abmachungen
557 811 1830 946 mit dem Copyright-Bureau Amerika ausdrücklich aus-
564 938 895 1021 geschlossen.
749 976 1713 1121 Bezüglich der Uebersetzung könnte Miss
575 1086 1827 1232 Kauser darauf hingewiesen werden, dass sie bei den
584 1170 1818 1307 Dramen, die Sie für England vergeben, von dem eng-
584 1275 1854 1389 lisehen Uebersetzer den englischen Text für Amerika
587 1389 814 1494 erwirbt.
770 1438 1865 1551 Ich freue mich sehr mit diesem Contract, den
595 1510 1862 1643 ich in Anbetracht der Umstände für ausserordentlich
592 1661 970 1749 gönstig halte.
803 1686 1813 1842 Bitte lassen Sie mir Ihre Antwort gleich
606 1800 1799 1913 zugeben, ich muss das Duplikat des Vertrages an
603 1870 1826 2015 Miss Kaiser zurückschicken. Ich warte mit der Ab-
605 1964 1713 2105 sendung, bis ich Ihren Brief in Händen habe.
883 2075 1359 2189 Mit vielen Grüssen
1376 2140 1486 2253 Ihr
1246 2265 1708 2448 S. Fischer
