2908 3688
2098 130 2378 252 A
1302 294 1441 404 353
836 380 2213 556 S. Fischer, Verlag, Berlin M., Bülowstrasse 90
1436 503 1797 654 18. Mai 1915
1025 615 1130 721 .2.
1257 652 1341 728 G.C.
1373 637 1495 740 ed le
2025 669 2106 735 hels.
2137 640 2446 755 xx
1503 743 1672 831 A.M.F.P.
806 878 1586 1059 Herrn Dr. Arthur Schnitzler
1613 998 1780 1132 Wien
672 1186 1086 1307 Lieber Freund,
875 1326 2348 1436 ich sende Ihnen heute Ihre Freiexemplare vom "Hlinden"
679 1412 2608 1542 Geronimo." Brauchen Sie Exemplare zur Versendung an die Wiener Presse,
684 1527 2510 1628 so ist es vielleicht am besten, Sie versenden Sie direkt und geben
684 1606 2571 1721 uns die Anzahl der benötigten Exemplare und die bezüglichen Adressen
684 1699 2652 1792 an, um die Versendung von Duplikaten zu vermeiden. Wir haben von diesem
696 1787 2613 1905 Buch 2700 Exemplare gedruckt, davon, um es noch einmal zu wiederholen,
691 1865 2370 2010 200 zur Signierung, die Ihnen in diesen Tagen zugehen werden.
2204 1941 2633 2032 am Buch für die
944 1954 2211 2059 Wir haben zwei Möglichkeiten, den Ertrag aus d
2204 1995 2625 2074 DATES DES ACTES
1213 2069 2645 2167 hren, und zwar entweder an die Medizinalabteilung des
696 2059 1155 2179 Erblindeten abzug
1218 2120 1287 2169 que le
691 2120 2642 2258 Kriegsministeriums in Berlin oder an das Rote Kreuz, das eine spezielle
699 2233 2633 2334 Organisation für die Fürsorge der Kriegserblindeten getroffen hat. Ich
699 2319 2520 2444 würde vorschlagen, dass wir von diesen beiden Institutionen keinen
706 2427 2571 2535 Gebrauch machen, den Ertrag vielmehr an das Berliner Tageblatt über-
696 2508 2633 2630 weisen, das eine öffentliche Sammlung für die Erblindeten im Felde mit
691 2601 2601 2709 Erfolg durchführt. Ich denke dabei daran, das Berliner Tageblatt auch
696 2682 2589 2816 für den Vertrieb des Buches zu interessieren, wenn wir unsere Erträg-
694 2753 2544 2885 nisse in diese Kasse fliessen lassen. Bitte lassn Sie mich wissen,
704 2875 2527 3005 wie Sie darüber denken. Auch möchte ich gern wissen, wohin der der
434 3032 527 3218 F. 121
