2579 3512
670 434 833 595 G.C.F.P
799 737 1996 890 Ich verspreche mir von Ihrer Intervention etwas,
778 865 1960 979 ich möchte jedenfalls nicht den zweifelhaften
627 892 740 1017 G.C.F.P.
606 954 2043 1096 Weg der Klage betreten, bevor der Versuch gemacht
814 1040 1966 1180 ist. Ich weiss, es fehlt Herrn Bloch nicht am
720 1150 2028 1276 guten Willen, aber es kommt: doch darauf an, dass
824 1227 1812 1365 die Sache dort etwas beschleunigt wird.
572 1295 2047 1460 felh nehte eil Ich lasse Ihnen die Kritiken aus der letzten
608 1399 2057 1528 Zeit zur Einsichtnahme zugehen; der „Tag“ hat mei-
597 1500 2064 1623 Lem nun das Wissens noch nichts über Ihren Roman gebracht.
547 1591 2070 1708 ###nennens nebezüglich der Luxusexemplare liegt die Sache
644 1682 2059 1793 sen so:-as war eihe Zeit lang Node, Luxusexemplare zu
780 1752 2057 1877 drucken, und es war auch eine gewisse Liebhaberei
828 1843 2064 1979 dafür in bescheidenem Umfang zu spüren. Jetzt hat
835 1928 2024 2060 diese Mede wieder etwas nachgelassen, von allen
831 2028 2015 2153 Luxusexexplaren, die ich in den letzten Jahren
845 2115 2055 2254 gedruckt habe, sind nur die der Werke von Dehmel
803 2202 2087 2371 und Hauptmann verkauft worden, alle andern liegen
850 2291 2028 2426 ziemlich unverkauft bei mir. Wir hätten es bei
852 2392 2053 2507 Ihnen mit dem „Weg ins Freie“ versuchen können.
856 2473 2045 2625 Wenn Sie wieder einmal ein grösseres Werk her¬
864 2553 2108 2716 ausgeben, bin ich sehr gern bereit, einen Versuch
865 2651 2023 2816 zu machen. Die Sache ist ziemlich kostspielig
