2116 3049
470 566 1791 703 stellt werden sollen, lege ich einige Bernsponierpro-
460 686 696 830 bat bet.
561 755 1781 892 Im Uebrigen müssen Sie mir schon ein usaig fraie
473 845 1832 990 Hand lassen, vonn etwas Bishaltliches undarbeftigen
465 950 1753 1065 au Stande kommen soll. Is nun lange herausrobiert
485 1016 1815 1158 werden, ehe alles zusammenstimmt, und das kann natür-
488 1119 1818 1251 lich nur hier geschehen. Einige Erfahrung habe ich in
488 1212 1406 1393 Laufe der Zeit doch schon gesammelt.
909 1317 1409 1453 Mit besten Grüssen
1372 1404 1731 1521 Ihr ergebener
1327 1524 1771 1785 S.fischer
