2610 3512
262 271 2092 514 S. FISCHER, VERLAG, BERLIN. Herrn Dr- Arthur Schnitzler. Nien Blatt 2
486 569 1142 762 Unordnung geherrscht hat.
714 659 2323 804 Sie fragen, wie wir die Kontrolle über die vielen kleinen Städte
474 754 2328 923 und Flecken ausüben. Ich war Anfangs der Meinung, ich könnte mit Hilfe der
474 878 2387 997 Buchhandlungen darüber eine Kontrolle ausüben, sie hat sich als untunlich her
478 976 2392 1083 ausgestellt. Ich bin daher, wie alle andern Bühnenverleger, auf das, übrigens
495 1052 2378 1202 vollkommen ausreichende, Material der Deutschen Bühnengenossenschaft und des
488 1150 2359 1285 Deutschen Bühnenspielplans angewiesenDie Deutsche Bühneugenossenschaft gibt
202 1126 433 1309 aussi da
490 1242 2290 1357 allwöchentlich ein Spielverzeichnis der deutschen Bühnen, besonders auch
217 1261 402 1426 ren.
497 1321 2382 1473 unter Berücksichtigung der allerkleinsten Orte. Der Deutsche Bühnenspielplan
500 1435 2290 1571 erscheint monatlich bei Breitkopf & Härtel, er enthält ein authentisches
500 1502 2382 1630 Verzeichnis der Repertoire aller Bühnen. Dieses Quellenmaterial wird von uns
497 1590 2266 1768 monatlich genau durchgearbeitet, so dass nach dieser Richtung hin alles
507 1718 1190 1835 Menschenmögliche geschieht.
645 1754 2363 1916 Ich habe nichts dagegen, dass Ihnen Eirich die Beträge für die öster-
512 1833 2299 2013 reichischen Bühnen direkt verrechnet, ich habe Eirich davon verständigt.
519 1925 2370 2097 Wir haben vor - und Jonas hat seine Mitwirkung dazu versprochen - von hier
519 2004 2256 2202 aus einmal bei Eirich zu kontrollieren, ob er auch richtig verrechnet.
524 2178 1066 2282 Das unter uns gesagt.
702 2206 2411 2354 Die Spezifizierung der einzelnen Einakter aus „Anatol“ wird in unserm
536 2301 2435 2451 nächsten Theaterbericht, der in etwa 8-10 Tagen erscheint, nachgeholt werden.
678 2375 2392 2532 Ueber die Firma Singer habe ich etwas Spezielles nicht mehr erfahren,
536 2494 2411 2663 Das was ich in mündlicher Auskunft erfahren habe, ist allgemeiner Natur und
533 2563 2344 2739 deckt sich im wesentlichen mit der Information, die Sie in Händen haben.
942 2692 1414 2837 Mit vielen Grüssen
1628 2706 1990 2839 Ihr ergebener
1711 2808 2190 3075 S. Fischer
