2777 3480
1526 258 1882 386 VERLAG
2042 243 2337 408 4/10
651 343 2347 479 Vorteil dürfte auch der sein, dass Kosten wesentlicher Art für
551 467 2471 601 die Nentellung eines Bunnentextes nicht entstehen, da ich im Falle
656 544 2402 670 der gleichzeitigen Buchausgabe die Lasten für den Satt übernehme
1336 644 1441 699 assaij
995 646 1140 725 Jahr
658 642 2414 782 und nur die geringen Kosten für den Separatdruck und für das Pa-
882 749 1073 809 reffedent
656 739 1388 878 pier in Anrechnung bringe.
737 785 2411 975 Im allgemeinen wird die Geschäftshandhabung so sein, dass
670 882 2390 1018 eine Versendung der Bücher an die grösseren Bühnen sofort nach
670 999 2461 1126 Drucklegung erfolgt, und dass die Versendung der Exemplare an die
673 1092 2440 1219 kleinen Bühnen erst nach der Erstaufführung, in Begleitung eines
680 1147 2392 1290 Auszugs aus den wichtigen Kritiken, geschieht. Die wesentliche
684 1233 2476 1376 Arbeit besteht in der Führung der Verhandlungen mit den grösseren
680 1359 2414 1462 Bühnen; das muss eben individuell behandelt werden und kann nur
694 1452 2461 1560 von Fall zu Fall, eben durch die Vermittlung eines intelligenten
694 1550 2146 1638 Menschen, der diese Abteilung leiten wird, geschehen.
859 1610 2402 1741 Ich hoffe, lieber Herr Doktor, Sie werden auch zu dieser
699 1701 2385 1825 Abteilung meines Verlages Vertrauen gewinnen; es ist wirklich
704 1789 2406 1913 nicht so schwer, die Sache zweckmässig und gut zu machen. Auch
2454 1808 2552 1898 Ouil
706 1870 2473 1999 Hauptmann hat mir seine Stücke zugesagt, sobald sein Vertrag mit
701 1970 2507 2082 Bloch abgelaufen ist. Ich denke, es wird in nicht ferner Zeit den
708 2049 2471 2185 Bühnen sehr geläufig sein, dass dramatische Dichtungen nicht vom
715 2139 2488 2280 Agenten, sondern vom Verleger vermittelt werden. Ein diesbezügli-
723 2223 2471 2378 ches Verzeichnis werde ich halbjährlich an die Bühnen versenden.
861 2318 2507 2452 Es ist nicht ausgeschlossen, dass wir Mitte August doch noch
720 2406 2514 2533 nach Tirol reisen. Ich würde mich sehr freuen, wenn wir uns tref-
727 2495 2538 2623 fen könnten; wo und wann könste es sein? Auf dem Rad sind Sie zwar
723 2559 2473 2743 nur ein sehr flüchtiger Reisegenosse, aber vielleicht haben Sie
730 2669 2464 2812 irgend einen Ort in Aussicht genommen, wo Sie sich etwas länger
2058 2740 2321 2881 Monsieur de
739 2807 1030 2907 aufhalten.
835 2769 2473 2981 Ich freue mich sehr, dass Ihnen die neue Form der Rundschau
739 2914 2442 3093 gefällt; ich verspreche mir viel von diesem neuen Gewand, das,
