<?xml version="1.0" encoding="UTF-8" standalone="yes"?>
<PcGts xmlns="http://schema.primaresearch.org/PAGE/gts/pagecontent/2013-07-15" xmlns:xsi="http://www.w3.org/2001/XMLSchema-instance" xsi:schemaLocation="http://schema.primaresearch.org/PAGE/gts/pagecontent/2013-07-15 http://schema.primaresearch.org/PAGE/gts/pagecontent/2013-07-15/pagecontent.xsd">
    <Metadata>
        <Creator>prov=READ-COOP:name=TrHtr:version=2.1.0:model_id=51170:date=26_07_2023_22:31</Creator>
        <Created>2023-05-02T08:10:47.470+02:00</Created>
        <LastChange>2023-07-26T22:31:48.479+02:00</LastChange>
        <TranskribusMetadata docId="1416742" pageId="54955152" pageNr="532" tsid="131085209" status="IN_PROGRESS" userId="64420" imgUrl="https://files.transkribus.eu/Get?id=DMMRJGRJBXWLURCEYZTDLMQA&amp;fileType=view" xmlUrl="https://files.transkribus.eu/Get?id=AVHLOXWUVREUPEJBDRWZWQJC" imageId="44458877"/>
    </Metadata>
    <Page imageFilename="1416742_0532.jpg" imageWidth="2631" imageHeight="3175">
        <ReadingOrder>
            <OrderedGroup id="ro_1711827434536" caption="Regions reading order">
                <RegionRefIndexed index="0" regionRef="tr_1"/>
            </OrderedGroup>
        </ReadingOrder>
        <TextRegion id="tr_1" custom="readingOrder {index:0;}">
            <Coords points="370,421 2336,421 2336,1484 370,1484"/>
            <TextLine id="tr_1_tl_1" custom="readingOrder {index:0;}">
                <Coords points="366,530 1977,518 2214,486 2219,354 1645,437 1121,383 818,464 369,474"/>
                <Baseline points="381,519 384,519 429,519 474,519 519,516 563,516 608,516 653,513 698,513 743,510 787,510 832,510 877,507 922,507 966,507 1011,507 1056,504 1101,504 1145,504 1190,504 1235,501 1280,498 1324,498 1369,501 1414,498 1459,495 1503,495 1548,492 1593,489 1638,489 1682,489 1727,489 1772,486 1817,486 1862,483 1906,480 1951,480 1996,480 2041,477 2085,474 2130,474 2175,471 2220,474"/>
                <TextEquiv>
                    <Unicode>sation zur Uebersetzung von "Sterben" geben würden. Ich mache darauf</Unicode>
                </TextEquiv>
            </TextLine>
            <TextLine id="tr_1_tl_2" custom="readingOrder {index:1;}">
                <Coords points="356,664 918,601 2217,605 2219,515 359,532"/>
                <Baseline points="370,611 387,611 432,608 477,608 522,605 566,605 611,605 656,605 701,605 746,602 790,599 835,599 880,599 925,596 969,596 1014,593 1059,593 1104,593 1148,590 1193,590 1238,590 1283,587 1327,587 1372,587 1417,587 1462,584 1506,581 1551,581 1596,578 1641,581 1685,578 1730,575 1775,575 1820,572 1865,572 1909,569 1954,569 1999,566 2044,566 2088,563 2133,563 2178,560 2223,563"/>
                <TextEquiv>
                    <Unicode>aufmerksam, dass jedes Werk 10 Jahre nach Erscheinen im Ausland frei</Unicode>
                </TextEquiv>
            </TextLine>
            <TextLine id="tr_1_tl_3" custom="readingOrder {index:2;}">
                <Coords points="361,745 1765,674 2256,727 2317,710 2319,598 364,662"/>
                <Baseline points="378,704 399,701 444,701 489,698 534,698 578,695 623,695 668,695 713,692 757,692 802,689 847,689 892,689 936,689 981,686 1026,686 1071,683 1116,683 1160,680 1205,680 1250,677 1295,677 1339,677 1384,677 1429,674 1474,674 1518,674 1563,674 1608,668 1653,668 1697,668 1742,665 1787,662 1832,662 1876,662 1921,659 1966,659 2011,659 2055,659 2100,659 2145,656 2190,653 2235,653 2279,653 2324,653"/>
                <TextEquiv>
                    <Unicode>ist, wenn inzwischen eine Uebersetzung nicht erschienen ist. Ich glaube,</Unicode>
                </TextEquiv>
            </TextLine>
            <TextLine id="tr_1_tl_4" custom="readingOrder {index:3;}">
                <Coords points="356,840 1103,828 1235,771 1782,791 1841,718 989,745 635,701 359,747"/>
                <Baseline points="370,793 411,793 456,793 501,790 546,790 590,790 635,787 680,784 725,784 769,784 814,781 859,781 904,781 948,778 993,778 1038,778 1083,775 1127,775 1172,772 1217,772 1262,769 1307,769 1351,766 1396,763 1441,763 1486,763 1530,760 1575,760 1620,757 1665,757 1709,754 1754,754 1799,751 1844,754"/>
                <TextEquiv>
                    <Unicode>wenn der Mann 100 Mark gibt, so sollten wir zustimmen.</Unicode>
                </TextEquiv>
            </TextLine>
            <TextLine id="tr_1_tl_5" custom="readingOrder {index:4;}">
                <Coords points="476,889 2182,874 2268,859 2273,747 1457,823 1240,771 1106,828 478,808"/>
                <Baseline points="489,880 531,877 575,877 620,874 665,874 710,874 754,871 799,871 844,868 889,865 933,868 978,865 1023,865 1068,865 1113,862 1157,862 1202,859 1247,856 1292,856 1336,853 1381,853 1426,850 1471,850 1515,850 1560,847 1605,847 1650,844 1694,844 1739,844 1784,841 1829,841 1873,838 1918,838 1963,835 2008,835 2053,835 2097,835 2142,832 2187,832 2232,829 2276,832"/>
                <TextEquiv>
                    <Unicode>Auch wegen "Dämmerseelen" kommt von derselben Stelle eine Anfrage.</Unicode>
                </TextEquiv>
            </TextLine>
            <TextLine id="tr_1_tl_6" custom="readingOrder {index:5;}">
                <Coords points="366,1030 566,972 2236,950 2263,864 369,928"/>
                <Baseline points="381,972 390,969 435,972 480,969 525,969 569,969 614,966 659,963 704,963 748,963 793,960 838,960 883,960 928,960 972,957 1017,957 1062,954 1107,951 1151,951 1196,948 1241,948 1286,945 1330,945 1375,942 1420,942 1465,939 1509,939 1554,939 1599,936 1644,936 1688,933 1733,933 1778,931 1823,928 1867,928 1912,928 1957,925 2002,925 2047,922 2091,919 2136,919 2181,919 2226,913 2270,913"/>
                <TextEquiv>
                    <Unicode>Dieses Buch ist noch geschützt und der Uebersetzer wird es wahrschein-</Unicode>
                </TextEquiv>
            </TextLine>
            <TextLine id="tr_1_tl_7" custom="readingOrder {index:6;}">
                <Coords points="371,1091 2185,1055 2324,1033 2327,950 374,1025"/>
                <Baseline points="384,1062 405,1062 450,1062 495,1062 540,1059 584,1059 629,1056 674,1056 719,1053 763,1053 808,1053 853,1050 898,1047 942,1047 987,1044 1032,1044 1077,1044 1121,1041 1166,1041 1211,1038 1256,1038 1301,1035 1345,1035 1390,1035 1435,1032 1480,1032 1524,1032 1569,1029 1614,1026 1659,1023 1703,1023 1748,1020 1793,1020 1838,1020 1882,1017 1927,1014 1972,1014 2017,1014 2061,1011 2106,1011 2151,1011 2196,1008 2241,1008 2285,1002 2330,1002"/>
                <TextEquiv>
                    <Unicode>lich durch den Einzelabdruck von Novellen besser verwerten können. Aber</Unicode>
                </TextEquiv>
            </TextLine>
            <TextLine id="tr_1_tl_8" custom="readingOrder {index:7;}">
                <Coords points="369,1199 510,1150 2129,1204 2329,1140 2331,1045 1309,1101 676,1062 371,1121"/>
                <Baseline points="384,1151 411,1151 456,1151 501,1151 546,1151 590,1148 635,1145 680,1142 725,1142 769,1139 814,1139 859,1139 904,1136 948,1136 993,1133 1038,1133 1083,1130 1127,1130 1172,1130 1217,1127 1262,1127 1307,1124 1351,1124 1396,1121 1441,1119 1486,1119 1530,1116 1575,1116 1620,1116 1665,1113 1709,1113 1754,1113 1799,1110 1844,1107 1888,1107 1933,1107 1978,1104 2023,1104 2067,1101 2112,1101 2157,1101 2202,1101 2246,1098 2291,1095 2336,1095"/>
                <TextEquiv>
                    <Unicode>mehr wie 200 Mark könnte man wohl selbst für dieses Buch kaum verlangen.</Unicode>
                </TextEquiv>
            </TextLine>
            <TextLine id="tr_1_tl_9" custom="readingOrder {index:8;}">
                <Coords points="642,1291 686,1304 742,1262 940,1304 1269,1289 1274,1174 644,1191"/>
                <Baseline points="659,1238 695,1235 740,1232 784,1232 829,1229 874,1226 919,1226 963,1226 1008,1223 1053,1223 1098,1223 1142,1217 1187,1217 1232,1214 1277,1217"/>
                <TextEquiv>
                    <Unicode>Mit herzlichen Grüssen</Unicode>
                </TextEquiv>
            </TextLine>
            <TextLine id="tr_1_tl_10" custom="readingOrder {index:9;}">
                <Coords points="1479,1328 1496,1333 1555,1299 1621,1333 1653,1330 1716,1291 1789,1309 1821,1291 1860,1309 1863,1211 1794,1194 1755,1208 1643,1199 1604,1228 1567,1211 1482,1223"/>
                <Baseline points="1492,1301 1509,1295 1554,1295 1599,1295 1644,1295 1688,1295 1733,1292 1778,1289 1823,1286 1867,1292"/>
                <TextEquiv>
                    <Unicode>Ihr ergebener</Unicode>
                </TextEquiv>
            </TextLine>
            <TextLine id="tr_1_tl_11" custom="readingOrder {index:10;}">
                <Coords points="1631,1475 1684,1484 1782,1457 1831,1472 1916,1445 1977,1477 2043,1453 2053,1382 1977,1394 1955,1367 1899,1357 1836,1377 1772,1316 1733,1333 1653,1316"/>
                <Baseline points="1647,1474 1650,1474 1694,1468 1739,1465 1784,1453 1829,1447 1873,1441 1918,1438 1963,1432 2008,1429 2053,1426"/>
                <TextEquiv>
                    <Unicode>F.Fischer</Unicode>
                </TextEquiv>
            </TextLine>
        </TextRegion>
    </Page>
</PcGts>
