2604 3592
677 794 1815 940 sich dadurch ähnlich wie in Präzatensten
681 917 1841 1020 und wie vergleichsweise bei der Münchener
678 984 1908 1101 Aufführung ### der „Franziska“ von Wedekind,
1472 1064 1699 1114 G.C.F.P
686 1065 1969 1181 eine raschere Zurückziehung des Zensurverbotes
694 1168 1869 1296 ermöglichen lassen. Wir bitten Sie, uns zu
698 1238 1971 1374 sagen, ob Sie mit diesem Vorschlag prinzipiell
704 1364 1945 1475 einverstanden sind und wir würden dann versu-
709 1449 1963 1561 oben, eine Wiener Bühne zu gewinnen. Wenn Herr
693 1519 1989 1652 weisse nicht darauf eingehen sollte, so bliebe
701 1633 2005 1756 es ja, da es sich um eine geschlossene Vorstel-
701 1734 1804 1805 lung handelt, zum Beispiel Herrn Stefan
706 1784 1947 1908 Grossmann unbenommen, in seinem Theater eine
716 1883 1945 2002 einmalige Aufführung zu veranstalten. Natür-
714 1981 1978 2114 lich würden wir uns im Falle Ihrer Zustimmung
719 2067 1992 2195 vollständig nach Ihren Wünschen in unseren Un-
720 2186 1343 2285 terhandlungen richten.
800 2267 1826 2392 Wir sind in vollkommener Hochachtung
1221 2358 1499 2457 ergebenst
1176 2426 1688 2509 S. FISCHER, VERLAG
1203 2483 1662 2574 THEATERABTEILUNG
1659 2506 1758 2643 be
