2730 3399
1145 377 1268 492 128
679 441 1981 628 S. FISCHER, VERLAG, BERLIN W., BÜLowSTR. 91
1087 572 1579 692 THEATERABTEILUNG
1260 704 2043 861 BERene W., DEN 25. Sept. 1905
1043 1064 1742 1217 Herrn Dr. Arthur Schnitzler
1489 1155 1773 1258 Wien XVIII
1489 1230 1847 1319 Spöttelgasse 7
992 1383 1492 1497 Lieber Herr Doktor!
848 1460 2016 1633 Der Theaterprospekt geht Ihnen morgen zu. Mir
802 1583 2042 1712 fällt soeben ein, dass die Versendung des Bühnen¬
813 1642 2135 1817 textes vor der Aufführung in Petersburd Schwierigkei-
815 1755 2130 1893 ten ergeben könnte, wenn durch irgend eine unlautere
820 1847 2117 1984 Manipulation irgend ein Theaterdirektor einem russi-
835 1935 2068 2078 schen Uebersetzer den Bühnentext zur Uebersetzung
841 2022 2080 2157 leiht oder schenkt. Das bezieht sich insbesondere
848 2114 2121 2270 auf die deutschen Bühnen in Russland, die nach Em¬
846 2209 2132 2345 pfang des Prospekts doch sicher Exemplare der deut-
853 2289 2127 2437 schen Ausgabe verlangen werden. Ich nehme doch als
856 2376 2158 2544 selbstverständlich an, dass die deutschen Bühnen in
