2962 3575
2086 461 2342 701 c/h
2321 619 2518 766 17
665 732 2563 838 Güte, diese Bogen zurückzusenden. Dass das Buch nicht von den Auffüh-
655 818 2580 929 rung in Wien erscheinen wird, darauf können Sie sich verlassen. Aller-
658 917 2575 1010 dings wird es sich nicht einrichten lassen, dass das Buch gleich nach
672 989 2525 1111 der Aufführung in Wien aufliegt, es werden darüber unter Umständen
653 1078 1202 1193 4 —5 Tage vergehen.
