3265 3656
1488 469 1694 589 V. 119
889 859 2068 984 nicht bereit erklären, Barnowsky jetzt die
892 970 1992 1067 Erlaubnis zu erteilen. Ausserdem dürfte
895 1063 2068 1157 Barnowsky wohl nicht in der Lage sein, so-
898 1172 2155 1230 bald wieder nach Pressburg zu kommen, denn da
908 1254 2052 1321 er jetzt in Dresden und in kurzer Zeit in
914 1332 2147 1423 stettin ein längeres Gastspiel mit dem „Bern-
898 1430 2049 1500 hardi" absolvieren wird, wird es ihm wohl
914 1522 2104 1589 schwer möglich sein, in Pressburg eine Auf-
908 1600 1582 1694 führung herauszubringen.
1074 1702 2141 1767 Wir danken Ihnen im Voraus bestens für
904 1787 1593 1862 Ihre Mitteilung und sind
1044 1875 1803 1959 in vollkommener Hochachtung
1492 1967 1757 2049 ergebenst
1414 2099 1698 2202 THEATERABT
