1879 3575
842 553 906 673 0
249 651 798 812 S. FISCHER, VERLAG
824 667 1512 810 BERene W., BÜLowSTR. 90
1393 799 1554 954 er. 09
1318 846 1403 1006 N°
1393 924 1491 1020 le dernier ses
857 846 1162 963 ERLIN W., DEN.
422 1094 1177 1248 Herrn Dr. Arthur Schnitzler
980 1207 1228 1321 Wien XVIII
336 1363 870 1453 Lieber Herr Doktor,
478 1466 1595 1603 der Konkursverwalter Schönberger hat mir
336 1546 1603 1682 nicht geantwortet; nun meine ich, dass Sie ihm
344 1638 1508 1758 direkt schreiben müssen (seine Adresse ist:
340 1745 1515 1843 L. Schönberger, Berlin S.O.16, Rungestra 15)
344 1814 1548 1931 und dass Sie ihn auffordern, Ihnen innerhals
340 1906 1515 2018 8 Tagen, bei Vermeidung der Klage, Auskunft
336 2011 1589 2111 zu geben, nachdem er mir eine Auskunft verwei-
344 2085 1445 2193 gert hat. Sie haben ein Recht, über den
339 2188 1456 2287 Stand der Dinge informiert zu werden. Sie
331 2271 1493 2371 können das auch damit motivieren, dass Sie
339 2345 1553 2465 über weitere Auflagen nach anderer Seite ver-
339 2434 1537 2585 fügen wollen. Nach meiner Ansicht haben Sie,
339 2525 933 2658 da die Firma im Konkur
1217 2539 1557 2691 ist und nicht
968 2539 1173 2653 geraten
