2216 3480
1229 243 1417 380 212
1070 380 1213 562 167
537 505 1818 656 S. FISCHER, VERLAG,’ BERLIN W., BÜLOWSTR. 90
1102 706 1739 825 BERLIN W., DEN 9. April 08
1477 813 1731 917 April 08
656 1000 1356 1137 Herrn: Dr. Arthur Schnitzler
1375 1134 1666 1228 Wien XVIII
1310 1201 1681 1298 Spöttelgasse 7
666 1351 1174 1462 Lieber Herr Doktor,
617 1425 1962 1572 verbindlichsten Dank für die beiden Hartleben
604 1539 1594 1689 Briefe, die anbei zurückfolgen.
799 1604 1952 1753 Ich lasse Ihnen heute eine Anzahl Lederproben
615 1733 1835 1841 zugehen, bitte wählen Sie selbst die Farben, wir
629 1808 1932 1923 können dann einen Probeband machen. Ich lasse Ihnen
637 1898 1905 2035 eine Anzahl Leinwanddecken zugehen, vielleicht hat
644 1927 754 1982 auch
614 1990 1883 2129 die eine oder andere Beinwandprobe Ihren Beifall.
634 2057 1927 2224 Ich habe Ihnen schon genau dieselbe Leinwand vorge-
641 2159 1893 2310 schlagen, die wir für Hirschfelds Hermann, Der Wirt
654 2248 1937 2407 von Veladuz" benutzt habemplSie waren ja damit ein-
654 2336 1882 2490 verstanden, aber vielleicht finden Sie unter den
656 2432 1709 2597 Proben noch etwas, das Ihnen sehr zusagt.
1229 3059 1908 3233 Jur ergeben
1970 3067 2179 3253 Fis
634 3086 937 3268 men
