2793 3704
1195 305 1326 405 231
819 348 1776 538 S. FISCHER, VerlaG
1276 607 2165 757 BERene W., DEN...7. Dez. 1910
286 693 512 764 TELEPHON:
1274 719 1705 836 BÜLowSTRASSE 90
274 750 517 838 AMT VI, 1662
638 983 1393 1153 Herrn Dr. Arthur Schnitzler
1422 1067 1719 1198 Wien XVIII
431 1255 962 1384 Lieber Herr Doktor,
488 1355 2250 1467 ich gratuliere Ihnen zu dem Erfolg des „Anatol“ in Berlin und in
1753 1422 1922 1469 G.C.H.F.P.
433 1441 1924 1572 Wien. Sie haben doch wohl die Kritik von Kerr gelesen?
543 1531 2226 1674 Das Deutsche Schauspielhaus in Hamburg will den Anatol-Zyklus
450 1586 2300 1734 spielen, wünscht aber bei Ausstellung des Vertrages keine Konventio-
450 1698 2350 1841 nalstrafe zu normieren und keinen Termin festzusetzen. Es soll damit,
450 1817 2279 1934 wie die Direktion schreibt, nicht beabsichtigt sein, die Aufführung
452 1888 2262 2019 auf die lange Bank zu schieben, es handelt sich dabei lediglich um
460 1960 2374 2103 freie Hand andern Aufführungsverpflichtungen gegenüber. Sie haben sich
450 2065 2310 2212 Hamburg vorbehalten, vielleicht haben Sie die Güte, uns mitzuteilen,
457 2157 2269 2284 ob Sie den Vertrag und die Abrechnung mit Hamburg direkt erledigen
464 2284 672 2388 wollen.
560 2315 2296 2448 Mit Reinhardt konnte ich bisher noch nicht sprechen, er ist mit
467 2431 2279 2541 den Proben zum "Othello" in Anspruch genommen. Metzel hat Ihnen ja
467 2505 2198 2629 wohl über seine Unterredung mit Reinhardt berichtet. Sobald der
486 2615 2081 2719 "Othello" aufgeführt ist, werde ich mit Reinhardt sprechen.
572 2696 2324 2841 Eine englische Dame fragt an, ob Sie die Uebersetzungsrechte ins
1417 2777 1526 2881 Ich
462 2796 1341 2946 Englische schon vergeben haben?
743 2865 1714 3022 Mit vielen Grüssen von uns zu Ihnen
1795 2869 2179 3060 Ihr ergebener
1826 3005 2276 3191 Fischer
