2759 3384
1916 419 2376 580 16. Februar 1903.
1406 424 1866 566 BERLIN W., DEN
568 501 941 624 AMT VI, No. 1662.
1343 498 1753 652 BÜL0WSTRASSE 9
708 655 1668 819 Liebe Herrn Dr. Arthur Schnitzler
672 768 2523 900 ich danke Ihnen für de 6 muss den ich nein
655 869 2590 1016 aus der itztienachen Schweiz bekommen habe
652 953 2157 1079 StefLieber Herr Doktor!
797 1057 2381 1201 Den „Reigen“ auf Subscription erscheinen zu lassen, wäre
701 1139 2427 1262 nur möglich bei einer beschränkten Auflage von etwa 3-400 Exem-
698 1235 2482 1384 plaren. Auf welchem Wege sollten denn für grössere Auflagen
1392 1319 1497 1370 G.C.F.P.
869 1329 1035 1382 Gouvernement
713 1314 2427 1471 Subscribenten gefunden werden? Das wäre eine verkappte Oeffent-
667 1377 2550 1546 lichkeit, die etwas Odioses hätte. Es giebt also hier nur zwei
1654 1493 1810 1536 G.C.F.P.S
2261 1476 2460 1572 dans la foisse
701 1483 2345 1640 Wege. Entweder Sie lassen das Buch im Buchhandel erscheinen
1495 1579 1601 1652 G.F.P.
655 1606 2381 1709 oder sie entscheiden sich für eine Subscription zu einem sehr
679 1688 2420 1842 hohen Preise für das Exemplar, wobei, wie gesagt, nur auf etwa
701 1779 2280 1924 3-400 Abnehmer zu rechnen wäre.
703 1873 2400 1972 Fürchten Sie nicht, mit diesem Buche missverstanden zu
715 1945 2374 2080 werden, so würde das Erscheinen des Buches in voller Oeffent-
722 2037 2460 2140 lichkeit vorzuziehen sein. Das was mir dabei bedenklich scheint,
720 2116 2465 2237 ist ja im Grunde nichts weiter als die Möglichkeit einer gewis-
1204 2200 1584 2287 des Buches
737 2193 2386 2376 sen Discreditierung bei dem unlitterarischen Publikum.
1057 2309 1218 2371 a un
672 2297 903 2391 Wurde
1928 2287 2208 2398 et de
1182 2292 1724 2420 Mit besten Grüssen
994 2355 1425 2485 Ihrer Sohn
1673 2369 2326 2497 Ihr ergebener
999 2446 1274 2578 P.S.
756 2439 939 2547 llen
1837 2458 2367 2574 sd for dirkevry
691 2513 1223 2653 gühnen in den
1230 2559 1312 2641 Londres
1806 2540 2321 2653 Fische
920 2607 1353 2733 fortiment.
828 2699 1295 2807 in hérangich
888 2781 1160 2899 alle und
