2891 3671
2107 128 2237 277 7
1199 311 1331 429 350
742 383 2135 537 S. Fischer, Verlag, Berlin W., Bülowstrasse 90
1281 508 1652 652 2. März 1915
773 937 1543 1035 Herrn Dr. Arthur Schnitzler
1531 1023 1688 1119 Wien
607 1221 1016 1314 Lieber Freund,
811 1300 2451 1430 ich habe festgestellt, dass zur Zeit bei uns eine bestimmte
621 1411 2367 1526 Institution speziell für im Felde erblindete Krieger noch nicht
616 1488 2424 1615 besteht. Dagegen ist uns im Kriegsministerium gesagt worden, dass
621 1599 2381 1712 Spenden für im Felde Erblindete von der Medizinal-Abteilung des
958 1690 1127 1741 DATES DES ACTES
626 1664 2557 1842 preussischen Kriegsministeriums, zu Händen des Rittmeisters Kiessking,
628 1782 1302 1900 entgegengenommen werden.
821 1825 2607 1965 Die Uebersetzungsprobe von Frau Best haben wir nachprüfen lassen.
1575 1940 1878 2010 DATES DES ACTES
631 1931 2528 2075 Sie ist, abgesehen von einigen Wendungen, die von dem englisch lesen-
633 2017 2480 2150 den Publikum vielleicht als fremd empfunden werden, für gut befun-
631 2116 2441 2239 den werden. Es ist anzunehmen, dass "Poet Lore" in solchen Fällen
633 2212 2444 2333 Uebersetzungsverbesserungen vornehmen wird. Ich habe also an Frau
631 2326 2460 2434 Best geschrieben, dass wir unter den von Ihnen erwähnten Bedingun-
633 2391 2489 2513 gen den Abdruck der englischen Uebersetzung in "Poet Lore" genehmi-
640 2509 763 2622 gen.
1038 2559 1676 2682 Mit herzlichen Grüssen
1753 2648 1849 2747 Iph
1815 2634 2265 2831 Fischer
773 2802 2422 2937 Die Restzahlung für die Newyorker Aufführung von "Professor
633 2925 2477 3021 Bernhardi" ist im Februar eingegangen und wird in unserer nächsten
643 3024 1257 3144 Abrechnung erscheinen.
308 3108 400 3221 F. 121
