2216 3480
1231 266 1340 339 21
656 715 1795 863 bitte, was geschehen soll. Mir sind dies*
653 818 1841 941 Russen immer sehr verdächtig. Ich bin nicht
662 916 1776 1037 sicher, dass sie das Buch nicht doch vor
658 993 1838 1109 dem vereinbarten Termin in Auseland Aarune-
659 1092 1850 1190 geben. Wenn Sie aber die 400 xxx mitnehmen
655 1171 1869 1273 wollen, so will ich vereuchen, eine Garantie
668 1263 1842 1400 für die Erfüllung der hier genganten Bödin-
653 1365 1147 1474 gung zu bekommen.
747 1467 1903 1536 Von Ihrem neuen Roman dracken wir, wie ich
665 1528 1838 1614 Ihnen schon sagte, fünf Auflagen, ### 350
665 1614 1755 1711 Freiexemplare, die wir erfahrungsmäßig
668 1717 1848 1794 brauchen werden, besonders weil wir dieses
659 1789 1721 1909 Buch in ausgedehntem Masse der Presse
665 1896 1118 2010 zusenden wollen.
1172 1961 1684 2079 Mit besten Grüssen
1311 2053 1426 2142 Ihr
1157 2126 1637 2292 S. Fischer
1199 3063 1854 3239 and is well and even that the
699 3125 952 3218 men
1955 3097 2180 3259 Hofin
