2196 3495
470 659 1715 812 soll, dass das Buch an anderer Stelle erlautt ist,
475 760 1748 893 wenn es in irgend einem Ort in Deutschland verboten
412 755 641 833 erzejeßl
1165 817 1452 880 Heb Sim Rew
697 845 976 898 .J.H. St. Nossb.
478 843 1741 1011 wurde. Ich werde mich, wie gesagt, darüber noch zu
620 947 744 999 :led i
480 978 988 1086 informieren suchen:
1086 978 1501 1058 :eäa: nov nehaldnå
633 1012 1725 1169 Singer & Co.: haben: für die: Restbestände: des
480 1038 723 1107 sigtessele
1136 1121 1727 1245 ger gefordert; wenn ihnen
369 1094 617 1208 Oës
915 1151 1074 1221 for Exem
788 1170 923 1260 ark, pr
913 1196 1079 1256 G.C.F.P.
469 1178 684 1292 „Reigen“
470 1224 1668 1369 der ganze Restbestand auf einmal abgekauft wird,
1221 1282 1313 1325 uxel
480 1312 1784 1461 werden sie wohl mit sich reden lassen. Die Exemplare
483 1408 1771 1548 liegen: in Oesterreich, in Deutschland dürfen sie ja
488 1522 1066 1652 nicht: verkauft: werden.
1022 1522 1518 1616 vorgezeigt neues nov.
617 1559 1772 1719 Betreffs der „Griechischen Tänzerin“: können wir
505 1668 1792 1826 wohl nichts machen. Meine Frage war so zu verstehen,
492 1652 588 1737 G.C.F.P.
511 1756 1667 1885 ob Sie ein Interesse: daran haben; dass ich die
514 1855 1769 1973 Exemplare aufkaufe. Wenn ich mir aber das Büchlein
511 1930 1795 2077 ansehe, so habe ich doch einige Bedenken, es in der
526 2034 1707 2168 Gestalt: des Wiener Verlages unter meiner. Flagge
1113 2108 1245 2161 gele
952 2124 1056 2174 weasb
521 2116 1807 2239 segeln zu lassen. Ich finde, das Buch ist nicht gut
526 2205 1824 2347 gedruckt, und wenn ich die Umschläge und Titelblät-
532 2309 1842 2436 ter entfernen soll, so ist das eine höchst kostspie¬
539 2386 1737 2523 lige und umständliche Angelegenheit. Da Sie das
544 2472 1841 2607 Honorar für die vorrätigen Exemplare bekommen haben,
