2779 3351
715 609 1981 743 ist es notwendig, dass auf den Exemplaren der ers-
739 723 1971 840 ten Ausgabe das Datum des Erscheinens verzeichnet
743 822 1978 908 ist. Wollen Sie wirklich den 10. Dezember als den
743 905 1939 1012 Termin der Buchausgabe feststellen? Ich fürchte,
748 1008 1952 1095 die Russen werden Ihnen die Tantiemen auf irgend
746 1086 1968 1198 eine Art doch noch entziehen, und der geringe Er-
720 1191 1986 1280 trag wird nicht im Verhältnis stehen zu der Schädi-
749 1268 1911 1398 gung die die verspätete Buchausgabe mit sich
746 1367 2007 1495 bringt. Versuchen Sie es immerhin, aber lassen Sie
749 1480 1963 1550 sich in Russland Garantiesummen zahlen; wenn sie
748 1573 1944 1666 auch noch so klein sind, es ist doch wenigstens
759 1664 1149 1748 etwas Sicheres.
886 1752 2031 1846 Die anliegenden Briefe, die sich auf Ueberset-
734 1825 1987 1934 zungen beziehen, wünschen Sie wohl selbst zu erle¬
731 1926 1986 2028 digen. Mit Frau Winternitz habe ich in Ihrem Inte-
712 2008 2018 2142 resse. korrespondiert,, den Vorschlag. der Dame, Ihnen
731 2104 2008 2195 ein Drittel der Einnahmen aus der polnischen Ueber-
733 2215 1918 2316 setzung zu geben, halte ich nicht für unbillig.
835 2273 2052 2387 Lindemann hat die zweite Rate vertragsmässig erst
744 2390 1305 2519 im November zu zahlen.
1355 2400 1849 2509 Mit besten Grüssen
1536 2467 1870 2533 Ihr ergebener
1500 2511 1893 2691 Fischer
