2944 3608
2358 448 2489 628 8
768 487 1983 647 der Veröffentlichung in der Rundschau halten.
776 582 2533 754 Es wäre sehr gut, wenn wir, um nicht über jedes Buch einen neuen
664 676 2572 829 Contrakt zu machen, wieder einmal einen Generalvertrag, der die Bedin-
652 761 2576 906 gungen für eine gewisse Zeit grundsätzlich regelt, abschliessen würden.
650 887 2557 994 Darf ich mir erlauben, Ihnen ein neues Formular vorzulegen, wie ich es
657 965 2559 1093 jetzt mit fast allen Autoren meines Verlages abgeschlossen habe? Diese
654 1037 2249 1183 neue Vertragsform würde Ihnen auch manchen Vorteil sichern.
759 1117 2528 1277 Bitte lassen Sie mich gefl. auch umgehend Ihre Entscheidung wegen
664 1226 2547 1357 der Vorlesung am 17. Januar im Verein Berliner Presse wissen, eventl.
2169 1294 2254 1348 G.C.F.P.
667 1321 2552 1432 telegraphisch, da wir Montag eine Sitzung haben, in welcher die Abende
662 1374 2608 1544 definitiv festgestellt werden müssen. Ich wiederhole, was ich Wassermann
2322 1466 2419 1525 G.C.F.P.
662 1469 2509 1614 und Hofmannsthal bereits geschrieben habe: dass diese Vorlesungen zu
664 1558 2579 1687 Gunsten der Unterstütungskasse des Vereins Berliner Presse stattfinden,
662 1651 2557 1779 dass eine Honorierung in der Regel nicht erfolgt, dass aber auf Wunsch
664 1743 2072 1907 als eine Art Spesenvergütung 50 Mark ersetzt werden.
1086 1837 1636 1987 Mit besten Grüssen.
710 1878 1066 2002 G.C.H.F.F:D.
839 1912 1859 2087 Shr J.C.
1588 1971 2329 2109 Fischer
713 2043 1302 2164 nuar erasheigen soll.
2089 2063 2223 2152 B.F.P.
696 2072 2460 2244 Wassermann schreibt mir sicher
2436 2118 2572 2254 a
1828 2189 1941 2261 ent
1706 2198 1798 2264 G.F.P
730 2181 2598 2370 daß er für dieses Jahr die Vorlesung
1263 2315 1348 2383 Ora
1592 2295 2368 2467 Ist damit de
739 2317 1435 2496 aufgeben muß.
1537 2409 2627 2606 überhaupt aufgegeben
717 2450 1447 2613 “Wiener Abend”
1815 2972 2004 3095 in der Herren
