2763 3160
1069 245 1377 390 Abschrift!
1431 371 2329 548 Düsseldorf, den 18. August 1904.
602 425 1036 579 Schauspielhaus
670 642 1559 789 Herrn Direktor Gustav Lindemann
1671 735 2077 861 Schauspielhaus
670 754 1141 922 Herrn S. Fischer
1701 847 1841 950 Dusse
1879 849 2061 997 Berlin
1790 985 2054 1106 Bülowstr.
791 1025 1088 1141 geehrter
1125 1032 1221 1130 erre
698 1130 2191 1286 Sehr geehrter Herrl Brief von 2. d. M. ist von mir
2250 1179 2359 1258 G.F.P.
702 1242 2287 1382 Antwortlich Ihres Schreibens vom 2. d. Mts. kann ich mein
614 1361 2378 1459 Erstaunen über den Inhalt Ihres Briefes nicht unterdrucken! Ich
623 1461 2399 1557 kann nur annehmen, dass während Ihrer Abwesenheit ein Herr Ihres
625 1533 2481 1643 Verlags, der den genauen Verlauf unserer Verhandlungen nicht kannte,
621 1627 2420 1729 diesen Brief geschrieben hat. - Unsere Verhandlungen scheiterten
616 1708 2399 1813 einzig und allein, an der von Ihnen geforderten Hinterlegung der
630 1799 2483 1909 Garantiesumme! - Da derartige Missverständnisse in Ihrem Geschäfts-
1344 1900 1445 1958 sane
621 1888 2371 1998 betrieb also möglich sind, muss ich jetzt darauf bestehen, dass
621 1960 2453 2091 der wahre Sachverhalt schriftlich zur Klarstellung kommt, ich wäre
623 2070 2495 2177 sonst gezwungen, mich mit dem in meinen Händen befindlichen schrift-
621 2152 2399 2259 lichen Material direkt an Herrn Dr. Schnitzler zu wenden, dessen
625 2250 2373 2362 Auffassung dieser Angelegenheit mir durchaus nicht gleichgiltig
1036 2338 1529 2448 keiten gemacht. Sind
1944 2338 2023 2415 sont
618 2343 824 2457 ist. —
700 2401 2469 2532 Ich stelle es Ihnen nunmehr anheim, mir die Werke Ihres Verlags,
616 2516 2448 2625 die für das hiesige Schauspielhaus in Betracht kommen, zuzusenden,-
621 2590 2495 2714 enthalten Sie sie mir vor, - so werde ich mich direkt an die Autoren
1529 2688 2016 2801 umme für ein Werk zu
630 2705 891 2817 wenden. —
1468 2775 1617 2889 am Bl.
621 2789 950 2906 (D'Annunzic.)
1636 2777 1979 2903 Hochachtend
1475 2864 2182 3001 Schauspielhaus Düsseldorf
1692 2948 1958 3008 Direktion
1508 2971 1659 3057 Gusta.
