2572 3608
1120 504 1257 613 316
642 580 1866 705 S'FISCHER/VERLAG’BERLIN’THEATERABTEILUNG
1468 652 1874 733 W 57. BÜLÖWSTR.90
627 682 1106 761 AMT: LUTZÖW 1662 & 6162
1412 783 1754 897 den 19/3.18
738 966 1513 1123 Herrn Dr. Arthur Schnitzler
1622 1058 1778 1164 Wien
751 1143 1499 1301 Sehr geehrter Herr Doktor!
816 1324 1930 1440 In der Angelegenheit der Aufführung von
751 1413 2000 1552 „Liebelei“ haben wir Sie, auf Grund der durch
740 1517 2013 1628 Herrn Intendanzrat Ledner unrichtig gegebenen
750 1602 2076 1726 Mitteilungen, falsch berichtet. Frau Agnes Sorna
755 1676 2074 1813 ist nicht nur Darstellerin an diesem Abend, son-
750 1749 2061 1906 dern die Veranstalterin der Aufführung und über-
751 1844 2021 1985 nimmt die ganze Sache auf eigenes Risiko. Wir
760 1932 2066 2094 haben soeben mit ihr telefonisch gesprochen und
768 2021 2071 2176 sie hat angefragt, ob wir mit Rücksicht darauf,
773 2112 2092 2257 dass sie überall schon seit Jahren die Christine
776 2204 2056 2343 spielt und in Anbetracht des wohltätigen Zwek-
766 2317 2057 2472 kes, für den sie noch dazu ein Risiko eingeht,
784 2399 1970 2540 die Tantiemen ganz erlassen oder durch ein
778 2462 2044 2624 festes Honorar von M 150.- bis M 200.- erset-
