2646 3559
1147 238 1300 348 247
803 302 1879 462 S. Fischer, Verlag, Berlin W., Bülowstraße 90
1618 481 1984 607 10. Mai 1911
659 842 1426 1028 Herrn Dr. Arthur Schnitzler
1382 929 1703 1119 Wien XVIII
549 1085 1087 1218 Lieber Herr Doktor,
742 1179 2286 1343 ich bin mit dem Programm für den nächsten Jahrgang meiner
554 1337 2296 1456 Romanbibliothek beschäftigt und frage bei Ihnen an, welches Buch
554 1426 2293 1508 Sie mir für den nächeten Jahrgang zum Abdruck überlassen wollen.
739 1504 2373 1616 Ich würde mir von „Bertha Garlan“ eine viel stärkere Wirkung
558 1593 2252 1701 versprechen wie von einem Novellenband. Bei genauer Berechnung
563 1691 2403 1788 stellt sich heraus, dass Sie dabei, abgesehen von der weit grösseren
554 1781 2394 1884 Verbreitung, auch ökonomisch nicht schlechter, vielleicht sogar bes-
558 1861 2380 1959 ser fahren wie bei der teuren Ausgabe. Wir haben in den letzten Jah-
549 1948 2367 2071 ren durchschnittlich etwa 3-400 Exemplare pro Jahr verkauft, nehmen
558 2026 2344 2145 wir an, 400 Exemplare, das bringt Ihnen pro Jahr eine Tantieme von
552 2126 2346 2227 300 Mark ein, vorausgesetzt, dass der Absatz auf der gleichen Höhe
552 2213 2369 2332 bleibt. Drucken wir "Bertha Garlan" für die Bibliothek, so kann ich
558 2319 2277 2419 von diesem Buch die erste Auflage auf 15,000 Exemplare bemessen.
552 2387 2328 2490 Sie haben dann für 5 Jahre im voraus die gleiche Rente wie bei der
552 2486 2291 2582 teuren Ausgabe, und nach meinen Erfahrungen ist anzunehmen, dass
558 2563 2257 2666 von „Berta Garlan“ in 3-4 Jahren ein weiterer Neudruck von etwa
554 2644 2293 2779 10,000 Exemplaren notwendig sein würde. Rechnen Sie noch den Vor-
554 2733 2328 2836 teil hinzu, den die grosse Verbreitung Ihres Buches in der Biblio-
558 2833 2364 2939 thek hat, und der nicht ohne Einfluse auf Ihre andern Werke bleiben
561 2925 2316 3042 würde, so kommen Sie vielleicht zu dem gleichen Resultat wie ich:
