2657 3529
420 655 2090 781 der Meinung, es könnte Ihnen Spass machen. Es handelt sich um
414 752 2087 842 die französische Originalausgabe der "Erzählungen der Königin
420 847 2079 924 von Navarra" aus dem Jahre 1792, mit zahlreichen Stichen, die
420 944 2079 1068 bei Bücherfreunden gesucht ist. Die Sendung geht gleichzeitig
420 1002 716 1145 an Sie ab.
582 1110 2227 1207 Die Ausgabe der Gesammelten Werke ist sehr schön ausgefallen,
422 1201 2183 1316 wir haben die Pappbände ganz fallen lassen; ich habe im Interesse
420 1278 2156 1389 der Wirkung anstatt der Pappbände Leinenbäude herstellen lassen,
420 1382 2165 1490 ohne den Preis zu erhöhen. Ich hoffe, Sie werden an der Form der
418 1457 2191 1601 Darbietung, besonders auch an den Halbleder- und Lederbänden, Ge-
414 1566 820 1687 fallen finden.
809 1630 1437 1760 Mit herzlichen Grüssen
1462 1707 1570 1853 Ihr
1406 1833 1855 2065 S. Fischer
