2740 3287
1330 233 1442 362 114
2424 291 2536 442 of
1160 318 1904 490 FISCHER,VERLAG
700 458 2545 574 haben, können ihm dann unter dieser Voraussetzung übergeben werden.
710 561 2476 659 Vielleicht kommt uns übrigens Lindemann noch einmal. Ein anderer
719 632 2355 792 Weg wäre noch der, die Garantie auf 3000 Mark herabzusetzen;
716 732 2495 867 auch damit glaube ich am besten noch warten zu können, bis Linde-
719 847 1295 945 man wieder hier ist.
838 872 2456 1028 Inzwischen habe ich von Brahm gehört, dass der „Einsame Weg
2064 961 2167 1025 G.C.P.
732 977 2486 1105 sich doch eine Weile zu halten verspricht. Ihr Werk erwirbt sich
336 970 570 1062 TELEPHON
414 1048 572 1140 Vt. 1662
746 1073 2419 1183 immer neue Freunde, und zwar gerade in den Kreisen, die Ihnen
1826 1147 1961 1218 sion
746 1163 1492 1229 Herrn Dr. Arthur Schnitzler
748 1211 1492 1323 lieb und wert sein dürften.
886 1273 2399 1405 Von Ferd. Avenarius, dem Herausgeber des „Kunstwart in
739 1357 2424 1463 Dresden, habe ich heute die Anfrage bekommen, ob Sie erlauben
744 1428 2442 1566 würden, dass im Kunstwart ein kleines Stück, vielleicht einige
858 1495 2209 1584 Direktor Lindemann hat sich leider nicht dazu ver-
758 1506 2476 1632 Scenen, aus dem „Einsamen Weg abgedruckt werden. Der Kunstwart
2055 1579 2367 1639 e Anzahlung
1680 1586 1955 1646 ƒ 5000 Mark
755 1600 1620 1687 stehen können auf die Gärtin
751 1623 2426 1719 bringt ständig solche bruchstückweisen Veröffentlichungen aus
1691 1691 1776 1737 P7.
1257 1691 1369 1753 G.C.F.P.
755 1682 2486 1817 neuen Werken, und bei der Verbreitung dieser Zeitschrift dürfte
2161 1751 2328 1810 wesen
1501 1781 1614 1831 G. P.P.
758 1758 2513 1897 es sich am Ende empfehlen, wenn ein grosser Leserkreis auf diese
758 1840 2584 1980 Weise auf das Werk aufmerksam gemacht wird. Ich bitte Sie, mir ent-
785 1936 2543 2071 weder sofort zu schreiben oder zu depeschieren, ob Sie mit einem
767 2035 2444 2165 solchen Abdruck, für den ein Honorar natürlich nicht vergütet
767 2158 1476 2282 wird, einverstanden sind.
1108 2243 1639 2369 Mit vielen Grüssen
1797 2261 2190 2394 Ihr ergebener
2110 2378 2188 2438 7.
1804 2396 2199 2534 Ffischer
1911 2518 2053 2611 CHER,
1991 2609 2268 2765 Bekorden
