2213 3479
932 519 1106 725 147
966 724 1143 841 146
522 796 1808 945 S. FISCHER, VERLAG,’ BERLIN W., BÜLOUSTR. 90
743 938 1801 1146 Abt BÈKÎN W,  DEN 24. April 87
869 1300 1580 1465 Herrn Dr. Arthur Schnitzler
1321 1412 1667 1497 Wien XVIII
1351 1476 1712 1552 Spöttelgasse 7
786 1601 1276 1733 Lieber Herr Doktor.
966 1680 1885 1835 in den Vertrag der Nise Kaiser stört
647 1801 1910 1899 nich doch noch der Paseus, der von den erlangung
639 1889 1922 2029 des Cooyrigbba für diesankünftigen Werke handelt.
645 1973 1907 2138 Miss Kasser solliedst nur ein Vorrecht für sich in
663 2064 1938 2170 Anspruch nehmen; nicht aber, wie sich es für wich¬
677 2146 1888 2267 tig halte, sich unter allen Umständen zum Copy-
709 2255 1833 2370 right verpflichten. Ich hoffe, dass xxxaran
700 2328 1816 2452 nicht scheitern stets jedenfalls habe ich in
701 2423 1873 2557 seinen Entsorf den betreffenden Paragraphen in
698 2533 1342 2628 diesem Sinne forauliert.
988 2584 1946 2748 er Waschzettel ist ein beikles Kapitel.
829 2647 969 2745 G.F.P
725 2701 1795 2837 Die sittieren Zeitungen leisten sich in den
754 2802 1829 2914 meisten Fällen nicht den Laxus eines eigenen
