2908 3688
1173 333 1303 438 352
719 376 2108 550 S. Fischer, Verlag, Berlin W., Bülowstrasse 90
1291 522 1604 623 21/4. 1915
874 826 1642 1008 Herrn Dr. Arthur Schnitzler
1649 912 1814 1054 Wien
673 1157 1077 1275 Lieber Freund,
796 1246 2359 1414 wir sind vor 3 Tagen von der Reise zurückgekehrt und ich
691 1323 2334 1515 habe noch Gelegenheit nehmen können, manche Verbesserungen
698 1403 2384 1585 an dem in der Herstellung begriffenen "Geronimo“ zu bewirken.
1832 1499 1930 1544 ouvrage
707 1515 2345 1679 Wir werden also ausser der Auflage von 2000 Exemplaren noch
705 1617 2327 1793 weitere 200 Exemplare drucken, die ausschliesslich für die
712 1697 2418 1891 signierte Ausgabe zu 5 Kronen bestimmt sind. Dabei rechne ich
721 1759 2489 1944 darauf, dass Sie selbst in Oesterreich den grösseren Teil dieser
723 1868 2448 2039 signierten Exemplare verkaufen werden, weil es schon technisch
730 1960 2493 2133 durch den Buchhandel schwieriger ist, signierte Exemplare in Um-
737 2039 2571 2213 lauf zu bringen. Im übrigen wird sich die Ausstattung der billigen
746 2115 2489 2293 Ausgabe von der signierten nicht unterscheiden. Veranlassen Sie
744 2231 2512 2382 also jedenfalls, dass Spamer im ganzen 2200 Radierungen bekommt.
862 2315 2610 2498 Auf unsere Anzeige im Buchhandel sind bis jetzt doch schon etwa
757 2400 2427 2564 1000 Exemplare bar bestellt, so dass wir auch, bei der guten
762 2503 2594 2660 äusseren Wirkung des Buches, zu dem billigen Preis, wie ich hoffe,
766 2635 1736 2767 einen guten Absatz erwarten dürfen.
912 2674 2532 2865 Ich weiss im Augenblick keine Gelegenheit, die Manuskripte
776 2763 2560 2970 Ihrer Einakter von jemandem in Empfang nehmen zu lassen. Wird es
782 2868 2539 3061 mit Barnowsky sich machen lassen, um so besser. Schwierigkeiten
