2435 3559
1271 604 1437 762 293
728 735 2040 884 S. FISCHER,ayxLAG, BERLIN W., BÜLOUSTR. 90
1304 915 2024 1037 BERene W., DEN 20/9. 1912
869 1221 1635 1347 Herrn Dr. Arthur Schnitzler
1607 1306 1784 1415 Wien
884 1482 1415 1600 Lieber Herr Doktor,
1108 1604 2052 1700 ich stehe mit Eirich zunächst erst
892 1695 2031 1806 wegen der Frage des Schutzes in Ungarn in
898 1806 2016 1900 Correspondenz. Seine Ansicht über die Si-
903 1883 1993 1988 tuation scheint mir nicht zutreffend zu
902 1968 2013 2070 sein, ich muss mich darüber erst noch an
906 2047 1818 2168 anderer Stelle näher informieren.
1122 2116 2111 2245 Sie nehmen ganz richtig an, dass der
903 2233 2037 2345 russisch-deutsche Verlag Ladyschnikow auf
913 2328 1995 2418 das Anerbieten, Ihre Novelle "Beate" zu
906 2413 1785 2513 übersetzen, nicht reagiert hat.
1091 2492 2124 2602 Die zweite Abteilung Ihrer Werke, die
916 2567 2027 2695 Theaterstücke, sind erschienen. Ich habe
921 2661 2112 2796 veranlasst, dass die von Ihnen aufgegebenen
