2929 3495
1076 318 1188 460 7
917 422 1387 569 S. FISCHER,
2112 691 2222 818 1899
1379 649 1854 832 BERLIN W., DEN
278 693 857 852 TELEPHON: AAT VI, No. 1662.
1342 758 1792 880 BÜL iWSTRASSE 91.
721 964 845 1051 P.S.
1339 900 1891 1116 Schnitzler
691 1006 1310 1156 Herrn Dr. Arthur
1777 1031 2122 1198 Wien.
492 1213 1031 1369 Lieber Herr Doktor!
626 1255 2403 1476 Ich sende Ihnen heute noch die restlichen Bilder; Sie haben jetzt
504 1424 2398 1563 einen Gesammtüberblick über alle Illustrationen. Nun wird der Satz um-
509 1493 2485 1687 brochen und die Illustrationen werden in den Text eingefügt. Ich kann Ih-
509 1585 2368 1749 nen schon jetzt ganz bestimmt sagen, dass es ganz unmöglich ist, bis
509 1662 2358 1866 Weihnachten fertig zu werden. Wenn das Buch fertig umbrochen ist, da
524 1774 2425 1916 werden wir übersehen, ob nicht einzelne Stellen doch etwas garzu mager
529 1836 2405 2010 bedacht sind. Wir werden uns dann noch Zeit nehmen um ev. hoch einige
527 1928 2510 2090 Illustrationen anzufertigen, damit das Buch in jeder Beziehung schön ist.
609 2018 2445 2177 Ich bestätige Ihnen bei diese Gelegenheit, dass ich drei Auflagen à
529 2117 2527 2274 1150 Exemplare drucken werde und Ihnen und Herrn Maler Coschall von jeder
539 2187 2505 2386 Auflage von dem Preise des broschierten Exemplars zusammen 25 % Tantième
544 2306 2507 2470 bezahlen werde. Ich habe einen Ladenpreis von 4 Mark für das broschiärte
544 2396 2475 2572 Exemplar in Aussicht genommen; jeder von Ihnen würde also für jede ver-
549 2483 2485 2661 kaufte Auflage 500 Mark zu bekommen haben. Eine volle Auflade honoriere
557 2604 1419 2748 ich bei Erscheinen des Werkes.
703 2617 2351 2845 Ich glaube, ich werde mit dem Ladenpreis von 4 Mark auskommen
601 2741 2542 2922 mss mir das noch etwas genauer berechnen, ich möchte aber gern zu diesen
586 2890 1772 3024 verhältnismässig billigen Preise festhalten.
673 2950 1643 3116 Ich bin soeben dabei, eine neue Auf-
1881 3019 1983 3173 an,
706 3066 1148 3230 lage, zu drucken.
