2616 3335
633 826 1134 976 Miss Alice Kanser
1401 906 1582 983 santra
1396 958 1634 1086 New-York
445 976 1099 1104 Sehr geehrtes Fräulein,
553 1059 2385 1201 Wir bestätigen Ihre Abrechnungen vom 7., 16., 20. und 27. Dezember
445 1156 2325 1284 nebst Checks im Gesamtbetrage von 411 Dollars 75 cts. = M. 1732,34.
553 1259 2315 1381 Sie haben von den 15 Dollard pro Aufführung nicht nur Ihre 10 %
448 1326 2425 1481 abgezogen, sondern auch noch die Hälfte für den Uebersetzer. Das trifft
440 1439 2355 1552 aber auf unsere Vereinbarung nicht zu, da ja nicht Ihre Uebersetzung,
448 1537 2387 1674 sondern die von Granville Barker gespielt wird, dem Sie doch wohl auch
435 1607 1639 1742 nicht die Hälfte als Uebersetzer abliefern.
571 1672 2242 1832 Nach § 2 unseres letzten Vertrages sind Sie verpflichtet, aus
2285 1717 2377 1837 er
440 1779 2435 1932 einer weiteren Vorauszahlung von 300 Dollars ein Honorar von 15 Dollars
440 1899 2417 1984 für jede Aufführung an uns abzuliefern. Wir haben demnach laut anliegen-
435 1974 2447 2067 der Aufstellung von Ihnen für die verrechneten Aufführungen noch 357 Dol-
443 2072 2257 2187 lars 75 cts. zu beanspruchen und bitten uns den Betrag durch Chack
430 2157 791 2285 einzusenden.
1562 2182 2040 2387 Hochachtungsvoll
1602 2347 1877 2475 ergebenst
