2610 3512
2356 280 2445 414 Pr.
753 785 1988 908 eine Aufstellung für Juli-September selbst extra-
748 898 1939 995 hieren. Nach allem was ich gehört habe, ist es
759 967 2001 1086 nicht unmöglich, dass Entsch Ihnen im Juliquartal
771 1067 1968 1178 mehr bezahlt hat als er eingenommen hat. Er hat
771 1170 2009 1293 sehr oft, besonders in den Sommerquartalen, eine
782 1262 2053 1365 schön gefärbte Abrechnung geschickt, um kein Miss-
774 1345 1998 1473 trauen gegen die früheren Abrechnungen aufkommen
789 1427 2045 1546 zu lassen. Wir werden ja sehen, wie die Sache sich
794 1543 1981 1636 verhält. Für das Quartal Juli-September ist uns
794 1617 2109 1723 einstweilen nur Hannover von Bloch verrechnet worden.
920 1710 2026 1824 Das Kleine Theater hat heute wegen „Komtesse
794 1784 2024 1903 Mizzi“ angefragt. Die Herren wollen das Stück zu-
800 1890 2106 1991 sammen mit dem neuen Stück von Fulda möglicher Weise
803 1962 2009 2094 noch Anfang Dezember spielen. Ich stelle anheim,
803 2073 2063 2183 evtl. mit dem Kleinen Theater direkt in Verbindung
812 2212 1085 2292 zu treten.
1093 2245 1558 2376 Mit besten Grüssen
1536 2361 1628 2438 Ihr
1414 2428 1896 2607 S. Fischer.
