2679 3512
805 155 1868 391 S. Fischer, Verlag, Berlin, W., Bülowstraße, 90
1619 368 1841 490 9/8. 11
930 749 1589 944 Sehr geehrter Herr!
777 886 2262 1087 Der Katalog, den wir gelegentlich des 25 jährigen Be-
664 1038 2259 1161 stehens unseres Verlages herauszugeben beabsichtigen, soll
659 1124 2326 1244 auch einen repräsentativen textlichen Teil enthalten, zu dem
652 1221 2306 1309 wir Ihre Mitarbeiterschaft erbitten. Am willkommensten sind
659 1265 2417 1420 uns Beiträge nicht zu grossen Umfangs: ein Gedicht, eine Skizze,
661 1378 2285 1517 ein Dalog, ein Aphorismus oder eine Glosse. Wir bitten um
661 1480 2269 1621 möglichst frühe Einsendung, der Redaktions-Schluss ist auf
654 1575 1508 1723 den 10. September festgesetzt.
793 1686 1642 1783 Die Betträge werden honoriert.
1445 1737 2248 1873 Mit vorzüglicher Hochachtung
513 1841 1193 1998 München 12/8. 11
1653 1829 2444 1984 Fischer Verlav,
2072 1961 2257 2137 P.
710 1966 1556 2155 Lieber Herr Doctor!
675 2049 2451 2276 darf ich Ihnen diese offizielle Einsendung
684 2183 2433 2359 mit der persönlichen Bitte überreichen
703 2317 2449 2444 uns für den Katalog eine kleine noselle
1827 2377 2000 2465 gan
731 2375 2467 2551 zu geben. Wir möchten von Ilinen,
726 2467 2479 2636 von Keyserling, Thomas Mann, Salten
722 2578 2574 2708 Alesse und Sträuss napellistische Beiträge
1536 2689 2534 2851 sie bis zum Redactions¬
722 2696 1545 2800 bringen und wenn
1364 2782 1545 2865 Menel
701 2784 2525 2909 schluss nichts haben, würden wir uns
719 2895 2574 3050 auch mit dem zweiten Abdruck einer Notelle¬
719 2978 2474 3099 begnügen, die in Buchform noch nicht
883 3059 1429 3207 auffentlicht
