1899 3576
382 716 681 855 Abschrift:
985 888 1590 1045 München, den 6/12. 09
7 1075 918 1203 An den Verlag S. Fischer, Berlin
16 1219 614 1351 Sehr geehrter Verlag!
100 1344 1889 1479 Nach wiederholter eingehender Prüfung der Schnitzler'schen Komödi
28 1432 1889 1594 „Komtesse Misi“ und noch reiflicher Ueberlegung kann ich leider nicht
25 1525 1889 1666 zu dem Entschluss kommen, einer Aufführung des Stückes an der Müncher-
23 1636 1824 1752 Hofbühne näher zu treten. Das mit sicherer Hand und auch mit viel
23 1729 1817 1861 Humor gezeichnete Gesellschaftsbild scheint mir doch etwas stark
32 1782 1822 1965 frivol angehaucht zu sein, so dass es speziell auf der a Hofbühne
42 1886 1435 2030 vielfachem Anstoss und Widerspruch begegnen dürfte.
95 1937 1810 2109 Das vom Verfasser selbst eingesandte Exemplar stelle ich Ihnen
44 2083 1302 2241 mit verbindlichstem Dank wieder nur Verfügung.
1145 2137 1620 2273 Hochachtungsvoll
1045 2287 1504 2422 Fhr. von Speidel
63 2709 786 2848 K. Bayern. GeneralIntendan
121 2816 980 2936 der Hoftheater und der Hofmusik.
