2659 3464
1104 150 1278 284 249
790 216 1854 395 S. Fischer, Verlag, Berlin W., Buſowstraße 90
1713 367 2178 494 den 23. Mai 1911
510 764 1267 916 Herrn Dr. Arthur Schnitzler
1248 846 1567 982 Wien XVIII
463 985 1008 1137 Lieber Herr Doktor,
597 1128 2336 1243 Herr Dr. Julius Kapp hat mir jetzt das Manuskript seines Buches,
468 1217 2265 1325 das er über Sie geschrieben, vorgelegt. Ich nehme an, dass Sie von
477 1318 2362 1417 dieser Arbeit unterrichtet sind, denn in dem Manuskript ist eine ganze
468 1396 2296 1485 Menge Material drin, das er vielleicht nur mit Ihrer Hilfe bekommen
468 1483 2326 1591 hat. Wie dem auch sei: das was wir suchen, erfüllt dieses Buch nicht
477 1570 2348 1692 Das Interessanteste in der Arbeit stammt von Ihnen: zahlreiche Zitate
468 1659 2324 1770 aus Ihren Werken, geschickt eingeflochten in der Inhaltsangabe Ihrer
479 1746 2326 1866 Werke. Der Inhalt ist zum Teil gut wiedergegeben, das ist der Vorzug
479 1847 2326 1950 der Arbeit. Aber die ästhetische und kritische Wertung ist nicht von
479 1929 2326 2054 hohem Rang. Ich kenne viele Journalisten, die das viel besser machen
489 2000 2186 2131 würden, z. B. Fred. Also das Buch, das ich suche, ist es nicht.
623 2082 2298 2225 Ich könnte mir denken, dass dieses Buch in einem andern Verlag
484 2197 2352 2301 zur Not ganz gute Figur macht. Wenn wir es herausgeben, so bekommt es
484 2298 2063 2399 einen offiziellen Stempel, den wir ihm nicht geben dürfen.
613 2348 2364 2482 Im Manuskript sind übrigens einige Ihrer in Buchform unveröffent-
489 2430 2376 2566 licht gebliebenen Arbeiten wörtlich abgedruckt: "Mein Freund Xpsilon",
510 2514 2308 2660 "Amerika", "Der Andere" (aus dem "Tagebuch eines Hinterbliebenen").
494 2632 2099 2747 Haben Sie die Absicht, Herrn Kapp das eventl. zu gestatten?
623 2721 2352 2827 Wenn Sie das Manuskript lesen wollen, will ich Herrn Kapp anfra-
498 2822 2308 2912 gen, ob er mir erlaubt, Ihnen Einsichtnahme in die Arbeit zu geben.
811 2879 1452 3041 Mit herzlichen Grüssen
1784 2956 2244 3126 S. Fischer
