2696 3257
1979 336 2070 443 22.
576 432 2302 618 Tantiene ja nicht bezahlt werden kann. Ich müsste ausserdem das
567 529 2276 688 Recht haben. 400 hemerarfreie Exemplare zu drucken, da ich bei
576 626 2276 793 der sehr knappen Kalkulation die Partie-Freiexemplare, dem Buch
580 719 2360 888 handel nur liefern kann, wenn auf dem Freiexemplaren kein Honorar
598 819 2274 945 lastet. Von diesen 400 Exemplaren werden aber etwa 150 als Re-
600 932 1813 1078 zensiens- und Privatfreiexemplare verwendet.
702 983 2400 1120 Bitte lassen Sie mich wissen, ob Sie damit einverstanden sind,
611 1065 2285 1220 damit ich eine Probeseite setzen lassen kann. Wir würden auch
609 1173 2298 1353 noch mit einer andern Schrift und mit einem andern Fermat und
609 1286 1288 1406 Einband Versuche machen.
1271 1319 2546 1477 Mit herzlichen Grüssen und verbindlichstem
1532 1423 1764 1539 Ihr
638 1437 1466 1607 Wank für den feuering
1725 1499 2150 1643 "Sffinher"
892 1545 1454 1694 und für Wien
