2779 3351
1108 304 1238 398 125
607 369 1907 541 S. FISCHER, VERLAG,“ BERLIN W., BÜLowSTR. 91
1175 585 1892 700 BERene W., DEN... 7. Juni 1905
957 869 1661 966 Herrn Dr. Arthur Schnitzler
1538 925 1867 1051 Wien IX
892 1083 1382 1198 Lieber Herr Doktor!
821 1204 2003 1297 Kerr und ich wollen bei der Schillerstiftung in
673 1275 2040 1406 Weimar eine lebenslängliche Unterstützung für Altenberg
1622 1350 1885 1406 DATES DES ACTES
682 1387 2033 1488 bewirken. Zu diesem Zwecke soll das anliegende Schrift
802 1470 1008 1532 Monsieur le dernier éviter
683 1459 1989 1600 stück von Dichtern und Künstlern, die diesen Schritt
683 1562 2013 1678 unterstützen wollen, unterzeichnet werden. Dürfen wir
685 1652 2042 1761 Sie bitten, auch Ihre Unterschrift unter dieses Gesuch
690 1766 1967 1868 zu setzen? Ich wäre Ihnen sehr verbunden, wenn Sie
688 1848 2028 1955 die Freundlichkeit hätten, das Schriftstück sodann an
700 1938 2004 2043 Hofmannsthal zu senden, den ich direkt bitten werde,
700 2052 1340 2150 das Gesuch weiterzugeben.
850 2145 1321 2232 Mit vielen Grüssen
1346 2183 1695 2307 Ihr ergebener
1300 2310 1690 2508 Pfischer
