2733 3672
1105 545 1501 671 207 217
623 629 1920 771 S. FISCHER, VERLAG, BERLIN W., BÜLowSTR. 90
1210 813 1956 946 BERene W., DEN. 13/6. 1910
996 1081 1777 1228 Herrn Dr. Arthur Schnitzler
1741 1186 2037 1310 Wien XVIII
825 1365 1362 1485 Lieber Herr Doktor,
1001 1480 1882 1590 der Franzose, mit dem wir wegen
825 1552 2012 1706 "Liebelei“ verhandeln, wünscht, wie Sie aus
821 1669 2048 1772 der Anlage ersehen, einen genau formulierten
834 1735 1946 1859 Vertrag. Da Thorel für "Liebelei" nichts
1486 1812 1649 1857 ouvrage
831 1832 2024 1935 tut, wäre es am Ende ganz zweckmässig, wenn
836 1920 2006 2038 Sie einmal bei ihm anfragen wollten, ob er
841 2019 2004 2114 für die Uebersetzung in nächster Zeit eine
847 2093 2051 2217 Aussicht sieht oder nicht. Ist die Ueberset-
849 2170 2090 2287 zung gut, so wäresie am Ende doch zu verwen-
859 2264 2059 2404 den, und es wäre nicht notwendig, mit einem
857 2346 2059 2488 neuen Uebersetzer zu verhandeln. Da Sie die
867 2430 2053 2571 Uebersetzung bezahlt haben, gehört sie doch
870 2529 2038 2653 wohl auch Ihnen. Vielleicht könnte man die
875 2635 2090 2756 Uebersetzung, wenn Sie sie von Thorel bekom-
