2743 3384
871 169 1009 276 135
404 188 1687 423 FISCHER, VERLAG, BERLIN W. BÜLowSTR. 91
776 318 1286 442 THEATERABTEILUNG
1341 470 1633 603 8. Mai os
960 534 1321 624 BERene W., DEN
535 706 1308 843 Herrn Dr. Arthur Schnitzler
1305 774 1478 871 Wien.
573 893 1126 1023 Sehr geehrter Herr!
724 995 1658 1134 Wir beehren uns Ihnen hiermit die
565 1079 1741 1223 Abschrift eines uns von unserer Vertretung
573 1183 1661 1334 für Amerika zugegangenen Schreibens zur
576 1286 1709 1425 gefl. Kenntnisnahme zu übersenden und be-
576 1362 1712 1508 merken hierzu ergebenst, dass wir hoffen,
594 1417 1734 1576 einige Ihrer dramatischen Werke (auch der
591 1531 1571 1682 älteren) in Amerika unterzubringen.
681 1611 1774 1756 Bei dieser Gelegenheit teilen wir Ihnen
607 1688 1771 1845 weiter ergebenst mit, dass der Vertrag mit
621 1777 1799 1945 Herrn Paul Brann wegen des „Tapferen Cassi-
621 1862 1779 2046 an, zweeks Aufführung auf der Marionetten-
627 1945 1739 2110 Bühne unter den Ihnen bereits mitgeteil-
635 2081 1576 2216 ten Bedingungen jetzt perfekt ist.
722 2143 1680 2303 Schliesslich bitten wir noch gefl.
648 2208 1840 2390 Kenntnis zu nehmen, dass sich Herr Siegmund
659 2328 1744 2472 Oswald Fangor, Lemberg um die polnische
