2712 3431
1972 200 2344 451 20/50
547 441 2274 591 pflichten zu können, nachdem ihm wahrscheinlich die Kritiken der
538 540 2411 687 Berliner Première einen der Garantiesumme entsprechenden Erfolg nicht
540 658 1174 762 zu verheissen schienen.
656 706 2418 844 Sie dürfen überzeugt sein, dass von hier aus alles geschehen ist,
552 779 2363 945 um Ihrem Werk auch zu dem verdienten geschäftlichen Erfolge zu ver-
550 892 2341 1010 helfen. Die meisten Direktoren verhielten sich von vornherein nach
559 986 2361 1138 Kenntnisnahme des Buches ablehnend, ein anderer Teil versuchte die
574 1022 2426 1201 Verhandlungen bis zur Berliner Première hinzuziehen und nach der Her-
567 1150 2433 1309 lineremière war es uns zunächst nicht möglich, weitere Annahmen zu
569 1251 2421 1386 erzielen. Wir hoffen indessen, mit aller Bestimmtheit, dass wir unter
569 1331 2440 1473 Hinweis auf die grössere Anzahl der Berliner Aufführungen eine Auzahl
2452 1331 2592 1432 reter.
579 1423 2515 1575 nennenswerter Abschlüsse für die nächste Saison zustande bringen werden.
1273 1534 2062 1664 Mit vorzüglicher Hochachtung
1343 1632 1857 1751 Ihr sehr ergebener
2153 1678 2479 1813 mit kommen.
1444 1731 1888 1849 THEATERABTEILUNG
1459 1808 1878 1881 VERLAG UND VERTRES
2291 1789 2414 1871 G.C.F.P.
1454 1849 1893 1927 DRAMATISCHER WERKE
1418 1888 1924 2013 S. FISCHER, VERLAG
1953 1876 2500 1984 Gutragung in das xxx
2223 1970 2472 2086 se même mais en
2105 1968 2204 2088 G.H.F.P.
1521 1989 2069 2177 Bekarntnab
2093 2035 2505 2156 Monsieur dans
2112 2127 2513 2250 G.C.H.F.P.
2216 2211 2517 2334 verfahren.
2074 2315 2520 2445 sollen ausgeübt.
2291 2394 2532 2513 Diess 1
2206 2484 2537 2623 angesendet
2078 2443 2182 2595 G.C.F.P.
