2365 3592
1212 442 1578 547 S HOTES
1053 449 1195 547 VIN'
858 437 979 547 MA
853 525 1409 630 DIREKION: H. VOLLMER.
1770 494 2034 630 FRREPRONER:
147 511 539 642 MÈRONAMM-ADffesen:
1675 613 2117 722 RUE HILLMANN'S HOTEL.
176 632 499 708 HILLMANNHOTEL,
1352 737 2186 917 BREMEN, DEN 21. Juli 1912.
264 1105 872 1231 Geehrter Herr Doctor!
437 1202 2058 1297 Ich erhielt heute den inliegenden Brief von S. Fischer als
261 1290 2082 1416 Antwort auf meinen, wie ich glaube genuegend motivierten Vorschlag
261 1371 2103 1469 mir die Auffuehrung des „Zwischenspiel“ ohne besondere Garantie zur
276 1459 2110 1554 Verfuegung zu stellen. Ich bin offen gestanden ueber den von Ihnen
266 1537 2124 1654 eingenommenen Standpunkt etwas ueberrascht. Ich habe wiederholt Ge-
266 1613 2112 1735 legenheit gehabt Ihnen persoenlich die ausserordentlichen Schwierig
283 1706 2112 1861 keiten der Situation am Deutschen Theater in Newyork auseinanderzu-
271 1820 2124 1911 setzen. Ich glaube auch das Verdienst fuer mich in Anspruch nehmen
273 1889 2179 2010 zu duerfen, dass ich mich in jeder moeglichen Form fuer Ihre kuenst-
276 1975 2153 2101 lerischen Interessen in Newyork, und zwar, wie Sie wissen, nicht er-
276 2091 2115 2196 folglos eingesetzt habe. Wenn ich das „Zwischenspiel“ zur Auffueh-
276 2155 2055 2284 rung bringe, und in den Hauptrollen mit Frau Vallentin und Herrn
283 2248 2127 2367 Christians, zwei sehr kostspieligen Gaesten besetze, so tue ich das
273 2333 2127 2464 wie Sie mir ruhig glauben duerfen, nicht aus der Idee heraus gerade
283 2426 2098 2533 mit dieser feinen Komoedie einen Kassenerfolg erzielen zu koennen.
283 2512 2036 2654 sondern weil ich sehr gerne in der naechsten Saison einen neuen,
283 2609 2093 2723 zumindest grossen kuenstlerischen Erfolg fuer Sie drueben erzielen
278 2685 2129 2816 moechte. Fast alle der namhaften deutschen Autoren, mit den Herren
278 2806 2141 2925 Gerhart Hauptmann und Hermann Bahr an der Spitze, haben mir in Aner-
283 2894 2112 3039 kennung der grossen Schwierigkeiten, unter denen ich stets bemueht
