2448 3592
627 463 1830 644 SCHER/VERLAG/BERLIN THEATERABTI
431 573 1030 674 AMT: LUTZÖW 1662 & 616.
1521 501 2052 704 W 57. BUL à WSTR9O
1587 756 2087 929 den 18. Juli 18.
501 1013 2003 1172 Verehrl. Direktion des Deutschen Theaters New-York
679 1109 1439 1268 Herrn Direktor M. Baumfeld
1821 1214 1975 1364 nen
798 1479 1310 1631 Sehr geehrter Herrr!
732 1682 1448 1867 „Nach Eintreffen der Antwerger“
358 1842 2136 1912 ler auf unsere Frage sind wir leider nicht inder Lage, Ihnen das
356 1921 2125 1998 Aufführungsrecht von „Zwischenspiel“ ohne Garantiesumme zu über-
353 1994 2129 2108 lassen. Herr Dr. Arthur Schnitzler führt mit Recht an, dass die
358 2080 2197 2202 Herren Dr. Otto Brahm, Berlin und Adolf Veisse, Wien, mit ihm eben-
353 2164 2230 2279 felle gut bekannt sind und dass dies für die beiden Herren doch kein
365 2260 1661 2375 Grund ist, ihm keine Garantiesumme zu bezahlen.
482 2321 2129 2478 Wir bitten Sie um Ihre Entscheidung in dieser Angelegenheit
372 2417 721 2574 und solchen vorhanden.
1685 2499 2010 2644 Atzug von VERLAG
1521 2523 1661 2637 H. F.
1547 2630 2003 2710 THEATERABTEILUNG
