2585 3543
1916 348 2177 483 Blatt 2
366 364 1081 502 FISCHER,VERLAG, BERLIN,
392 691 2231 868 er von Mr. Ames bekommt. Da Sie eine feste Abmachung mit Mr.—Barker
394 803 2128 915 haben, so haben Sie auch Anspruch auf den vereinbarten Teil der
397 915 688 1029 Tantiemen
502 990 2289 1125 Ich verstehe nicht recht, warum Rémon und Vaucaire zusammenkommen
399 1048 2257 1195 mussten, um „Anatol“ zu übersetzen, aber das ist doch wohl eine Vor-
404 1162 2201 1293 bedingung, die zwischen Ihnen geordnet ist. Jedenfalls scheint mir
404 1258 2154 1363 aber Ihr Anteil mit 3/9 zu gering, es müsste doch wohl umgekehrt
404 1354 2131 1473 sein, dass Sie 4/9 bekommen und Rémon 3/9. Die Honorare für die
401 1428 2198 1568 Bücher finde ich nach meinen Erfahrungen für französische Verhält-
399 1536 884 1652 nisse angemessen.
483 1554 2282 1750 Wegen der Aufführungsrechte haben Sie wohl besondere Verträge mit
404 1708 2273 1802 den beiden Herren; was darüber in diesem Vertrag steht, bezieht sich
404 1811 2166 1939 doch wohl nur auf die Reservierung der Rechte für die Aufführung
404 1902 1155 2005 gegenüber dem Buchverleger.
513 1949 2187 2126 Für alle Fälle lege ich noch eine neue Anfrage aus Frankreich
413 2082 539 2210 bei.
541 2131 2268 2280 Den spanischen Vertrag müssten Sie mir erst schicken. Ich nehme
408 2252 2170 2380 an, dass der spanische Uebersetzer die Bedingungen des Vertrages
415 2345 2294 2471 nicht erfüllt hat und dass Sie darum nicht mehr an ihn gebunden sind.
546 2429 2278 2537 Die Wiesbadener Volksbücher erscheinen nicht nur zum Preise von
411 2497 2161 2614 10 Pf., sondern je nach Umfang und Wert auch zu höheren Preisen.
411 2607 2282 2735 Ich bin sehr gern bereit, den "Geronimo" mit einigen andern Novellen
413 2688 1792 2796 gelegentlich in der Romanbibliothek herauszugeben.
520 2744 2224 2934 Nach Weihnachten werden wir drei neue Auflagen von "Bernhardi"
