2568 3576
900 721 2222 926 bei dieser Gelegenheit, über die Höhe der Restvorrä-
912 828 2216 995 te aufgeklärt zu werden. Am besten ist, Sie fordern
905 949 2171 1096 Auskunft darüber, wieviel Exemplare von Szelinski
920 1045 2191 1176 übernommen wurden, da Szelinski doch nur das Recht
935 1155 1835 1273 für die 11.-20. Auflage gehabt hat.
1115 1207 2150 1357 Ich meine, so lange wir über diese Sache
951 1296 2216 1459 nicht aufgeklärt sind, sollten wir an den Neudruck
951 1449 1567 1580 des Buches nicht geben.
1329 1495 1918 1636 Mit herzlichen Grüssen
1869 1592 1994 1675 Ihr
1776 1684 2186 1927 F.Fischer
1018 1997 1482 2140 I was teleg -
990 2117 1294 2314 [illegible]
759 2929 1780 3224 dingungen in dieser Höhe zu stellen.
