3221 3687
1484 252 1682 367 2 10
1480 358 1604 478 34a
1014 416 2388 598 S. Fischer, Verlag, Berlin W., Bülowstrasse 90
1811 520 2122 656 25/9. 1914
1124 892 1894 1054 Herrn Dr. Arthur Schnitzler
1882 974 2054 1113 Wien
922 1202 1336 1317 Lieber Freund,
1021 1235 2776 1437 ich gebe Ihnen eine Abschrift unserer Mahnung vom 10. September
943 1339 2839 1536 an Bartsch um sofortige Abrechnung resp. Bezahlung des einkassierten
946 1435 2821 1654 Geldes. Die 500 Dollars sind nicht allein für Sie bestimmt, sie ver-
1047 1489 1409 1562 Monsieur les mêmes.
965 1527 2849 1727 teilen sich auch noch auf andere Stücke unseres Verlages; das nur zu
1282 1571 1543 1647 Dʼaprès avoir lʼautre et de ses
1082 1694 2872 1887 Bartsch ist der Vertreter mehrerer deutscher Bühnenagenturen, wir
962 1713 1503 1795 Ihrer Orientierung,
974 1816 2468 1969 haben kaum zu befürchten, dass wir um das Geld kommen.
1103 1837 1430 1922 lʼhonneur de lʼauteur.
1193 1891 2842 2056 Kommt der "Medardus" in diesem Herbst in Berlin heraus, und
1534 1995 1856 2068 ouvert avec les mêmes sont résultats.
988 2014 2343 2157 werden wir Sie bei dieser Gelegenheit hier sehen?
1188 2051 2957 2235 Es ist schade, dass sich die Oesterreicher, wie es scheint, auch
1357 2164 2910 2303 auf der Höhe der Situation zeigen. Mir wird erzählt, dass
2063 2254 2261 2308 pour un peu dʼaprès de
1355 2265 1993 2350 3. ̃ 1
1012 2273 2811 2430 Ihr Aushebungssystem nicht so funktioniert, dass alle wehrfähigen
1012 2258 1287 2343 jetzt nich
1037 2313 1282 2378 Deuxieme
1012 2345 2872 2510 Männer auch wirklich mittun, und auch mit der Ausrüstung scheint es
1026 2428 2884 2597 bei Ihnen zu hapern. Und verlassen sich nicht die Oesterreicher ein
1696 2522 2385 2592 dans le dernier étrangères sont
1562 2508 2976 2668 die Deutschen? Hier ist alles sehr zuversichtlich,
1026 2588 1571 2705 bisschen zu sehr auf
1560 2621 1741 2696 le sujet de ses
2338 2614 2475 2722 he
1136 2663 1367 2736 G.C.H.F.K.P.
1021 2623 2315 2783 aber es tut auch wirklich jeder seine Pflicht.
1237 2675 2922 2882 Der Leiter meiner Bühnenabteilung, Herr Tal, ist in Galizien
1040 2795 2835 2990 im Feld, die Abrechnung wird aber trotzdem pünktlich fertig sein.
1040 2887 2600 3072 Ihre Dispositionen wegen des Geldes werden wir abwarten.
1346 3016 1978 3152 Mit herzlichen Grüssen
2103 2992 2268 3122 Ihr
2313 2981 2705 3171 Fischer
755 3152 849 3308 F. 121
