3230 3658
1088 463 1237 658 F.O.G.
637 653 2420 873 direkt verkaufen. Für diesen Zweig des Buchdundels kommen fast nur
646 818 2351 955 Gesamtansgaben, Laxibus und teure fachwissenschaftliche Werke in
637 914 2294 1038 Betracht, und diese Buchhandlungen arbeiten nicht unter einem
628 992 2323 1164 Rabatt, der sich zwischen 40-50 % bewegt. Das übrigens nur zur
639 1098 1098 1217 Richtigstellung.
754 1148 2509 1315 Um den "Weg ins Freie" hat sich, wie Sie wiesen, Horace B. Samuel
644 1276 2445 1402 beworben; wir haben mit ihm das Uebersetzungsrecht für 500 Mark ab-
651 1359 2417 1469 geschlossen, da er aber den Cheek noch nicht geschickt hat, haben
646 1462 2381 1560 wir ihn geschrieben, dass wir uns an die Offerte nicht gebunden
653 1521 2209 1721 fühlen, wenn er nicht innerhalb 8 Tagen das Geld schickt.
884 1618 1521 1746 Mit herzlichen Grüssen
1505 1712 1622 1849 Ihr
1363 1757 1828 1925 Fischer
1927 1872 2090 1970 denn
715 1959 2461 2092 P. S. Ich mache Sie darauf aufmerksam, dass zwischen Deutschland
662 2080 2459 2184 und Russland vermutlich noch in diesem Sommer ein Literaturvertrag
667 2151 2390 2268 zustande kommt, dass also Ihre zukünftigen Werke in Rusaland ge-
662 2245 2509 2367 schützt sein werden, und dass es sich nicht empfiehlt, mit Ueberset-
664 2332 2390 2472 sern, sondern nur mit Verlegern zu verhandeln.
2055 2426 2275 2520 Pausend De
1863 2594 2330 2704 dichst umgehend zu
1753 2683 2346 2798 nennen Sie vielleicht
1679 2768 2479 2892 wieder, der Ihnen bekannt ist und
1652 2853 2497 2990 er eine literarische und einige-
1732 2951 2516 3082 an dann der Firma Hugo Baruch.
1221 2972 1306 3077 leur
