2207 3478
869 575 994 681 151
389 604 1678 772 S. FISCHER, VERLAG,’ BERLIN W., BÜLowSTR. 90
959 801 1672 953 BERene W., DEN 24. Juni 07
705 1081 1409 1214 Herrn Dr. Arthur Sohnitzler
1339 1156 1619 1259 lien XVIII
1308 1227 1667 1355 Spöttelgasse 7
546 1350 1033 1467 Lieber Herr Doktor,
749 1436 1726 1548 wenn ich den Brief von Granville Banker
533 1516 1808 1656 recht verstehe, so bezieht: er sich auf eine Anfrage
543 1608 1811 1749 von Ihnen, die hervorgerufen ist durch das, was ich
540 1715 1795 1819 in meinem Briefe vom 29. Mai an Sie aus dem Briefe
551 1777 1792 1925 meines Vertreters citiert habe. Trifft diese Vor¬
556 1869 1800 2021 aussetzung zu, so scheint es mir zweckmässig, dass
554 1986 1720 2094 Sie Granville Karker schreiben, dass er Herrn
562 2053 1813 2205 Frank Washburn Freund Einsicht in die Uebersetzung
564 2166 1777 2274 gibt. Sind Sie damit einverstanden, so werde ich
570 2258 1809 2402 Herrn Washburn-Freund bitten, die Uebersetzung zu
564 2339 1809 2450 lesen und sich über die Qualität der Gebersetzung
578 2429 1734 2589 sowie über die Möglichkeiten dieses Stückes an
578 2528 1758 2687 einer der englischen Böhnen weiter zu äussern.
698 2594 1838 2754 Den Vertrag mit Miss Kaiser auf drei Jahre zu
