2807 3559
1479 468 1638 562 225
907 553 2199 647 S. FISCHER,VERLAG, BERLIN W., BÜLowSTR. 90
1280 640 1790 734 THEATERABTEILUNG
1462 776 2170 917 BERene W., DEN 14/9. 10
889 1030 1691 1156 Herrn Dr. Arthur Schnitzler
1773 1112 1925 1225 Wien.
1020 1170 1577 1320 Sehr geehrter Herrl
976 1299 2229 1449 Von „Das weite Land“ sind Bühnenexemplare auf
861 1409 2195 1525 Verlangen bezw. auf Ihren Funsch bisher an nach-
864 1504 2121 1598 stehende Direktionen zur Versendung gekommen:
870 1584 2225 1683 Bonn- Stadttheater, Breslau-Stadttheater, Brünn-
861 1672 2275 1778 Stadttheater, Dresden-Hoftheater, Düsseldorf-Schau-
868 1753 2287 1877 spielhaus, Frankfurt a/M.-Schauspielhaus „Frankfurt-
868 1842 2220 1965 Kömödienhaus, Hannover-Deutsches Theater, Königs-
877 1953 2220 2045 berg-Stadttheater, Leipzig-Stafttheater, leipsig-
875 2024 2213 2126 Vereinigt. Schauspielhäuser, Mannheim-Hoftheater,
868 2110 2269 2218 München-Hoftheater und Strassburg i/E.-Stadttheater.
866 2188 2202 2308 Von diesen ist Leipsig, Stadttheater perfekt mit
868 2296 2135 2402 600 Mark Garantie. Das Hoftheater in Mannheim
868 2361 2264 2489 (Prof. Gregori) schreibt, dass es erst die Striche
870 2443 2261 2621 der Berliner Aufführung abwarten mill, bevor es um
