2213 3479
964 564 1139 707 147
914 715 1067 819 145
495 798 1783 935 S. FISCHER, VERLAG, BERLIN W., BÜLowSTR. 90
890 870 1398 1025 THEATERABTEILUNG
1067 1052 1771 1195 BERene W., DEN 23. April 0 7
613 1156 991 1316 Einschreiben.
645 1289 1403 1434 Herrn Dr. Arthur Schnitzler
1367 1439 1694 1561 Wien XVIII
630 1542 1353 1691 Sehr geehrter Herr Doktor,
737 1653 1919 1800 zu der anliegenden Abrechnung, den Theater-
613 1772 1922 1932 vertrieb pro I. Quart. d.J. betreffend, bemerken
613 1878 1827 1980 wir nur der Ordnung wegen, dass wir von der
613 1948 1895 2120 Einnahme Colbron in New-York (durch Nies Alice
611 2041 1910 2174 Käuser) Provision nicht in Abzug bringen, da ja
613 2138 1723 2256 Miss Kaiser solche auch nicht berechnet.
676 2220 1948 2380 Die Garantie für den „Ruf des Lebens“ in Hannoe
608 2305 1937 2450 vor ist auf unser Betreiben jetzt bezahlt worden,
608 2421 1927 2525 obgleich die Aufführung noch nicht stattgefunden
609 2486 1948 2622 hat. Herr Direktor Reusch beabsichtigte, den „Ruf
609 2564 1973 2726 des Lebens" zugleich mit dem „Einsamen Weg“, nach
615 2670 1987 2816 einer ihn zugestandenen Prolongation, in der jetzt
623 2756 1990 2935 abgelaufenen Saison zu geben, ist aber, wie er uns
