2216 3480
1193 267 1342 339 212
1038 482 1166 616 162
552 586 1839 708 S. FISCHER, VERLAG,’ BERLIN W., BÜLowSTR. 90
1098 764 1819 885 BERene W., DEN 14. Dez. 07
837 1017 1558 1155 Herrn Dr. Arthur Schnitzler
831 1093 1826 1256 Herrn Dr. Erther Schnitzler Nien: XVIII:
1434 1191 1821 1319 Spöttelgasse 7
998 1224 1316 1322 De. Art) nr S.
638 1304 1181 1439 Hever Herr Doktor,
882 1394 1917 1528 der Eingang des Honorars für den Abdruck
635 1493 1869 1613 Iäres Romans in der „Rundschau“ ist Ihnen wohl
683 1588 1766 1726 insuischen von der Bank mitgeteilt worden.
877 1676 1914 1794 Die Buchausgabe möchte ich zu einen nög-
651 1756 763 1807 G.C.P.
689 1761 1869 1891 lichst billigen Preis ansetzen, 5 Mark scheint
691 1879 1902 1982 xxx das Makimus. Trotz des grossen Umfangslege
689 1954 1909 2077 ich Wort: darauf, dass das Buch nicht teuer wird,
688 2045 1934 2155 ### nach meinen Erfahrungen spielt bei der Ver-
696 2133 1937 2286 Muthungsmöglichkeit eines Buches der Preiseine
698 2256 1068 2356 ### Rolle.
866 2286 1984 2449 Die Einbandfrage ist ja noch etwas verfrüht,
596 2424 1930 2535 aber ### Ihnen jetzt schon sagen, dass
694 2510 1960 2641 wir zwei verschiedene Einbände herstellen müssen.
1271 3068 1728 3233 I have to get
1947 3072 2180 3263 HJfir
716 3153 887 3220 min
