2725 3336
621 607 2431 739 Absatz mit aufdringlichen Reklamen a la Götz Krafft zu forcieren und wenn
628 723 2365 858 auch das nicht hilft, die Bücher zu einem Spottereis zu verschleudern.
633 836 2388 924 Der Verleger Ihrer Werke hat die Pflicht, Ihren Namen durch ein solches
633 928 2462 1032 Verfahren nicht zu diskreditieren, ganz abgesehen davon, dass Sie ein sol-
631 1002 2077 1115 ches Verfahren von meiner Seite nicht zu befürchten haben.
780 1082 2504 1210 Sie werden es mir gewiss nicht verdenken, wenn ich alle Gesichtspunkte
636 1158 2431 1273 geltend mache, die für die Neue Rundschau und für meinen Verlag sprechen.
791 1238 2497 1392 Die Neue Rundschau ist jetzt in einer schwierigen Situation. Sie muss,
645 1332 2433 1448 bei Erhaltung ihres Niveaux, einen weiteren Leserkreis zu erobern suchen,
640 1434 2535 1540 um den Mitarbeitern, auf die sie sich auch in Zukunft stützen will, die praktürste
650 1505 2362 1637 Möglichkeit zu geben, ihre wichtigen Arbeiten dort zu veröffentlichen.
2053 1536 2528 1710 Zum Jahalt  saanig-
645 1677 2511 1798 faltiger zu gestalten. Wir haben für den nächsten Jahrgang einige bedeutsame
647 1762 2353 1873 Erwerbungen gemacht, wir sind sicher, dass Sie auch in Zukunft mit den
640 1857 1458 1973 Rundschau zufrieden sein werden.
664 1923 2530 2086 darf ich Sie bitten mein Angebot durchaus
669 2020 1817 2176 discret zu behandeln.
990 2103 1947 2289 Mit besten Gruß
1878 2202 2516 2370 Thr ergebener
2051 2299 2445 2507 Fische
