2680 3544
619 645 2242 758 Ich wäre Ihnen sehr verbunden, wenn Sie mich vertrauensvoll
472 717 2398 863 verständigen würden, wo Sih ein gut gebundenes Exemplar der Gesammelten
460 832 1673 928 Werke an Ihren Geburtstage erreichen könnte.
633 933 2352 1031 Wir haben wunderschönes Wetter in Santa Margherita gehabt, wenn
460 1012 2318 1156 Sie nach Italien gehen wollen, würde ich Ihnen diese Gegend sehr em-
458 1124 712 1256 pfehlen.
738 1182 1374 1316 Mit herzlichen Grüssen
1393 1287 1498 1398 Ihr
1319 1388 1796 1578 S. Fischer
