2962 3575
1230 354 1340 437 51
1267 425 1365 506 50
1610 420 2018 651 VERLAG.
940 439 1549 665 S. FISCHER,
1397 633 1569 744 Schlussen
1628 675 2578 884 Berlin W., den 18. Dezember 1897
422 791 626 896 Telephon:
1718 849 2124 940 Steglitzer Strasse 491.
511 869 818 994 Amt VI, 1662.
1711 916 2109 1031 Jetzt: Bülowstr. 90/91.
1196 1092 2428 1264 Herrn Dr. Arthur Schnitzler.
2143 1198 2426 1299 Wien.
1068 1355 1615 1488 Lieber Herr Doktor!
891 1338 2575 1559 Gegen den Plan, zu den sieben Einaktern je ein Blatt zeichnen
673 1475 2543 1664 zu lassen, spricht manches. Ich will hier nur einen rein geschäftli-
675 1581 2583 1748 chen Grund vorbringen, das ist die erhebliche Verteuerung des Buches.
682 1689 2556 1804 Das Buch würde bei den Honoraren, die Heine fordert, mindestens 1000
682 1736 2529 1908 Mark Mehrkosten verursachen; daraus ergiebt sich eine Preiserhöhung
678 1863 2607 1993 des Buches von etwa Mk. 1,50 pro Exemplar. Ich glaube das wird zu teu-
685 1947 2622 2074 er und würde auf den Absatz des Buches nicht ohne nachtheiligen Ein¬
687 1993 2661 2165 fluss sein. Vorläufig möchte ich empfehlen, sich nur mit dem illustries-
695 2119 1669 2271 ten Umschlag von Heine zu begnügen.
940 2116 2568 2325 Ich schicke gleichzeitig an Heine den „Anatol." Sobald er
695 2313 2602 2428 eine Skizze fertig hat, werde ich sie Ihnen zur Genehmigung vorlegen.
1119 2406 1655 2536 Mit besten Grüssen
1706 2406 2089 2580 Ihr ergebener
1750 2561 2455 2728 Fischer
