2213 3479
321 773 1794 918 ### Ihren Roman für die Rundschau sehr gern erwerben
305 881 1710 990 möchten, und zwar unter Aufbietung aller Honorar-
327 968 1676 1074 kräfte, die uns für die Rundschau zur Verfügung
498 1076 1761 1179 stehen. Die Verhandlungen darüber vertagen wir wohl
288 1151 1726 1291 am besten, bis Sie uns den Roman geschickt haben.
327 1254 1513 1374 Mit besten Grüssen
389 1351 1519 1462 iews nov xxx
342 1436 1243 1546 sie notsaidass af gegseinderseß xxx
1296 1432 1381 1515 bras
331 1447 1651 1640 H. Fischer
1860 1500 2000 1669 déjaut
375 1607 1383 1733 dann mallevon nov kommbszov war das
1884 1645 2036 1746 Jdote
354 1684 1522 1833 mündes drei dass mie nozammereies sich gewesen
331 1796 1480 1915 elalmimd meinem si bons et dei eded and.messerne
1888 1827 2042 1926 .dreis
387 1862 1519 2003 Hied gesamt ziw Jndälehane nedmevoh.03 nov
1890 1939 2044 2027 B.F.W.
342 1985 1517 2091 eute usdosbnus meh dieß majascäm mi salewaleica
1856 2005 2022 2110 déta si
376 2079 1520 2167 zab xxxreimoged dorub eib jaamentb mov sllevok
1956 2110 2047 2204 2a8b
340 2126 1519 2271 ci mich.bats mies Jmfödeseaingnsi mal nie stieß
1856 2172 2044 2293 Pour Votre
331 2237 1522 2367 misa doflsöm se baiw.edetemev tücen steeß asb
1926 2281 2075 2378 .Seai
351 2328 1519 2450 oÜ medleastb asb.dos8 aab dus doss sündre nebst
1869 2354 2071 2473 sats,
340 2424 1528 2558 stüdsees detlinsoadtes dozub ein „fladzse mellev“
1895 2483 2013 2571 dl e
547 2499 1531 2628 mendebossus udel segenem nie im „bais“
345 2591 1432 2736 saad, dass es ordre idos nendl ist eiä.dons
