2663 3352
1237 283 1362 401 159
730 339 1994 534 S. FISCHER, VERLAG,’ BERLIN W., BÜLÖWSTR. 90
1262 565 1986 697 BERene W., DEN 15. Nov. 07
1037 854 1744 1007 Herrn Dr. Arthur Schnitzler
1695 953 1970 1041 WienXVIII
1639 1018 2018 1147 Spöttelgasse 7
928 1196 1432 1365 Lieber Herr Doktor,
1028 1340 2007 1474 vielen Dank für die Notiz, die für den
817 1427 2087 1557 Prospekt aber nur als Grundlage für die Ankündigung
817 1514 2038 1627 verwendet werden konnte. Ich sende Ihnen die Ab¬
816 1611 2075 1733 sobrift der umgestalteten Notiz zur Kenntnisnahme,
827 1709 2057 1826 wenn Sie irgend etwas daran geändert wünschen, so
817 1791 2029 1893 bitte ich mir die Correctur sogleich zugehen zu
817 1880 2087 2002 lassen. Natürlich sind Sie nach aussen für die An¬
816 2000 1869 2089 kündigung in keiner Weise verantwortlich.
963 2095 1455 2195 Mit vielen Grüssen
1481 2105 1853 2235 Ihr ergebener
1568 2244 1991 2407 Fischer
2403 2889 2491 3046 he
