2448 3592
354 906 2170 1021 war gerade auch fuer die serioesendeutschen Dramatiker drueben den
349 979 2236 1127 Boden vorzubereiten, ihre Stuecke einfach gegen eine fuenfprocentige
356 1069 2179 1219 Tantieme zur Verfuegung gestellt. Es handelt sich in dieser Ange-
359 1165 2201 1309 legenheit, wie Sie sich denken koennen nicht um den geforderten Be-
361 1278 2142 1396 trag von vierhundert Mark, sondern darum, dass ich entweder fuer
359 1347 2250 1503 alle der mir zur Auffuehrung ueberlassenen Stuecke Garantien leisten
361 1462 2243 1564 muss, was ich, wenigstens vorlaeufig, solange die Verhaeltnisse drue-
368 1528 2220 1658 ben noch unsicher bleiben, nicht tun kann, oder den Standpunkt ein-
375 1613 2170 1741 nehmen muss, dass ich solche Garantien nur ganz ausnahmsweise bei
382 1684 2151 1830 jenen, wie Sie sich vorstellen kommen, nicht sehr literarischen
380 1783 1804 1937 Stuecken zahlen kann, die sogenannte Schlager sind.
649 1885 2222 2005 Ich waere Ihne sehr verpflichtet, wenn Sie unter Berueck-
387 1977 2283 2118 sichtigung der dargelegten Verhaeltnisse, an die Sie in der Zwischen-
389 2064 2109 2213 zeit vielleicht schon wieder vergessen haben, den Verlag, dazu
394 2156 2052 2276 ermaechtigen wuerden, mir die Auffuehrung vom „Zwischenspiel“
384 2243 2203 2382 gerade so, wie das bei der Auffuehrung Ihrer Stuecke in frueheren
389 2323 2132 2484 Jahren der Fall war, ohne besondere Garantie, gegen eine fuenf-
392 2437 1394 2564 procentige Tantieme, zu ueberlassen.
670 2517 1300 2658 Mit besten Empfelungen
1257 2604 1651 2727 Ihr ergebener
1406 2680 1998 2904 Banniger
1132 2887 2345 3069 Meir York Hotel Isto
