2657 3529
964 388 1044 502 28
469 429 1870 608 S. Fischer, Verlag, Berlin W., Bülowstrasse 90
1080 542 1387 677 18/6. 1912
1537 867 1650 966 daas
426 869 1212 1004 Herrn Dr. Arthur Schnitzler
1160 947 1487 1082 Wien XVIII
450 1082 568 1177 peu les
384 1136 938 1274 Lieber Herr Doktor.
971 1151 1136 1255 Jberha
495 1229 2081 1383 zu Ihrer Orientierung überreiche ich Ihnen die Antwort von
329 1333 2083 1447 Miss Kausen in der Angelegenheit von Ames-Barker; ich denke, die
341 1428 1522 1534 beiden werden sich schon irgendwie einigen.
457 1487 2119 1636 Ladyschnikum hat auf meine Anfrage wegen Ihrer Nevelle nicht
355 1615 2202 1731 regiert, das Manuskript also garnicht in Händen gehabt. Ich schicke
339 1693 2140 1835 Ehnen das Manuskript gleichzeitig zurück. Für Russland können wir,
334 1778 2195 1901 ser lange die Convention noch nicht abgeschlossen ist, mit Ladyschni-
327 1866 2233 1982 kow und andern Firmen, die sich jetzt lebhaft um Uebersetzungsrechte
343 1963 2171 2057 bemühen, noch nicht in allen Fällen günstige Abschlüsse machen; so-
350 2074 2173 2162 vieleich weiss, soll Anfang nächsten Jahres die convention zwischen
346 2135 2209 2270 Hausländ und Deutschland abgeschlossen werden, dann können natürlich
346 2216 1719 2356 säur ansere Bedingungen gestellt werden als jetzt.
502 2334 2152 2429 Bik sagt mir, dass wir doch wohl am besten im Januarheft mit
357 2394 2150 2528 den Abdruck Ihrer Noyelle beginnen können, weil der Roman, mit dem
355 2486 2143 2635 min in Juli anfangen, sicher bis November laufen wird und dann für
355 2583 2207 2725 die Kritel in drei Heften Raum nicht mehr zur Verfügung steht.
350 2661 2079 2787 ###, es wird Ihnen nichts ausmachen, dass wir den Abdruck
355 2746 2121 2862 auf den Januar verschieben, die Buchausgabe kann dann zu den gün-
357 2841 2076 2981 stigsten Termin: im Aprilnächsten Jahres, herauskommen. Da wir
355 2931 2074 3045 Sats der Buchausgabe vahrscheinlich den Rundschausatz verwenden
374 3030 2079 3180 werden, so wird sich die Kerrekturfrage für das Buch für Sie in
