2785 3607
908 308 1232 477 Abschrift.
1802 331 2546 472 Leipzig, den 9. Juli 1910.
728 591 814 709 An
1268 684 1864 792 S. Fischer Verlag.
778 712 981 794 G.C.F.P.
691 771 1027 917 G.C.H.F.P.
1939 821 2249 919 Berlin. W.
988 869 1081 1004 G.C.F.P.
1941 903 2309 999 Bülowstr. 90
862 1068 2411 1186 Wir bestätigen Ihr Geehrtes vom 8. ds. Mts., mit dem Sie
725 1147 2388 1321 von uns eine Auskunft über urheberrechtliche Verhältnisse in
735 1271 1202 1405 Ungarn ersuchen.
867 1335 2496 1451 In dessen Beantwortung teilen wir Ihnen ergebenst mit, dass
728 1428 2471 1554 das Deutsche Reich und Oesterreich Ungarn ein besonderes Ueber-
735 1517 2468 1638 einkommen betreffend den Schutz der Urheberrechte an Werken der
725 1611 2553 1743 literatur, Kunst und Photographien vom 30. Dezember 1899 geschlos-
728 1727 2185 1832 sen haben, das am 24. Mai 1901 in Kraft getreten ist.
862 1800 2503 1907 Nach Artikel 3 Abs. 2 dieses Uebereinkommens ist der Schutz
730 1871 2521 2003 eines deutschen Werkes in Ungarn davon abhängig, dass es auch die
728 1992 2430 2080 Bedingungen und Förmlichkeiten, die das ungarische Gesetz vor-
730 2085 2523 2179 schreibt, erfüllt. Hiernach ( § 7 des Gesetzes vom 26. April 1884
730 2156 2466 2270 über das Urheberrecht ) muss das Uebersetzungsrecht auf dem Ti¬
730 2263 2496 2366 telblatt des Originalwerks oder zu Beginn desselben auch für die
725 2345 2514 2434 ungarische Sprache vorbehalten sein. Ausserdem muss die Ueberset-
725 2441 2532 2532 zung innerhalb eines Jahres nach dem Erscheinen des Originalwerkes
725 2509 2496 2612 begonnen und binnen 3 Jahren zu Ende geführt werden. Für Bühnen-
719 2612 2553 2699 werke beträgt die Frist der Fertigstellung 6 Monate, nach Erschei-
728 2706 2516 2797 nen des Originalwerkes. Ausserdem muss der Beginn und die Beendi¬
719 2790 2464 2902 gung der Uebersetzung innerhalb der obigen Fristen beim ungari-
721 2884 2500 2984 schen Patentamt in Budapest angemeldet werden. Bei der Anmeldung
725 2972 2468 3077 eines deutschen Werkes bei dem Patentamt in Budapest würden Sie
