2552 3607
1179 489 1323 621 309
696 603 2004 716 S. FISCHER, VERLAG,’ BERLIN W., BÜLowSTR. 90
1101 680 1597 800 THEATERABTEILUNG
1269 818 2061 972 BERene W., DEN 10. Januar 13
746 1024 1520 1131 Herrn Dr. Arthur Schnitzler
1715 1119 1927 1206 Wien
780 1199 1511 1331 Sehr geehrter Herr Doktor!
813 1369 1976 1510 Herr Poul Knudsen, Kopenhagen, möchte den
763 1485 2041 1563 „Schleier der Beatrice“ für Dänemark erwerben,
1172 1538 1498 1595 nur vermeinteresse
765 1551 2109 1682 sowohl die Uebersetzung als auch das Aufführungs-
758 1675 1962 1743 recht. Bisher hat er noch keinen festen Ab-
763 1737 2024 1825 schluss mit einem Theater, hofft aber auch am
758 1840 2049 1914 Nationaltheater in Kristiania und bei den Pro-
768 1926 1966 2002 vinzbühnen Erfolge zu haben. Wir bitten Sie
763 2011 1999 2089 nur, uns zu sagen, ob Sie früher schon wegen
770 2109 2006 2171 des „Schleiers der Beatrice“ Unterhandlungen
777 2183 1992 2270 in Kopenhagen gepflogen haben, die einen Ab-
778 2301 1936 2393 schluss mit Herrn Knudsen nicht zuliessen.
827 2368 1844 2477 Wir sind in vollkommener Hochachtung
1351 2440 1630 2538 ergebenst
1271 2513 1770 2595 S. FISCHER, VERLAO
1294 2573 1769 2685 THEATERABTEILUNG
