2572 3608
1167 335 1299 453 31 8
648 357 2017 539 S. Ischer, Verlag, Berlin W., Bülowstrasse 90
1816 510 2035 607 3/4, 18
565 615 948 749 Einschreiben!
773 839 1531 988 Herrn Dr. Arthur Schnitzler
1553 924 1870 1042 Wien XVIII
904 1165 1454 1323 Lieber Herr Doktor!
780 1362 2348 1505 Ihr Brief vom 28. p. Mts. ist Ihren Wünschen entsprechend
655 1491 1099 1621 erledigt worden.
782 1505 2398 1680 Heute übersende ich Ihnen den Brief eines englischen Verle-
657 1612 2324 1778 gers Gey A Hanzock und bitte Sie, mir zu sagen, ob die Ueber-
659 1708 2365 1894 setzung des „Grünen Kahadu“ in diesem Verlage mit Ihrer Zustim-
650 1831 1088 1940 mung geschieht.
797 1866 2304 2002 Bei dieser Gelegenheit füge ich die Briefe von Björkman
666 1975 2321 2100 aus New-York, die Sie bis auf den letzten Brief vom 19. März
668 2061 2356 2197 schon in Händen hatten, zur Einsichtnahme bei. Ich meine, dass
692 2172 2359 2304 wir zu dem ernsthaften Vorschlage Björkmans prinzipiell Stel¬
668 2260 2317 2402 lung nehmen sollten, da es nach meiner Meinung doch porteil-
675 2350 2398 2468 haft ist, die Uebersetzung Ihrer Stücke ins Englische mögliche
679 2448 2394 2556 in eine Hand zu konzentrieren. Sie haben mit Grein noch Vertrag
420 2518 572 2628 nivet
690 2532 2448 2672 auf ein Jahr, ich weiss also nicht, ob ich mit Björkman; zunächst
399 2560 677 2786 jai heures.
677 2626 2326 2753 für den ersten Band, einen Abschluss machen könnte. Ich habe
679 2683 2372 2827 Björkman auf den Brief vom 11. Februar noch nicht geantwortet,
679 2825 2391 2935 weil ich es vorgezogen hätte, die Angelegenheit mit ihm persön-
