2936 3400
2326 354 2576 539 20th
2634 417 2751 550 P.
805 456 2780 742 Schreiben Sie gefl. direct an die Concurs
737 656 2832 886 verwaltung des Bibliographischen Bureau
755 823 2819 1029 unter Geltendmachung Ihres Eigenthümer
750 914 2798 1151 rechtes, und fügen sie hinzu, daß
755 1021 2824 1310 ich zur Empfangnahme der Bücher jeder
755 1144 2821 1383 zeit bereit bin. Bitten Sie im schulle
740 1253 2808 1451 Erledigung, da die Bücher actuellen
1816 1404 2141 1506 durch
732 1399 2813 1589 Werth haben und eine Verschleppung
771 1487 2811 1717 Nachtheile entstehen.
886 1649 2819 1821 den Vertrieb würde ich gegen eine
784 1735 2793 1964 Betheiligung vor 50% vom Erlöß
753 1844 2811 2045 übernehmen, da mit dem Vertrieb
1459 1977 1956 2074 mühselige
735 1954 2819 2180 die eigentliche Verzugsarbeit verbunden
735 2061 2769 2316 ist resp. beginnt. Bei Pierson
755 2219 2819 2459 sollten Sie anfragen wieviel haauxl.
740 2344 2722 2571 er noch auf Lager habe und zu
727 2412 2819 2683 welchem Preise er Ihnen einen größern
727 2584 2819 2769 Oosten überlassen wurde. Piersau muß
758 2699 2834 2899 Ihnen wohl ohnehin jetzt eine Abrechnung
711 2821 2800 2988 geben, aus der doch der Lagerbekand
737 2933 2550 3123 ersichtlich sein muß. Mit het¬
