2435 3559
794 903 1691 986 Über die im Mai dieses Jahres erschienene
796 956 1690 1038 erste Abteilung der Gesammelten Werke
794 1010 1684 1098 DIE FRZÄHLENDEN SCHRIFTEN be¬
794 1085 1691 1158 richtet die unten folgende Besprechung. Legen
803 1144 1697 1216 Sie den Käufern der ersten Abteilung auch
800 1186 1697 1280 die zweite, DIE THEATERSTÜCKE, vor.
809 1307 1702 1375 Im Gesamtwerk der „Erzählenden Schriften“, die
805 1350 1704 1436 jetzt erschienen sind, ist Band an Band alles auf-
811 1404 1704 1483 gereiht, woran sich Schnitzler mit seinem Können
805 1459 1702 1529 seit mehr als zwei Jahrzehnten versuchte: die leichte,
815 1491 1707 1571 spielend hingeworfene, zum Schluß scharf pointierte
818 1556 1699 1614 Novellette, deren Art und Meisterschaft an Mau-
811 1597 1709 1668 passant erinnert, die psychologische Studie, deren
812 1645 1709 1711 unerbittliche Beobachtung an die besten Russen
811 1691 1706 1765 denken läßt, und der breite, vielgeschlungene Ro-
815 1740 1715 1812 man endlich, der ohne jede literarische Erinnerung
823 1786 1717 1861 Schnitzlers den Weg zur vollen dichterischen Fein¬
818 1826 1708 1900 heit, zur edelsten künstlerischen Überlegenheit wies.
820 1889 1707 1954 Schnitzlers Kraft kommt hinzu, um die Figuren über
818 1939 1711 1988 das Lokale weit emporzuheben. Es ist nur ein be¬
825 1981 1715 2052 stimmtes, national angefärbtes Gewand, in dem seine
827 2025 1715 2093 Menschen einherschreiten. Ihren Inhalt trägt der
827 2084 1715 2146 Dichter kühn ins Unendliche hinauf, das alle bindet,
824 2120 1721 2201 alle angeht. Er hat zwei Melodien, die nord- und
827 2173 1718 2240 südwärts von Wien nicht anders klingen als an der
831 2212 1720 2290 Donau, zwei Melodien, die überall locken und be¬
829 2269 1723 2337 tören, wenn nur ein Künstler sie anschlägt: die
837 2300 1724 2383 Lieder von der Liebe und vom Tode.... Und
834 2363 1724 2424 zwischen beiden tobt das Leben seine Abenteuer
1101 2401 1726 2480 Leipziger Neueste Nachrichten
831 2432 915 2501 aus.
838 2511 1733 2603 S. FISCHER, VerLAG, BERLIN
