2823 3575
1106 572 1430 675 Abschrift.
1618 592 2067 767 Brünn, 4/X. 1010
695 729 1390 892 Herrn S. Fischer, Verlag
1511 814 1725 928 Berlin!
845 961 1386 1100 Sehr geehrter Herr!
847 1068 2289 1214 In Beantwortung Ihrer gesch. Zuschrift vom 28. v. M.
722 1162 2351 1299 teile Ihnen folgendes mit: Die am 6. März noch unter meinem
724 1285 2322 1392 Vorgänger Herrn von Maixdorff stattgehabte Wohltätigkeits-
1994 1337 2172 1395 lʼauteur ses r ouvres
722 1366 2324 1464 Vorstellung, in der das Volkstheater-Ensemble mit „Anatols
722 1459 2338 1562 Hochzeitsmorgen“ gestierte, war eine private Veranstaltung.
722 1535 2472 1652 Nur so konnte es,- wie ich in Folge meiner Recherchen eruierte¬
731 1654 2362 1741 geschehen, dass das Komitee sich bez. der Tantiemen auf das
729 1714 2443 1862 ohne Honorar pastierende Ensemble und dieses wiederum sich auf
729 1799 2360 1922 das Komitee, während die Direktion ganz ausser Spiel blieb.
731 1900 2374 2000 Aus dem Gesagten bitte ich gefälligst zu entnehmen, dass es
729 2012 2521 2108 sich absolut nicht um eine beabsichtigte Verheimlichung handelte,
731 2094 2362 2210 dafür bürgen die Namen der Veranstalter, die den besten Ge¬
731 2201 2387 2286 sellschaftskreisen angehören. In deren Namen bitte ich aber-
729 2269 2362 2380 wenn auch leider sehr post festum - um gütige Nachsicht der
729 2374 2476 2474 Tantiemen mit Rücksicht auf den wohltätigen Zweck: die deutschen
724 2463 2358 2550 Kindergärten der Vorerte Brünns und füge dieser Bitte noch¬
722 2541 1922 2642 mals die Entschuldigung des Komitees hinzu.
1674 2570 2146 2704 Hochachtungsvoll
1661 2673 2219 2792 gez. Julius Hertzka
