2458 3594
852 346 1006 463 Anno 28
425 425 1814 578 S. Fischer, Verlag, Berlin W., Bülowstrasse 9o
1116 535 1426 662 26/16. 1212
862 614 1898 744 freisasümle daagsbuß at emmusz etradnte
778 778 886 907 G.C.P.
408 859 1200 1056 Herrn Dr. Arthur ###haftaler
1118 996 1354 1138 Fim
1337 1051 1802 1222 Gereidt indem ersten
859 1123 972 1253 G.C.F.P.
998 1121 1106 1226 G.C.H.F.P.
636 1135 802 1214 G.C.H.F.P.
226 1111 514 1222 abwegfeldter
324 1190 874 1322 Lieber Herr Doktor,
1330 1190 1474 1325 G.H.F.P.
401 1272 2035 1435 ich habe gehört, dass "Frof, Bernhardt'schen a/ 22. November
314 1375 2174 1536 in Berlin zur Aufführung kommen soll, Unter diesen Umständen schien
324 1466 2160 1586 es mir eilig, mit Russland etwas zu unternehmen. Ich habe der Firma
300 1560 2160 1678 Laipschnikow ein Exemplar zur Einsichtnahme übergeben. Eine andere
624 1661 785 1709 G.C.H.
302 1654 2122 1781 rensische Verbindung, die irgend welche Siehermiten bietet, habe
307 1728 2191 1850 ich nicht, mit unterzeiteten xxx wie nicht einkassen, an xxx
312 1812 2153 1934 Firna kennen sich aber mit einigen Vertrauen Immerhin halten. Ich
317 1896 2244 2033 glaube nicht, ob wir viel berechnen können, lassen Sie mich jedenfalls
334 1985 2234 2179 wissen, unter welchen Bedingungen bis in früheren Fällen mit Russland
322 2095 902 2220 abgeschlossen haben.
432 2150 2165 2299 Wegen "Bernhardi" schweben Verhäftlungen mit Stuttgart, Frank-
314 2270 2218 2395 furt, Bremen und Präg. Prag wird ja hünächst davon abhängen, ob dort
326 2366 2143 2470 die Zensur einen andern Standpunkt zu Ihrem Stück einnehmen kann.
446 2453 2249 2570 Von Bevesz, rédupert lege ich das Angloot auf Professor Bernhardi
326 2537 2198 2664 bei. An Beöthy kann bei mich nicht werden, ich stelle anherw, dann
326 2626 2225 2741 Sie ihn direkt ein Exemplar zuschicken und mit ihm selbst vorhandeln.
463 2712 2232 2849 Das Münchner Behauptleidung möchte auf "Herzkendt" ein Vörrecht
324 2801 2210 2938 bis Montag reserviert haben. Wir haben uns dazu nicht geäussert und
336 2918 1452 3038 erwarten für München Jhre Dispositienen.
480 2995 1531 3163 Von Ei###ich habe ich die Fechricht, ###
