2782 3704
1270 338 1435 453 229
977 407 2045 561 S. Fischer, Verlag, Berlin W., Bülowstraße 90
1881 610 2380 764 den 30. Nov. 1910
906 1019 1674 1145 Herrn Dr. Arthur Schnitzler
1695 1086 1858 1274 Wien
669 1212 1208 1394 Lieber Herr Doktor,
754 1362 2502 1529 zunächst noch einmal verbindlichsten Dank für die schönen Wiener
678 1477 1741 1603 Tage, die wir Ihnen zu verdanken haben.
736 1539 2493 1674 Mit Metzel habe ich gestern gesprochen; er will Reinhardt veran-
674 1649 2489 1771 lassen, sich die Wiener Aufführung anzusehen. Will Reinhardt ernst-
674 1727 1964 1838 haft in Verhandlungen treten, so muss sich das
688 1817 1444 1966 Wiener Besuch uokumentieren.
810 1831 2500 1999 Wir haben vom "Medardus" zunächst nur 2 Auflagen gedruckt (die
676 1916 2525 2102 4. und 5. Auflage), weil nicht mehr Papier von dieser Sorte vorrätig
688 2024 2477 2167 war. Wir kommen zunächst nicht in Verlegenheit mit Exemplaren, so-
688 2114 2445 2279 bald das Papier fertig wird, wird wohl der Neudruck weiterer Auf-
674 2238 1789 2362 lagen in Angriff genommen werden müssen.
814 2266 2491 2459 Wir drucken gleichzeitig zwei neue Auflagen vom „Anatol“ (die
695 2417 1173 2558 11.-12. Auflage).
826 2452 2491 2668 Die Honorarverrechnung über die hier genannten Auflagen liegt
697 2610 835 2769 bei.
906 2613 1999 2850 Mit herzlichen Grüssen von uns zu Ihnen
1964 2732 2346 2886 Ihr ergebener
1976 2877 2459 3137 S. Fischer
