2908 3688
2031 127 2347 312 4
2123 400 2330 518 Blatt 3
463 385 1391 592 S. FISCHER, VERLAG, BERLIN,
817 716 2410 866 Die Dinge stehen gut um Osten und im Westen und wir haben
708 846 2456 955 den Eindruck, dass sich da nicht mehr viel 채ndern wird, so dass
712 928 2483 1039 Friedensverhandlungen vielleicht schneller kommen als man denkt.
959 1046 1593 1135 Mit herzlichen Gr체ssen
1693 1117 1787 1202 Ihr
1840 1112 2263 1282 E. Fischer
912 1337 2492 1493 P. S. Wegen des Aufsatzes 체ber den "Weg ins Freie" haben
725 1433 2514 1600 wir an die Monatsschrift f체r die Geschichte und Wissenschaft des
730 1582 1353 1727 Judentums geschrieben.
