2610 3512
1325 615 1473 789 187
681 753 1986 859 S. FISCHER, VERLAG, BERLIN W., BÜLowSTR. 90
1084 856 1589 976 THEATERABTEILUNG
1273 1015 1957 1137 BERene W., DEN... 7. Nov. 08
868 1204 1563 1346 Herrn Dr. Arthur Schnitzler
1597 1322 1871 1405 Nien XVIII.
1589 1392 1876 1496 ̃ ̃̃
809 1497 1301 1588 Lieber Herr Doktor,
987 1583 2121 1694 ich habe nun endlich die notwendigsten, Inter-
794 1671 2063 1832 lagen von Bloch bekommen, auch eine Abrechnung bis
790 1765 2109 1873 Ende September, die ich im Original beilage. Zu die-
797 1863 2061 1984 sen Abrechnungen schreibt Bloch: Ich lege Ihnen
795 1957 2066 2088 zwei Aufstellungen bei. In der ersten finden Sie
797 2043 2048 2160 diejenigen Posten, welche bei der Firma Entsch in
805 2160 2040 2255 dritten Vierteljahr für die Schnitzlerschen Nerke
805 2240 2029 2334 e entgingen, auf der zweiten Abrechnung finden Sie
804 2335 2096 2427 hiervon die Beträge eingestellt, welche von dem 14.
809 2403 2094 2522 September 1908 an e entgingen, dem Datum, von welchem
815 2503 2058 2632 ab die Verhandlungen gestatteten, die Beträge für
818 2578 2063 2722 die Autoren zurückzubehalten. Diese letzteren Be¬
812 2676 1543 2818 träge stehen zur Verfügung.
