2815 3623
1186 409 1332 542 84
1014 522 1897 689 S. FISCHER, VERLAG
1405 668 2132 827 noch nichts gebört, es wird
376 742 984 898 TELEPHON: AMT VI, No. 1662.
1461 774 2449 911 BERene W., DEN 28/12. 1900.
2343 848 2538 931 0
1425 878 2258 1009 BÜLÖWSTRÄSSE 91.
1443 931 1572 1012 G.F.P.
1284 911 1397 1004 pris
1203 984 1395 1112 Briesse:
769 1067 1945 1208 Herrn Dr. Arthur Schnitzler
1730 1158 2169 1284 Wien IX.
1720 1234 1804 1329 .S.
906 1244 1453 1385 Lieber Herr Doktor!
608 1375 2565 1519 Die correcturen von „Beatrice“ werden Ihnen von Freyhoff's Buchdruckerei
507 1468 2500 1597 in Nauen bei Berlin zugehen; Sie bekommen zuerst Fahnenabzüge und dann um-
515 1572 2482 1700 brochene Revisionsbogen. Wenn Sie wünschen, können die Revisionsbogen bei
517 1645 1047 1771 uns gelesen werden.
618 1685 2490 1846 Von „Bertha Garlan" werden Ihnen gleich umbrochene correcturbogen aus
515 1836 2467 1957 dem Satz der „Rundschau“ von der Buchdruckerei in Roitzsch zugehen; auch
515 1927 1899 2018 diese Revisionsbogen können bei uns gelesen werden.
590 1975 2560 2132 Von der „Beatrice“ drucke ich zunächst eine Auflage, von „Bertha Garlan“
507 2121 2472 2202 zwei Auflagen. Von beiden Werken werden Platten angefertigt, so dass ein
515 2184 2462 2295 Neudruck eventl. schnell und ohne neue Correcturendurchsicht hergestellt
507 2260 858 2384 werden kann.
583 2343 2517 2457 Einliegend überreiche ich Ihnen den Entwurf eines Verlagsvertrages. Was
507 2447 2522 2583 ich Ihnen hier an Vorteilen bieten kann, ist natürlich nur sehr wenig; Sie
517 2525 2502 2651 werden es in den §§ 2, 3 und 5 ausgedrückt finden. Ich bezwecke mit diesem
2326 2593 2565 2712 Ausfähigung
507 2618 2459 2724 Vertrag nichts weiter als die Ersparnis einer jedesmaligen neuen Vertrag
507 2704 2487 2815 für jedes einzelne Werk. Wollen Sie sich nicht für die Dauer von 5 Jahren
517 2800 2522 2919 binden, so stelle ich eine kürzere Vertragsdauer anheim. Zu § 2 möchte ich
504 2893 2495 3032 noch bemerken, dass die Reduction der Freiexemplare nach der vierten Auf-
1259 2964 1473 3050 ger
504 2966 2533 3105 lage deshalb geschieht, weil bei den ersten Auflagen sehr viel Freiexemplar
502 3065 1927 3181 für die Presse notwendig sind, was später weg fällt.
