2962 3575
1232 288 1346 416 49
1557 367 1961 498 VERLAG.
905 340 1500 511 S. FISCHER,
1403 506 1510 617 Es
379 615 583 731 Telephon:
1576 622 2511 763 Berlin W., den 15. Dezember 1897.
426 711 771 820 Amt VI, 1662.
1663 726 2057 811 Steglitzer Strasse 491.
1646 793 2035 892 Jetzt: Bülowstr. 90/91.
1053 979 2308 1143 Herrn Dr. Arthur Schnitzler.
1953 1106 2251 1232 Wien.
994 1217 1537 1348 Lieber Herr Doktor!
870 1316 2466 1450 Ich habe wegen des Umschlags zum „Anatol“ von Ihnen noch
595 1418 2392 1559 keinen Bescheid. Wollen wir’s mit Heine versuchen? Ich möchte den
610 1519 2380 1633 „Anatoli doch bald fertigstellen; wir haben gar keine Exemplare
592 1586 2466 1710 mehr und die Zeichnung und Reproduktion nehmen ja noch eine Weile in
597 1695 2211 1819 Anspruch, so dass diese Frage bald entschieden sein müsste.
835 1782 2464 1886 Die am 1. Juli d.J. aufgestellten Vorräte von „Sterben“ und
607 1871 2513 1966 „Anatol“ sind vollständig verkauft; eine Abrechnung darüber kann ich
597 1924 2466 2075 Ihnen erst zum nächsten Abrechnungs-Termin geben. Sehr gern will ich
597 2023 2508 2157 Ihnen aber eine à Conto-Zahlung leisten, deren Höhe Sie selbst bestim-
595 2122 920 2261 men können.
917 2139 1381 2342 Mit bestem Gruss
1720 2288 2122 2437 Ihr ergebener
1621 2367 2241 2573 Hische
617 2546 2454 2799 Lesen Sie in dem neuen Heft der
610 2737 2600 2915 Rundschau die Kleine entzückende
600 2843 2491 3027 Manelle "Allerhöcht Plaisir"
