2213 3479
1094 631 1244 737 144
620 696 1890 831 S. FISCHER,VERLAG, BERLIN W., BÜLowSTR. 90
693 829 987 1062 Kai
1181 869 1893 1003 BERcelN W., DEN 18. April 07
1071 976 1760 1049 1. März. den ich ihm kannen
850 1046 1774 1163 xxx und xxx
777 1138 1787 1260 Herrn Dr. Arthur Schnitzler
739 1244 1611 1347 .,,,,,,
1605 1234 1866 1358 Wien XVIII
725 1323 1866 1427 Spöttelgasse 7
750 1408 1704 1535 Lieber Herr Doktor,
728 1527 1878 1622 das Produkt langer Verhandlungen mit
728 1611 1972 1704 Miss Kaiser lege ich Ihnen heute in einen Vertrags-
725 1698 1935 1795 entwurf vor, der mir soeben von Miss Kaiser zuge-
722 1790 1912 1894 gangen ist. Miss Kaiser hat es unternommen, eine
997 1878 1844 1934 A.W.A.S.I.
728 1882 1890 1983 Anzahl Ihrer älteren Dramen, die nicht mehr ge-
847 1965 1771 2024 — Votre très-Même nouvelle. â La
722 1980 1943 2064 schützt sind, übersetzen zu lassen. Ich habe alle
772 2062 1619 2114 Nous nouveaux même nouvelle. Votre
725 2071 1915 2200 weiteren Verhandlungen über die Vertretung Ihrer
728 2144 1946 2252 und meiner Angelegenheiten davon abhängig gemacht,
725 2242 1929 2328 dass sie mir bezüglich dieser älteren Dränen con-
866 2334 1839 2382 — Votre très-hôtel. — Lehtièmehti
725 2345 1959 2434 venable Vorschläge macht. Ich habe von diesen Vor-
766 2418 1287 2470 m m m m r v r
717 2426 1918 2529 schlägen das Zugeständnis abhängig gemacht, ihr
714 2519 1932 2629 auch Ihre zukünftigen Dragen für Amerika zu über-
704 2598 1886 2711 geben, um gleichzeitig auf diese Weise auch für
