3230 3658
2211 445 2475 540 Blatt 8
1847 493 1954 597 le reste de ses
631 438 1426 607 FISCHER,VERLAG, BERLIN,
1911 507 2054 657 G.C.F.P.
688 628 2509 785 Convention tritt sehr bald in Kraft, bitte lassen Sie mich wissen,
695 745 2606 857 ob Sie uns den Vertrieb Ihrer Bühnenwerke auch für Russland übergeben.
688 826 2509 947 Haben Sie wegen des Uebersetzers in Russland besondere Wünsche, so
688 947 2128 1035 können diese von Fall zu Fall berücksichtigt werden.
852 1014 2520 1169 Ich lege auch noch einen Brief bei, der sich auf den "Reigen"
690 1121 940 1245 bezieht.
888 1188 2489 1328 Von Herrn Theodor Reich ist uns das in Frage stehende Buch
690 1264 2549 1421 noch nicht angeboten worden. Handelt es sich um ein wertvolles Buch,
700 1380 1509 1497 so würde ich es gern bringen.
1045 1449 1678 1595 Mit herzlichen Grüssen
1697 1528 1816 1671 Ihr
1592 1676 2068 1873 S. Fischer
