2674 3415
1299 365 1551 484 1906
759 456 2038 599 S. FISCHER, VERLAG,’ BERLIN W., BÜLowSTR. 90
1723 590 2026 690 Monsieur M r de
1315 661 1994 781 BERLIN W., DEN 14. Nov. 06
1715 869 2021 982 G.C.P.
1012 945 1720 1033 Herrn Dr. Arthur Schnitzler
1183 1006 2003 1106 . Nien XVIII
1589 1074 1672 1136 G.F.P.
921 1136 1412 1222 Lieber Herr Doktor,
1057 1187 2110 1307 über das Copyright habe ich Ihnen ja schon
912 1250 2126 1355 im vorigen Jahre geschrieben. Nach der Auffassung
908 1332 2107 1415 der hiesigen Juristen ist der Modus, wie wir ihn
913 1363 2129 1471 bisher geübt haben, ausreichend. In meiner ganzen
920 1452 2078 1532 Praxis ist es noch nicht vorgekommen, dass ein
920 1519 2042 1599 Buch meines Verlages in New-York des Schutzes
920 1578 2081 1659 wegen gedruckt wurde. Dennoch wird, wie ich ge-
916 1618 2097 1720 hört habe, von den in Amerika mit diesen Dingen
920 1689 2038 1791 befassten Personen die Drucklegung des Buches
926 1740 2158 1836 als das sicherste Mittet für den Schutz empfohlen.
926 1810 2093 1911 Das ist aber eine sehr kostspielige Geschichte,
931 1869 2123 1957 die vielfach nicht im Verhältnis zu den dortigen
924 1938 2040 2029 Einnahmen steht. Ich habe gehört, dass Sudern
1140 1994 2123 2072 enthal auf eigene Kosten die Bücher dort
934 2011 1144 2097 und Blum
1140 2050 1342 2105 G.C.H.S.
1563 2046 1661 2081 G.C.H.
977 2067 1098 2105 de la rivi
937 2032 2109 2131 drucken lassen. Gerade heute wird mir von einer
931 2096 2150 2198 Bühnen-Agentur in Neu-York, die auch die Interes-
934 2177 2132 2265 sen meines Bühnenvertriebs zu vertreten hat, der
936 2236 2134 2324 Antrag gemacht, das nächste Drana Hauptmanns für
939 2284 2137 2383 die Zuecke des Copyright als Bähnensxemplar dort
932 2356 2096 2448 drucken zu lassen. Die betreffende Agentur er¬
944 2405 2102 2518 bietet sich, die Drucklegung auf eigene Kosten
955 2470 2002 2596 xyz xxx
