2697 3272
1026 432 1340 526 Abschrift!
853 721 1783 846 Herrn S. Fischer, Verlag, Berlin.
829 930 1390 1061 Sehr geehrter Herr!
774 1057 2267 1208 In Beantwortung Ihrer geschätzten Zuschrift vom 23. ds.
682 1107 2418 1278 teile ich Ihnen mit, dass, wie Sie aus Ihrer reichen Theateror-
686 1241 2335 1370 fahrung wissen, Tantiemen für im Dezember aufgeführte Stücke
684 1289 2359 1454 nicht schon vor Dezember gezahlt und demnach nicht auch schon
686 1399 2359 1557 in einer mit 31. Dezember abschliessenden Verrechnung mitver-
686 1484 2451 1638 rechnet werden können, das könnte eigentlich Herr Dr. Schnitzler
693 1572 2353 1732 wohl auch schon aus eigener Erfahrung wissen. Es ist demnach
693 1666 2315 1820 unbegreiflich, dass derselbe DezemberAufführungen im Jänner
693 1813 945 1927 moniert.
807 1824 2381 2008 „Zwischenspiel“ wurde in Klagenfurt und Brünn im Dezember
704 1947 2368 2105 aufgeführt, wird mir also erst naturgemäss im Jänner bezahlt.
868 2021 2377 2179 Die Aufführungen in Pilsen und Eger fanden im November
710 2092 2366 2271 statt und wurden mir vor einigen Tagen bezahlt. Leider gehen
715 2203 2234 2383 die Tantiemen nicht immer ganz genau und pünktlich ein.
1627 2296 2017 2410 Hochachtungave
1493 2383 1984 2543 gez. Dr. O.F. Mir
