2458 3594
971 336 1148 463 297
511 432 1918 590 S. Fischer, Verlag, Berlin W., Bülowstrasse 90
1139 537 1450 645 22/X. 1912
554 834 1314 1041 Herrn Dr. Arthur Schnitzler
1297 971 1580 1105 Wien XVIII
372 1134 918 1326 Lieber Herr Doktor,
592 1237 2112 1419 es wäre mir ganz lieb, wenn Sie mir ein Verzeichnis der
384 1369 1956 1501 Uebersetzungen Ihrer Werke gelegentlich zusenden wollten.
604 1462 2122 1594 Mit Beöthy habe ich gerade jetzt wieder wegen der "Fünf
386 1537 2105 1693 Frankfurter von Rössler die Erfahrung gemacht, dass er mit den
396 1640 2261 1779 Abrechnungen nicht zuverlässig ist: die Tantiemen für die ungarische
396 1738 2304 1882 Provinz hat er trotz wiederholter Mahnung noch immer nicht verrechnet.
398 1827 2326 1935 Ich habe ihm damit gedroht, dass er kein Stück meines Verlages bekommt,
408 1911 2294 2047 und um eines solidarischen Schutzes willen würde ich Sie bitten, mich
417 1978 2201 2131 von der Zusendung des “Bernhardi“ an Beöthy so lange zu entbinden,
412 2086 2184 2222 bis er seinen Verpflichtungen nachgekommen ist. Revesz hat s. Zt.
424 2158 2191 2292 "Das weite Land" ohne es zu kennen, für 1500 Kronen erworben, das
420 2256 2246 2390 Stück ist in Ungarn überhaupt nicht zur Aufführung gekommen, und es
420 2357 2227 2481 wäre am Ende nicht unbillig, ihm die Möglichkeit zu geben, dass er
422 2443 1709 2599 beim "Bernhardi" seinen Schaden wieder einholt.
609 2529 2302 2642 Barnowsky hat heute mit mir telephoniert und von mir eine Ver-
427 2613 2314 2738 tragsausfertigung gewünscht. Ich habe ihm gesagt, dass Sie das direkt
427 2692 2191 2851 mit ihm erledigen werden. Barnowsky will Ihr Stück Ende November
429 2846 837 2947 herausbringen.
580 2891 2249 3018 Ein eventuelles Zensurverbot in Wien bezöge sich doch wohl
436 2935 2275 3160 nur auf die Aufführung, da für Bücher eine Zensur auch bei Ihnen ja
