2777 3144
1071 233 1410 370 Abschrift!
582 351 2151 528 schrift des Vertrages. Wenn Berlin, den 19. August 1904
570 463 2239 566 so wäre es Ihre Sache gewesen, in den Vorverhandlungen diese
582 556 2211 659 gung festzustellen, da Ihr nachträglicher Wunsch immerhin es
577 645 2402 768 ungeHerrn Direktor Gustav Lindemann doch immer an Ihre cena fides
2032 724 2453 847 Vorausbezahlung
577 742 2090 873 geglaubt und habe Herrn Dr. Schnitzler. Schauspielhaus
2048 824 2348 919 noch nach¬
584 819 1690 943 der Garantiesumme bestand, zu bewegen ve-
1713 843 2025 945 Düsseldorf.
582 910 2390 1050 träglich freiwillig in diesem Punkte entgegenzukommen. Mit unserer
1273 982 2400 1122 ben wir Ihnen daraufhin angeboten, von den
582 1024 1245 1140 Zus sehr geehrter Herr!
656 1078 2290 1201 arantierten 5000 Mark 3000 Mark vorauszuzahlen, und 2000 Mark
705 1159 2390 1285 Der Wortlaut unseres Briefes vom 2. d. M. ist von mir von der
710 1238 875 1282 Anlau
621 1271 2493 1364 Reise aus festgestellt worden. Der Gang der Verhandlungen ist mir um
642 1324 831 1378 lent me
631 1350 2435 1471 so besser in Erinnerung, als ich erst im Juli ds. Js. Gelegenheit
619 1410 722 1471 elle
626 1443 2465 1541 hatte, mit Herrn Dr. Schnitzler, der eine energische Wahrung seiner
631 1520 2469 1627 Interessen Ihnen gegenüber gefordert hat, über die Sache zu corses-
628 1629 2467 1715 pondieren. Mir liegt die gesamte Correspondenz vor, aus der unzwei-
633 1708 2493 1806 deutig hervorgeht, dass Sie auf Grund der Vorverhandlungen mit Ihrer
631 1801 2404 1909 Depesche vom 12. Februar er. den Inhalt unserer vorhergegangenen
805 1855 968 1902 ansta
628 1892 2407 1995 Vereinbarungen acceptiert haben. Ihre Depesche vom 12. Februar,
833 1941 2437 2078 vor der Premiere, lautet wörtlich: „Acceptiere. Depesche
628 1978 840 2058 am Tage
621 2034 845 2092 aufzunehme
631 2067 2402 2172 contractgiltig. Am 13. Februar, am Tage der Premiere, haben wir
635 2130 2358 2267 Ihnen den Contract geschickt, und am 18. Februar, nachdem die
621 2239 2462 2341 Premiere vorüber war, haben Sie bezüglich der Zahlung der Garantie-
626 2300 2451 2451 summe Schwierigkeiten gemacht. Sie haben in den Contract eingefügt:
626 2390 822 2446 nehmen,
635 2395 2446 2544 „Generalabrechnung in Bezug auf die Tantiemen-Garantie in Höhe von
1201 2490 2416 2621 der schriftlichen Kündigung des Vertrages.
621 2511 1213 2616 5000 Mark erfolgt bei
1113 2567 1208 2616 nde
619 2572 1019 2637 contractlich z
628 2570 2490 2707 Niemals vorher war von einem solchen Zahlungsmodus der Garantiesumme
631 2700 2446 2816 die Rede. Sie haben die Garantiesumme für ein Werk meines Verlages
628 2760 2414 2912 (D'Annunzio, „Die Tote Stadt ) an Bloch vorausbezahlt, bei Unter-
