3175 3383
1794 160 1953 259 212
1290 749 2475 920 Papier fertig ist. Die Mitte Mai heffe ich
1311 860 2420 1037 Ihnen Exemplare in genügender Anzahl zur
1318 963 2397 1108 Verfügung stellen zu können. Mit Walser
1324 1052 2436 1207 habe ich mich wegen einer Skizze für den
1322 1161 2235 1293 Umschlag in Verbindung gesetzt.
1466 1204 2469 1390 Herr Etzel hat mir Einsicht in Ihren
1327 1325 2392 1458 Brief gegeben wegen des Abdrucks eines
1346 1407 2410 1529 Stückes aus dem "Grossen Wurstl" in dem
1347 1498 2515 1625 Sammelwerk "Der Welthumor", Ich habe Herrn
1352 1581 2439 1707 Etzel geschrieben, dass ich für meinen
1352 1656 2497 1786 Teil gegen den Abdruck nichts einzuwenden
1359 1767 2479 1897 habe. Wenn Sie Ihre Zustimmung geben, so
1367 1842 2529 1989 vergessen Sie nicht, sich wegen einer ent-
1374 1915 2493 2063 spreehenden Honorarvergütung Vorschläge
1377 2033 2568 2176 machen zu lassen. Bitte dabei aber nicht zu
1387 2126 2524 2262 erwähnen, dass ich Sie darauf hingewiesen
1380 2256 1534 2345 habe.
1585 2255 2213 2416 Mit herzlichen Grüssen
2176 2296 2568 2432 Ihr ergebener
2184 2416 2608 2586 Fischer
