3265 3656
918 961 2175 1123 Tantiemenbeträge bei den letzten Aufführungen
922 1086 2177 1199 nicht sonderlich hoch gewesen sein können, da
928 1172 2197 1299 die Durchschnittseinnahmen des lessingtheaters
920 1253 2280 1389 überhaupt ziemlich nachgelassen haben. Vielleicht
920 1338 2207 1456 halten Sie es also für besser, uns die Nennung
932 1424 2241 1544 dieser Summe zu verweigern. Wir glauben auch in
932 1534 2194 1649 diesem Fall einen Abschluss mit dem Deutschen
930 1625 2236 1739 Schauspielhaus zu stande bringen zu können. Wir
935 1705 2138 1820 bitten sie um eine baldige Antwort und sind
1045 1808 1816 1928 in vollkommener Hochachtung
1789 1887 2060 1994 ergebenst
1686 1964 2188 2040 S. FISCHER, VERLAG
1701 2024 2180 2107 THEATERABTEILUNG
2112 2062 2239 2202 al
