2713 3399
1065 396 1166 494 131
660 434 1952 632 S. FISCHER,VERLAG, BERLIN W., BÜLowSTR. 91
1059 550 1571 678 THEATERABTEILUNG
1252 694 1957 835 BERene W., DEN... 28. Oktober 05
1172 994 1871 1122 Herrn Dr. Arthur Schnitzler
1553 1064 1923 1161 Wien XVIII
1539 1146 1903 1232 Spöttelgasse 7
1065 1278 1568 1389 Lieber Herr Doktor!
903 1376 2038 1514 Direktor Lindemann von Schauspielhaus in Düs-
796 1490 1581 1610 seldorf schreibt mir Folgendes:
1642 1553 2090 1647 Zwischenspiel“ er-
888 1584 1652 1712 Da er den „Einsamen weg“ und „
1644 1629 1723 1676 8
1748 1623 1886 1678 aae e
804 1663 2109 1811 worben hat, möchte er, aus der Kenntnis des dortigen
799 1746 2065 1894 Publikums, anstatt des „Zwischenspiel“, von dem er
811 1834 2018 1986 keine so starke Bühnenwirkung erwartet, entweder
817 1921 2069 2065 „Liebelei“ oder die Einakter, falls Sie in Düssel-
820 2028 2049 2158 dorf noch nicht aufgeführt sind, zu den für „Zwi¬
824 2095 2001 2265 schenspiel“ vereinbarten Bedingungen erwerben.
1002 2189 2106 2341 Es ist wohl ratsam, ihm in dieser Weise ent-
838 2276 2091 2437 gegenzukommen, falls Sie damit einverstanden sind,
840 2377 2069 2521 bitte ich um Nachricht. Praktisch würde sich die
840 2474 2108 2651 Sache dann so stellen, dass Entsch den Vertrag ab-
