2586 3578
1132 564 1279 675 303
700 623 2004 772 S. FISCHER, VERLAG,’ BERLIN W., BÜLOMSTR. 90
1096 750 1600 870 THEATERABTEILUNG
1264 897 2057 1042 BERene W., DEN 16. November 12
763 1117 1535 1274 Herrn Dr. Arthur Schnitsler
1550 1222 1794 1366 Nen
772 1411 1333 1536 Sehr geehrter Herrl
915 1495 2096 1637 Im Anschluss an unser Schreiben vom 9. ds.
782 1615 2124 1715 wegen derrantiene für die Aufführung an 8/8. 12
788 1673 2071 1844 von Das weite Land in Prag überreichen wir Ih-
788 1799 2021 1905 nen hiermit den inwischen eingegangenen Be¬
797 1875 2099 2002 scheid der Direktion des Kgl. Deutschen Landes-
803 1959 1725 2094 theaters zur gefl. Kenntnianahme.
934 2039 2084 2173 Weiter teilen wir höflichst mit, dass die
802 2151 2009 2290 für die fournee Mannstedt gesahlte Garantie
810 2199 2134 2376 von Mk. 250.- für Der tapfere Cassian (verrechnet
1485 2306 1586 2358 a
817 2320 2054 2475 am 5. Juli) Ihnen deshalb nicht wieder in Ab¬
807 2420 2071 2527 rug gebracht wurde, weil es nachträglich nög-
815 2492 2096 2609 lich gewesen ist, von der Bückvergütung dieser
825 2583 1480 2717 Summe Abstand zu nehmen.
1409 2617 1887 2766 Hochachtungsvoll
1526 2695 1810 2772 ergebenet
1418 2747 1894 2817 S. FISCHER, VERLAG
1430 2799 1882 2879 THEATERABTEILUNG
775 2816 997 2891 EINLAGE
1334 2822 2031 2984 sept. Carl Schur
