3210 3671
1347 221 1531 347 22c
1393 340 1526 434 33a
847 330 2276 546 S. Fischer, Verlag, Berlin Wi., Bülowstrasse 90
1834 514 2188 672 den 27.2.14
818 568 1007 682 Rb/St
755 941 1536 1114 Herrn Dr.Arthur Schnitzler
1854 995 2181 1160 Wien XVIII.
772 1167 1550 1327 Sehr geehrter Herr Doktor!
978 1262 2705 1412 Von Frau Johanne Skram-Knudsen, die bei Ihnen die Erteilung
1308 1383 1842 1453 lʼhonneur de lʼannée, mais elle est vrai avec les mêmes
784 1364 2562 1516 des Uebersetzungsrechts für »Leutnant Gustl»,xxcentric» und
810 1407 1038 1475 dänischen
1677 1470 1980 1536 le reste de lʼautre ses autres
784 1475 2681 1604 „Die griechische Tänzerinn nachgesucht hatte, und deren Schreiben
784 1548 2506 1694 Sie uns mit dem Bemerken zur Erledigung übermittelten, dass
786 1630 2514 1800 »Leutnant Gustl» und Executric» in dänischer Sprache längst
796 1740 2659 1873 erschienen seien, erhalten wir heute als Antwort den anliegenden
798 1820 2611 1968 Brief. Aus den uns vorliegenden Listen geht hervor, dass diese
806 1912 2698 2053 beiden Werke seinerzeit nur in dänischen Zeitschriften erschienen
806 2004 2756 2157 sind. Es wäre ja möglich, dass es Frau Skram-Knudsen gelingt, einen
813 2099 2584 2242 Verleger für eine Ausgabe dieser drei Werke zu finden und Ihr
815 2181 2560 2322 Vorschlag, sich mit den Uebersetzern von „Leutnant Gustl» und
813 2252 2730 2412 „Execentrice“ ins Einvernehmen zu setzen, wäre daher wohl zu berück-
818 2344 2657 2509 sichtigen. Wir bitten um Nachricht, ob es Ihnen recht ist, wenn
822 2451 2637 2623 wir der Dame die Namen der Uebersetzer (wenn möglich auch ihre
822 2577 1334 2696 Adressen) nennen.
1601 2611 2431 2742 Mit vorzüglicher Hochachtung
1902 2725 2176 2839 ergebenst
2186 2819 2506 3038 him.
