3469 3608
1881 334 2020 442 346
1401 368 2767 559 S. Fischer, Verlag, Berlin W., Bülowstrasse 90
2029 511 2333 628 15/X. 1914
1526 852 2292 1043 Herrn Dr. Arthur Schnitzler
2280 957 2462 1129 Wien
1191 1127 1590 1280 Lieber Freund,
1363 1253 3023 1447 die anliegende Theaterabrechnung ergibt ein Güthaben für Sie
1977 1390 2280 1444 Monsieur mʼadresse au moins de
1251 1373 2822 1528 von M. 1383,79. Den Betrag halten wir zu Ihrer Verfügung.
1385 1473 2996 1633 Ich hoffe, dass sich die Dinge bei Ihnen weiter so günstig
1244 1557 3058 1709 entwickeln, dass wir Sie zum "Medardus" doch hier in Berlin sehen
2282 1659 2462 1724 Mais le
1246 1674 2992 1772 werden. Dann werden wir ja Gelegenheit haben, uns auch über die
1242 1750 2956 1896 politischen Verhältnisse zu unterhalten. Nur soviel für heute;
1237 1826 3013 1939 Der Wunsch einer wirtschaftlichen und organisatorischen Durch-
2278 1934 2516 1986 G.C.H.F.P.S
2669 1939 2777 1989 du moins de ses ames
1232 1934 3118 2058 dringung beider Länder ist nach meiner Wahrnehmung überall so stark,
1237 2022 3003 2130 dass in den Zukunftsplänen irgend eine Skepsis nicht mitspricht.
1227 2144 3144 2261 Die "Neue Kundschau" wird nach dem Krieg viel zu tun haben; wir sind
1232 2228 3063 2352 dabei, die geistigen Kräfte zu organisieren und auch wichtige Mit-
1230 2299 2316 2430 arbeiter aus Oesterreich heranzuziehen.
1502 2411 2137 2528 Mit herzlichen Grüssen
2378 2473 2483 2590 Ihr
2294 2626 2724 2793 Fischer
