2781 3447
1332 155 1564 262 Aufgenommen von ihm
1177 199 1279 278 33
899 201 1602 413 Ficaura V1--
1885 397 2056 568 1.
2196 420 2356 622 P.
392 571 2397 887 Den von Ihnen erwähnten Brief habe ich
1376 757 2346 986 Fhr letzter Brief
377 800 1343 994 nicht bekommen.
374 892 2349 1108 in Sachen "Anatol" und Marchen
377 988 2362 1238 datirt vom 8/8 und auf diesen
377 1108 2364 1350 habe ich am 10/8 geantwortet.
530 1266 2418 1490 Betr. Anatol ist ja vorerst nichts
387 1353 2405 1625 zu machen. Die Forderung ist angemeldet,
362 1498 2415 1735 wir müssen abwarten bis die Consurs¬
390 1618 2395 1806 Masse ausgeschüttet wird. Bezügl.
387 1732 2362 1916 Dieses Werkes haben wir uns schon
387 1875 955 2056 geenigt.
713 1928 2402 2181 Betr. "Märchen" stalle ich noch
408 2033 2362 2262 mal anheim ob fia oder ich die
418 2125 2379 2412 davräthe erwerben. Sie haben an
405 2232 2354 2499 Person keine forderung, es würde
1208 2369 2186 2507 Maria jeder anderem Person
392 2397 2415 2634 mir also juristisch das Recht zu stehen.
390 2489 2402 2723 den darrathe von Pierson zu erwerben
395 2611 2402 2825 und selbst zu verschleiften! Es fällt
380 2718 2418 2955 mir aber nicht ein das Buch ohne Ihre
420 2833 2364 3067 Zustimmung zu erwerben und ich bin
392 2975 2377 3167 ebenso geru wie bei "Anatol" bereit, das
382 3161 940 3289 Die Vorrat
