2631 3383
1101 152 1281 282 237
769 223 1815 420 S. Fischer, Verlag, Berlin W., Bülowstraße 90
1668 451 2138 567 den 7. Jan. 1911
427 769 1189 947 Herrn Dr. Arthur Schnitzler
1200 868 1511 1004 Wien XVIII
444 1015 982 1210 Lieber Herr Doktor,
501 1125 2313 1305 haben Sie vielen Dank für Ihren Brief. Ich habe allerdings angenom-
456 1236 2313 1390 men, dass es sich um die deutschen Bühnen in Amerika handelt, Ganz so
463 1362 2247 1476 weit her scheint es aber mit dem Einfluss Sliwinski auf englische
463 1428 2323 1571 Bühnen in Amerika nicht zu sein, denn Hauptmann, der noch viele Jahre
472 1518 2287 1665 an Sliwinski gebunden ist, hat meinem Bühnenvertrieb die Verwertung
477 1613 2297 1758 einiger Dramen in Amerika übertragen. Nun, wir werden ja sehen, was
489 1699 2323 1827 daraus wird und es wird mich freuen, wenn die Verwertung von "Anatol"
479 1829 1023 1953 in Amerika gelingt.
565 1886 2294 2036 Bleibt es nun dabei, dass die Uraufführung vom „Weiten Land“ bis
486 1979 2391 2145 zum Herbst aufgeschoben wird? Neulich ging eine Notiz durch die Presse,
493 2059 2354 2178 dass Brahm die Uraufführung noch im Laufe dieser Saison herausbringt.
641 2138 2313 2287 Wann kommen Sie nach Berlin? Kann ich Ihrer Frau Gemahlin bei
503 2249 1986 2375 der Veranstaltung des Konzerts irgendwie nützlich sein?
887 2330 1867 2472 Mit vielen Grüssen von uns zu Ihnen
1834 2325 2214 2531 Ihr ergebener
1998 2482 2410 2728 F.Fischer
