2616 3271
1215 490 1388 618 242
713 595 2024 734 S. FISCHER, VERLAG,“ BERLIN W., BÜLowSTR. 90
1118 690 1632 778 THEATERABTEILUNG
1270 831 2040 988 BERene W., DEN 21. März 1911
844 1148 1622 1318 Herrn Dr. Arthur Schnitzler
1570 1267 1741 1406 Wien
857 1373 1398 1539 Sehr geehrter Herr,
929 1519 1987 1628 wir erhalten von Herrn Dr. Birich die
858 1635 1916 1722 abschriftlich anliegende Zuschrift und
858 1717 1947 1821 glauben, dass man auf diesen Vorschlag
865 1785 2003 1915 eingehen sollte. Wir sind jedoch der Mei-
858 1898 2029 2005 nung, dass, da das Buch sehen vor 15 Jah¬
857 1990 1969 2104 ren erschienen ist, diese Schritte wirk-
868 2050 2036 2165 samer als von Ihnen herrührend unternommen
862 2148 2032 2271 werden, um so mehr, als die von Dr. Birich
862 2243 1949 2366 geforderten Legitimationen von hier aus
858 2336 1952 2457 mit Umständen verknüpft sind. Es dürfte
871 2407 1933 2531 unserer Ansicht nach die Angelegenheit
868 2515 1933 2619 erleichtern, wenn Sie selbst Herrn Dr.
871 2575 1983 2729 Eirich eine entsprechende Erklärung bezw.
