2743 3368
2237 244 2532 418 3590.
648 346 2433 503 trierung eines dramatischen Werkes in zwei Exemplaren in Washington, an
667 476 2515 599 wenn es in Deutschland gedruckt ist, falls das Buch nicht früher erscheint
655 582 2549 691 als bis die Registrierung erfolgt ist, vollständig für den Schutz ausreicht.
657 681 2566 766 Diese Auffassung war und ist vielleicht auch jetzt noch allgemein verbreitet,
672 756 2523 867 und auch Herr Justizrat Jonas, der Sachwalter Hauptmanns, hat diese Art des
669 846 2494 954 Schutzes für die Dramen Hauptmanns in Amerika für ausreichend erklärt.
790 925 2590 1044 Ich wurde an dieser Auffassung erst irre, als ich im Januar dieses Jahres
669 1032 2542 1143 den anliegenden Brief von Lederer in New-York bekam. Dieser Mann der Praxis,
667 1128 2612 1244 der die Stücke von Blumenthal und Sudersann in Amerika zu vertreten hat, steht,
677 1220 2486 1324 wie Sie aus dem Briefe ersehen, auf dem Standpunkt, dass auch dramatische
677 1300 2554 1426 Merke in Amerika gedruckt werden müssen, um dort voll geschützt zu sein. Sie
672 1380 2532 1527 werden weiter aus dem Briefe ersehen, dass Herr Lederer die offizielle Ver-
672 1479 2552 1607 treterin des deutschen Buchhandels in Amerika, die Firma Breitkopf 4 Bärtel,
679 1568 1972 1691 über das, was uns hier unklar ist, aufklären musste.
778 1650 2566 1766 Ich glaube, Sie werden nun die Ueberzeugung gewonnen haben, dass ich mit
677 1754 2489 1877 guten Gewissen von einem Copyright in Amerika sprechen konnte. Die Druck-
684 1853 2568 1972 legung in Amerika würde mindestens 5 - 600 Mark kosten, ich wurde Ihnen auch
691 1919 2568 2054 heute nicht raten können, mit einem solchen Kostenaufwand jedes Werk dort zu
691 2042 2539 2148 schützen, das geschieht, soviel ich weiss, nur in wenigen Fällen, eben beur
681 2126 2566 2245 bei Arbeiten, bei denen eine Nirkung auf die Massen anzunehmen ist. Das kann
681 2211 2559 2332 freilich nicht ausschliessen, dass auch ein litterarisch wertvolles Werk in
689 2295 2527 2438 Amerika ein Publikum findet. Es wird demnach gut sein, in Zukunft von Fall
684 2385 2547 2532 zu, Fall zu überlegen, ob die Kosten eines solchen Schutzes in Anerika ein-
1790 2462 2433 2523 (Eintausendvierhundertund¬
788 2484 1660 2549 e Ihnen zustehende Honorar von Z. J.
693 2508 2525 2646 zubringen wären oder nicht. Unverständlich bleibt mir inserbin, wisso die
1261 2561 2433 2626 auf ihr Conto bei der modencreditanstalt in Wien
710 2590 824 2646 G.F.P.
693 2583 2549 2716 Registrierung in Wasbington jedesmal anstandelos aufgenossen wird, wenn sie
754 2684 892 2742 zahlen
693 2665 2556 2854 einen praktischen Zweck nicht hat. Ich werde also zur Aufklärung der ganzen
1641 2762 1810 2861 gebener
1520 2762 1614 2890 a e
1819 2839 2015 2991 Sept
