2586 3578
1131 370 1282 469 302
647 411 2051 637 S. Fischer, Verlag, Berlin M., Bülowstrasse 90
1408 613 1715 718 8/11. 1912
494 973 1262 1121 Herrn Dr. Arthur Schnitzler
1253 1085 1401 1211 Wien
428 1243 988 1377 Lieber Herr Doktor,
535 1413 2282 1545 ich habe durch Klaar mit der Vossischen Zeitung verhandelt, der
433 1462 2386 1630 Verlag will nicht mehr wie 300 Mark für den Vorabdruck des ersten Aktes
428 1591 2248 1720 bezahlen, stellt Ihnen aber einen gleichzeitigen Vorabdruck in der
418 1664 2226 1802 Neuen Freien Presse anheim. Ich versuche es auch mit dem Berliner
428 1759 2323 1890 Tageblatt und gebe Ihnen nach Eintreffen der Antwort gleich Bescheid.
530 1841 2272 2000 Das Hoftheater in München hat abgelehnt. Von Stollberg ist eben
421 1948 2221 2060 eine Depesche gekommen, dass er "Bernhardi" zur Uraufführung haben
414 2009 2209 2162 möchte. Wir haben ihm depeschiert, dass er bei einer Garantie von
411 2119 2282 2270 1000 Mark die gleichzeitige Aufführung mit dem Kleinen Theater haben
411 2199 579 2306 kann.
518 2284 2235 2428 Wegen des Vertrages mit dem Hamburger Schauspielhaus bitte ich
404 2367 2308 2540 mich wissen zu lassen, ob Sie ihn direkt abschliessen. Wir haben eine
414 2476 2299 2581 Garantie von 1500 Mark gefordert und daraufhin nichts gehört. Wir ha-
406 2571 2333 2710 ben auch weiter nichts in dieser Sache veranlasst, weil wir angenommen
396 2634 1678 2780 haben, dass Sie mit Hamburg weiter verhandeln.
513 2758 1973 2892 Den übrigen Teil Ihres Briefes beantworte ich morgen.
929 2834 1562 2977 Mit herzlichen Grüssen
1712 2883 1827 3033 Ihr
1576 2992 2058 3243 S. Fischer.
