<?xml version="1.0" encoding="UTF-8" standalone="yes"?>
<PcGts xmlns="http://schema.primaresearch.org/PAGE/gts/pagecontent/2013-07-15" xmlns:xsi="http://www.w3.org/2001/XMLSchema-instance" xsi:schemaLocation="http://schema.primaresearch.org/PAGE/gts/pagecontent/2013-07-15 http://schema.primaresearch.org/PAGE/gts/pagecontent/2013-07-15/pagecontent.xsd">
    <Metadata>
        <Creator>prov=READ-COOP:name=TrHtr:version=2.1.0:model_id=51170:date=26_07_2023_22:34</Creator>
        <Created>2023-05-02T08:11:02.107+02:00</Created>
        <LastChange>2023-07-26T22:34:08.902+02:00</LastChange>
        <TranskribusMetadata docId="1416742" pageId="54955374" pageNr="622" tsid="131085525" status="IN_PROGRESS" userId="64420" imgUrl="https://files.transkribus.eu/Get?id=TKOTHNYJWHADTKOOHUQCGRBI&amp;fileType=view" xmlUrl="https://files.transkribus.eu/Get?id=EPRCSWECGZEYMZNTLBYDWVSA" imageId="44459099"/>
    </Metadata>
    <Page imageFilename="1416742_0622.jpg" imageWidth="2572" imageHeight="3608">
        <ReadingOrder>
            <OrderedGroup id="ro_1711827503800" caption="Regions reading order">
                <RegionRefIndexed index="0" regionRef="tr_2"/>
                <RegionRefIndexed index="1" regionRef="tr_1"/>
            </OrderedGroup>
        </ReadingOrder>
        <TextRegion id="tr_2" custom="readingOrder {index:0;}">
            <Coords points="669,356 2135,356 2135,1398 669,1398"/>
            <TextLine id="tr_2_tl_1" custom="readingOrder {index:0;}">
                <Coords points="1145,424 1156,424 1161,431 1212,415 1230,438 1246,427 1255,436 1275,436 1284,341 1257,335 1244,346 1228,337 1170,339 1163,330 1152,330"/>
                <Baseline points="1158,415 1194,412 1239,406 1284,406"/>
                <TextEquiv>
                    <Unicode>hi7</Unicode>
                </TextEquiv>
            </TextLine>
            <TextLine id="tr_2_tl_2" custom="readingOrder {index:1;}">
                <Coords points="656,541 1147,588 1286,523 1387,572 1513,512 1699,570 1870,505 2027,543 2029,433 1619,388 1545,431 1428,397 1167,451 658,424"/>
                <Baseline points="669,513 689,510 734,510 779,510 824,510 869,507 913,504 958,504 1003,501 1048,501 1093,501 1137,504 1182,501 1227,501 1272,498 1317,495 1361,495 1406,492 1451,492 1496,492 1541,492 1585,489 1630,486 1675,486 1720,486 1765,483 1809,483 1854,486 1899,483 1944,486 1989,483 2033,483"/>
                <TextEquiv>
                    <Unicode>S. Fischer, Verlag, Berlin M., Bülowstrasse 90</Unicode>
                </TextEquiv>
            </TextLine>
            <TextLine id="tr_2_tl_3" custom="readingOrder {index:2;}">
                <Coords points="1902,660 1922,656 1937,669 1982,674 2027,658 2092,676 2131,665 2133,503 2113,505 2099,519 2063,501 2052,512 2014,510 1967,537 1958,528 1933,534 1904,525"/>
                <Baseline points="1914,606 1956,603 2001,603 2045,603 2090,600 2135,600"/>
                <TextEquiv>
                    <Unicode>25/3.13</Unicode>
                </TextEquiv>
            </TextLine>
            <TextLine id="tr_2_tl_4" custom="readingOrder {index:3;}">
                <Coords points="761,1026 860,1001 900,1026 1048,999 1235,1017 1356,986 1506,1015 1509,932 1230,938 1174,918 1143,943 817,925 763,945"/>
                <Baseline points="773,997 797,991 842,991 887,988 931,988 976,988 1021,988 1066,988 1111,985 1155,985 1200,982 1245,982 1290,979 1335,976 1379,976 1424,973 1469,970 1514,970"/>
                <TextEquiv>
                    <Unicode>Herrn Dr. Arthur Schnitzler</Unicode>
                </TextEquiv>
            </TextLine>
            <TextLine id="tr_2_tl_5" custom="readingOrder {index:4;}">
                <Coords points="1567,1087 1682,1087 1702,1075 1756,1080 1769,1071 1872,1089 1877,954 1843,936 1809,945 1787,936 1756,950 1742,936 1706,938 1693,952 1637,941 1610,956 1572,950"/>
                <Baseline points="1582,1060 1612,1057 1657,1057 1702,1057 1747,1054 1792,1051 1836,1051 1881,1051"/>
                <TextEquiv>
                    <Unicode>Wien XVIII</Unicode>
                </TextEquiv>
            </TextLine>
            <TextLine id="tr_2_tl_6" custom="readingOrder {index:5;}">
                <Coords points="1529,1154 1621,1194 1706,1161 1798,1163 1830,1181 1857,1158 1913,1165 1953,1140 1967,1156 2005,1149 2007,1080 1922,1102 1834,1078 1744,1107 1682,1102 1650,1075 1531,1087"/>
                <Baseline points="1541,1149 1562,1146 1606,1146 1651,1143 1696,1143 1741,1143 1786,1140 1830,1140 1875,1140 1920,1137 1965,1134 2010,1131"/>
                <TextEquiv>
                    <Unicode>Sternwartestr. 71</Unicode>
                </TextEquiv>
            </TextLine>
            <TextLine id="tr_2_tl_7" custom="readingOrder {index:6;}">
                <Coords points="1033,1394 1154,1387 1176,1405 1345,1387 1372,1401 1457,1381 1497,1403 1542,1378 1583,1383 1585,1318 1513,1336 1475,1307 1376,1293 1255,1340 1167,1336 1145,1311 1084,1334 1035,1329"/>
                <Baseline points="1045,1388 1051,1388 1096,1385 1140,1382 1185,1382 1230,1382 1275,1379 1320,1379 1364,1376 1409,1376 1454,1373 1499,1370 1544,1370 1588,1367"/>
                <TextEquiv>
                    <Unicode>Lieber Herr Doktor!</Unicode>
                </TextEquiv>
            </TextLine>
        </TextRegion>
        <TextRegion id="tr_1" custom="readingOrder {index:1;}">
            <Coords points="609,1521 2532,1521 2532,3167 609,3167"/>
            <TextLine id="tr_1_tl_1" custom="readingOrder {index:0;}">
                <Coords points="772,1646 2139,1625 2261,1598 2265,1488 2131,1461 1509,1565 1385,1500 1140,1549 1010,1486 777,1484"/>
                <Baseline points="785,1621 788,1618 833,1615 878,1615 922,1615 967,1612 1012,1612 1057,1609 1102,1609 1146,1609 1191,1606 1236,1603 1281,1603 1326,1603 1370,1600 1415,1600 1460,1597 1505,1594 1550,1591 1594,1591 1639,1591 1684,1588 1729,1591 1774,1588 1818,1585 1863,1585 1908,1582 1953,1579 1998,1577 2042,1574 2087,1574 2132,1577 2177,1574 2222,1571 2266,1574"/>
                <TextEquiv>
                    <Unicode>Bitte, entscheiden Sie, ob wir den „Neg ins Freie“ für</Unicode>
                </TextEquiv>
            </TextLine>
            <TextLine id="tr_1_tl_2" custom="readingOrder {index:1;}">
                <Coords points="595,1778 732,1735 2232,1713 2265,1625 819,1659 599,1614"/>
                <Baseline points="609,1714 612,1717 657,1711 701,1711 746,1711 791,1708 836,1705 881,1705 925,1702 970,1702 1015,1699 1060,1696 1105,1696 1149,1693 1194,1693 1239,1690 1284,1690 1329,1690 1373,1690 1418,1687 1463,1687 1508,1684 1553,1681 1597,1678 1642,1678 1687,1678 1732,1678 1777,1675 1821,1675 1866,1672 1911,1672 1956,1669 2001,1666 2045,1666 2090,1663 2135,1663 2180,1660 2225,1660 2269,1663"/>
                <TextEquiv>
                    <Unicode>### 500 Mark für die Rechte in englischer Sprache geben können.</Unicode>
                </TextEquiv>
            </TextLine>
            <TextLine id="tr_1_tl_3" custom="readingOrder {index:2;}">
                <Coords points="633,1818 2249,1809 2366,1789 2371,1697 635,1749"/>
                <Baseline points="645,1801 672,1801 716,1798 761,1798 806,1798 851,1795 896,1792 940,1789 985,1789 1030,1786 1075,1786 1120,1786 1164,1786 1209,1786 1254,1786 1299,1783 1344,1780 1388,1777 1433,1774 1478,1774 1523,1774 1568,1771 1612,1771 1657,1768 1702,1765 1747,1765 1792,1762 1836,1759 1881,1759 1926,1759 1971,1759 2016,1756 2060,1753 2105,1753 2150,1750 2195,1750 2240,1750 2284,1750 2329,1747 2374,1750"/>
                <TextEquiv>
                    <Unicode>Ich habe 10 % verlangt, garantiert mit 500 Mark. Sie wissen ja,</Unicode>
                </TextEquiv>
            </TextLine>
            <TextLine id="tr_1_tl_4" custom="readingOrder {index:3;}">
                <Coords points="647,1942 2398,1861 2416,1794 649,1830"/>
                <Baseline points="660,1890 675,1890 719,1887 764,1887 809,1884 854,1884 899,1881 943,1881 988,1878 1033,1878 1078,1872 1123,1872 1167,1872 1212,1872 1257,1869 1302,1869 1347,1866 1391,1866 1436,1863 1481,1860 1526,1860 1571,1860 1615,1860 1660,1857 1705,1854 1750,1854 1795,1851 1839,1851 1884,1848 1929,1848 1974,1848 2019,1845 2063,1842 2108,1842 2153,1839 2198,1836 2243,1836 2287,1836 2332,1833 2377,1833 2422,1836"/>
                <TextEquiv>
                    <Unicode>wie wenig bei all den Verhandlungen herauskommt. Ich hätte keine</Unicode>
                </TextEquiv>
            </TextLine>
            <TextLine id="tr_1_tl_5" custom="readingOrder {index:4;}">
                <Coords points="660,1985 750,2036 2335,1980 2429,1969 2431,1863 662,1931"/>
                <Baseline points="672,1980 686,1980 731,1977 776,1977 821,1974 866,1974 910,1974 955,1971 1000,1968 1045,1968 1090,1965 1134,1965 1179,1962 1224,1962 1269,1959 1314,1959 1358,1956 1403,1956 1448,1953 1493,1950 1538,1950 1582,1950 1627,1950 1672,1947 1717,1947 1762,1944 1806,1941 1851,1941 1896,1941 1941,1938 1986,1938 2030,1935 2075,1932 2120,1932 2165,1929 2210,1929 2255,1926 2299,1926 2344,1923 2389,1923 2434,1929"/>
                <TextEquiv>
                    <Unicode>Bedenken, die Sache so abzumachen. Ich lege auch noch einen Brief</Unicode>
                </TextEquiv>
            </TextLine>
            <TextLine id="tr_1_tl_6" custom="readingOrder {index:5;}">
                <Coords points="662,2101 2328,2070 2333,1973 665,2034"/>
                <Baseline points="675,2069 677,2066 722,2069 767,2066 812,2063 857,2063 902,2063 946,2060 991,2057 1036,2057 1081,2057 1126,2054 1170,2051 1215,2051 1260,2051 1305,2048 1350,2048 1394,2045 1439,2042 1484,2042 1529,2042 1574,2039 1618,2039 1663,2036 1708,2033 1753,2036 1798,2033 1842,2030 1887,2030 1932,2028 1977,2028 2022,2025 2066,2025 2111,2022 2156,2019 2201,2019 2246,2016 2290,2016 2335,2013"/>
                <TextEquiv>
                    <Unicode>aus San Francisco bei. Der Fall ist schwierig, weil ich nicht</Unicode>
                </TextEquiv>
            </TextLine>
            <TextLine id="tr_1_tl_7" custom="readingOrder {index:6;}">
                <Coords points="660,2200 2425,2164 2467,2036 665,2110"/>
                <Baseline points="675,2159 677,2159 722,2159 767,2156 812,2153 857,2153 902,2150 946,2150 991,2150 1036,2147 1081,2147 1126,2147 1170,2144 1215,2141 1260,2141 1305,2138 1350,2135 1394,2135 1439,2132 1484,2132 1529,2129 1574,2129 1618,2129 1663,2126 1708,2123 1753,2123 1798,2123 1842,2120 1887,2120 1932,2117 1977,2117 2022,2114 2066,2114 2111,2111 2156,2108 2201,2108 2246,2105 2290,2105 2335,2102 2380,2099 2425,2096 2470,2096"/>
                <TextEquiv>
                    <Unicode>untersuchen kann, ob die Dame nicht das Becht hätte, ihre Broschü-</Unicode>
                </TextEquiv>
            </TextLine>
            <TextLine id="tr_1_tl_8" custom="readingOrder {index:7;}">
                <Coords points="662,2265 2254,2254 2413,2232 2416,2133 665,2196"/>
                <Baseline points="675,2249 716,2249 761,2249 806,2246 851,2243 896,2243 940,2240 985,2240 1030,2237 1075,2237 1120,2234 1164,2234 1209,2231 1254,2228 1299,2228 1344,2228 1388,2225 1433,2225 1478,2222 1523,2222 1568,2219 1612,2216 1657,2216 1702,2216 1747,2213 1792,2213 1836,2210 1881,2207 1926,2207 1971,2204 2016,2204 2060,2201 2105,2201 2150,2201 2195,2201 2240,2198 2284,2195 2329,2192 2374,2192 2419,2192"/>
                <TextEquiv>
                    <Unicode>re ohne unsere Autorisation herauszugeben. Bis zum Umfange eines</Unicode>
                </TextEquiv>
            </TextLine>
            <TextLine id="tr_1_tl_9" custom="readingOrder {index:8;}">
                <Coords points="662,2353 2411,2357 2413,2256 665,2283"/>
                <Baseline points="675,2338 713,2338 758,2338 803,2338 848,2338 893,2335 937,2332 982,2329 1027,2326 1072,2326 1117,2323 1161,2323 1206,2320 1251,2320 1296,2320 1341,2317 1385,2317 1430,2317 1475,2314 1520,2311 1565,2308 1609,2308 1654,2305 1699,2302 1744,2302 1789,2302 1833,2299 1878,2299 1923,2299 1968,2296 2013,2293 2057,2293 2102,2290 2147,2290 2192,2290 2237,2287 2281,2284 2326,2284 2371,2281 2416,2275"/>
                <TextEquiv>
                    <Unicode>Bogens sind Zitate erlaubt. Andererseits kann ich nicht beurtei-</Unicode>
                </TextEquiv>
            </TextLine>
            <TextLine id="tr_1_tl_10" custom="readingOrder {index:9;}">
                <Coords points="665,2465 2200,2438 2315,2425 2319,2326 669,2366"/>
                <Baseline points="680,2431 710,2431 755,2431 800,2428 845,2428 890,2425 934,2422 979,2422 1024,2419 1069,2419 1114,2416 1158,2413 1203,2413 1248,2410 1293,2407 1338,2407 1382,2407 1427,2407 1472,2404 1517,2401 1562,2398 1606,2398 1651,2398 1696,2395 1741,2392 1786,2392 1830,2389 1875,2389 1920,2389 1965,2386 2010,2386 2054,2386 2099,2383 2144,2383 2189,2380 2234,2377 2278,2377 2323,2377"/>
                <TextEquiv>
                    <Unicode>len, inwieweit die fragliche Broschüre einer Buchausgabe von</Unicode>
                </TextEquiv>
            </TextLine>
            <TextLine id="tr_1_tl_11" custom="readingOrder {index:10;}">
                <Coords points="694,2553 2371,2521 2429,2510 2431,2404 696,2483"/>
                <Baseline points="707,2520 734,2520 779,2517 824,2517 869,2514 913,2511 958,2508 1003,2511 1048,2508 1093,2505 1137,2505 1182,2505 1227,2502 1272,2499 1317,2499 1361,2496 1406,2496 1451,2493 1496,2493 1541,2493 1585,2490 1630,2487 1675,2487 1720,2487 1765,2484 1809,2481 1854,2481 1899,2481 1944,2479 1989,2479 2033,2476 2078,2476 2123,2473 2168,2470 2213,2470 2257,2470 2302,2470 2347,2467 2392,2464 2437,2467"/>
                <TextEquiv>
                    <Unicode>„Bernhardt“ schaden oder nützen würde. Jedenfalls wurde sie die</Unicode>
                </TextEquiv>
            </TextLine>
            <TextLine id="tr_1_tl_12" custom="readingOrder {index:11;}">
                <Coords points="682,2636 2258,2615 2368,2604 2373,2517 685,2564"/>
                <Baseline points="695,2610 719,2610 764,2607 809,2607 854,2604 899,2601 943,2601 988,2598 1033,2598 1078,2598 1123,2595 1167,2595 1212,2592 1257,2592 1302,2592 1347,2589 1391,2589 1436,2589 1481,2589 1526,2586 1571,2583 1615,2580 1660,2577 1705,2574 1750,2577 1795,2571 1839,2574 1884,2571 1929,2571 1974,2571 2019,2568 2063,2568 2108,2568 2153,2565 2198,2562 2243,2562 2287,2559 2332,2556 2377,2556"/>
                <TextEquiv>
                    <Unicode>Rechte einer Buchausgabe von „Bernhardt“ in englischer Sprache</Unicode>
                </TextEquiv>
            </TextLine>
            <TextLine id="tr_1_tl_13" custom="readingOrder {index:12;}">
                <Coords points="678,2741 2265,2701 2454,2660 2456,2600 682,2638"/>
                <Baseline points="692,2703 710,2700 755,2700 800,2697 845,2697 890,2694 934,2691 979,2691 1024,2688 1069,2688 1114,2688 1158,2688 1203,2685 1248,2685 1293,2682 1338,2679 1382,2679 1427,2679 1472,2676 1517,2673 1562,2673 1606,2670 1651,2670 1696,2667 1741,2664 1786,2664 1830,2664 1875,2664 1920,2664 1965,2661 2010,2658 2054,2658 2099,2658 2144,2658 2189,2655 2234,2652 2278,2652 2323,2649 2368,2649 2413,2646 2458,2649"/>
                <TextEquiv>
                    <Unicode>nicht tangieren. Die beiden Briefe bitte ich, mir sogleich wieder</Unicode>
                </TextEquiv>
            </TextLine>
            <TextLine id="tr_1_tl_14" custom="readingOrder {index:13;}">
                <Coords points="1958,2804 1973,2804 1996,2784 2014,2797 2074,2788 2090,2800 2131,2786 2207,2800 2209,2698 2155,2712 2142,2705 2128,2712 2095,2696 2072,2707 2047,2707 2036,2696 2005,2714 1960,2703"/>
                <Baseline points="1971,2783 1989,2780 2033,2786 2078,2780 2123,2777 2168,2777 2213,2780"/>
                <TextEquiv>
                    <Unicode>gebracht geen ist</Unicode>
                </TextEquiv>
            </TextLine>
            <TextLine id="tr_1_tl_15" custom="readingOrder {index:14;}">
                <Coords points="682,2840 712,2853 745,2835 831,2838 860,2811 889,2822 905,2811 1004,2840 1091,2844 1096,2746 965,2721 900,2734 878,2719 833,2748 770,2730 687,2746"/>
                <Baseline points="698,2792 740,2789 785,2786 830,2783 875,2783 919,2780 964,2780 1009,2780 1054,2780 1099,2783"/>
                <TextEquiv>
                    <Unicode>zurückzusenden.</Unicode>
                </TextEquiv>
            </TextLine>
            <TextLine id="tr_1_tl_16" custom="readingOrder {index:15;}">
                <Coords points="1628,2889 1695,2903 1854,2883 1913,2907 1980,2871 2232,2927 2252,2918 2256,2800 2036,2782 1628,2808"/>
                <Baseline points="1639,2852 1675,2849 1720,2846 1765,2843 1809,2840 1854,2840 1899,2840 1944,2837 1989,2837 2033,2837 2078,2834 2123,2834 2168,2834 2213,2834 2257,2834"/>
                <TextEquiv>
                    <Unicode>Mit herzlichen Grüssen</Unicode>
                </TextEquiv>
            </TextLine>
            <TextLine id="tr_1_tl_17" custom="readingOrder {index:16;}">
                <Coords points="1922,2948 1935,2945 1951,2952 1955,2948 1960,2950 1969,2941 1994,2945 1998,2941 2003,2943 2023,2925 2034,2927 2036,2887 2016,2887 2012,2880 2009,2883 1991,2867 1964,2885 1926,2885"/>
                <Baseline points="1935,2935 1950,2930 1995,2927 2039,2924"/>
                <TextEquiv>
                    <Unicode>Ihr</Unicode>
                </TextEquiv>
            </TextLine>
            <TextLine id="tr_1_tl_18" custom="readingOrder {index:17;}">
                <Coords points="1967,3071 2054,3073 2148,3022 2270,3037 2348,2999 2474,3006 2505,3024 2526,3017 2528,2939 2351,2916 2274,2939 2139,2898 2038,2910 1969,2952"/>
                <Baseline points="1980,3010 2025,3010 2069,3010 2114,3010 2159,3007 2204,3004 2249,3004 2293,3001 2338,3001 2383,2998 2428,2998 2473,2998 2517,3001 2532,3010"/>
                <TextEquiv>
                    <Unicode>Fischer</Unicode>
                </TextEquiv>
            </TextLine>
            <TextLine id="tr_1_tl_19" custom="readingOrder {index:18;}">
                <Coords points="680,3147 741,3183 795,3168 822,3177 840,3161 853,3170 878,3163 909,3174 943,3161 983,3172 986,3076 968,3071 947,3082 914,3069 869,3094 858,3080 828,3085 768,3060 745,3073 709,3053 682,3060"/>
                <Baseline points="692,3157 719,3148 764,3148 809,3145 854,3145 899,3145 943,3142 988,3145"/>
                <TextEquiv>
                    <Unicode>2 Anlagen!</Unicode>
                </TextEquiv>
            </TextLine>
        </TextRegion>
    </Page>
</PcGts>
