2616 3271
1190 493 1335 582 241
722 556 2019 703 S. FISCHER,VERLAG, BERLIN W., BÜLowSTR. 90
1295 763 2030 907 BERene W., DEN.... 10. März 1911
992 1139 1767 1264 Herrn Dr. Arthur Schnitzler
1707 1236 1888 1350 Wien
826 1398 1367 1527 Lieber Herr Doktor,
996 1493 2069 1647 ich glaube nicht, ob Sie die Autorisa-
836 1644 2100 1731 tion für die italienische Uebersetzung zweimal
844 1702 2095 1828 vergeben können. Wenn nicht ausdrücklich etwas
836 1796 2043 1910 anderes vereinbart ist, so ist das Ueberset-
839 1901 1750 2014 zungsrecht ein ausschliessliches.
1026 1990 2036 2095 Direktor Bock hat mit uns keinen Ver-
847 2072 2033 2166 trag abgeschlossen; er hat auch in früheren
836 2150 2093 2258 Fällen keine Verträge gemacht, sondern gewöhn-
836 2260 2091 2350 lich eine Tantieme von 4 % freiwillig bezahlt.
832 2314 2096 2452 Sie wissen ja, dass mit Russland keine Conven-
832 2434 2075 2534 tion existiert, wir sind ganz auf die Loyali-
836 2504 2119 2636 tät von Bock angewiesen. Wir haben ihm übrigens
