<?xml version="1.0" encoding="UTF-8" standalone="yes"?>
<PcGts xmlns="http://schema.primaresearch.org/PAGE/gts/pagecontent/2013-07-15" xmlns:xsi="http://www.w3.org/2001/XMLSchema-instance" xsi:schemaLocation="http://schema.primaresearch.org/PAGE/gts/pagecontent/2013-07-15 http://schema.primaresearch.org/PAGE/gts/pagecontent/2013-07-15/pagecontent.xsd">
    <Metadata>
        <Creator>prov=READ-COOP:name=TrHtr:version=2.1.0:model_id=51170:date=26_07_2023_22:28</Creator>
        <Created>2023-05-02T08:10:24.973+02:00</Created>
        <LastChange>2023-07-26T22:28:43.462+02:00</LastChange>
        <TranskribusMetadata docId="1416742" pageId="54954777" pageNr="408" tsid="131084824" status="IN_PROGRESS" userId="64420" imgUrl="https://files.transkribus.eu/Get?id=ZMQYKQHFWZDYLNIZAZMQFZHB&amp;fileType=view" xmlUrl="https://files.transkribus.eu/Get?id=ZZPUYQSIOOQMFAYJOGRKZXCL" imageId="44458502"/>
    </Metadata>
    <Page imageFilename="1416742_0408.jpg" imageWidth="2601" imageHeight="3495">
        <ReadingOrder>
            <OrderedGroup id="ro_1711827339511" caption="Regions reading order">
                <RegionRefIndexed index="0" regionRef="tr_1"/>
            </OrderedGroup>
        </ReadingOrder>
        <TextRegion id="tr_1" custom="readingOrder {index:0;}">
            <Coords points="468,973 2357,973 2357,3102 468,3102"/>
            <TextLine id="tr_1_tl_1" custom="readingOrder {index:0;}">
                <Coords points="528,1112 1110,1079 1528,1110 1780,1042 1783,979 1402,942 1180,1012 850,974 533,1030"/>
                <Baseline points="543,1077 576,1077 620,1074 665,1071 710,1071 755,1068 799,1068 844,1065 889,1062 934,1062 978,1059 1023,1059 1068,1056 1113,1053 1158,1053 1202,1050 1247,1047 1292,1047 1337,1044 1381,1044 1426,1041 1471,1038 1516,1035 1560,1032 1605,1029 1650,1029 1695,1026 1740,1026 1784,1023"/>
                <TextEquiv>
                    <Unicode>Justizrat Paul Jonas, Berlin, Taubenstrasse 16.</Unicode>
                </TextEquiv>
            </TextLine>
            <TextLine id="tr_1_tl_2" custom="readingOrder {index:1;}">
                <Coords points="456,1304 2243,1215 2271,1119 460,1198"/>
                <Baseline points="471,1259 483,1259 528,1256 573,1256 617,1253 662,1250 707,1250 752,1247 796,1244 841,1241 886,1241 931,1238 975,1238 1020,1235 1065,1232 1110,1232 1155,1229 1199,1229 1244,1226 1289,1223 1334,1223 1378,1220 1423,1220 1468,1217 1513,1214 1557,1211 1602,1208 1647,1205 1692,1202 1737,1202 1781,1199 1826,1199 1871,1196 1916,1193 1960,1190 2005,1187 2050,1187 2095,1184 2139,1181 2184,1181 2229,1178 2274,1175"/>
                <TextEquiv>
                    <Unicode>Erfahre, dass globus beabsichtigt, Schnitzlers Griechische Tänzerin</Unicode>
                </TextEquiv>
            </TextLine>
            <TextLine id="tr_1_tl_3" custom="readingOrder {index:2;}">
                <Coords points="465,1371 2208,1311 2238,1220 467,1299"/>
                <Baseline points="477,1346 495,1349 540,1346 584,1346 629,1343 674,1340 719,1340 764,1340 808,1337 853,1334 898,1331 943,1328 987,1325 1032,1322 1077,1322 1122,1319 1166,1319 1211,1316 1256,1316 1301,1313 1346,1310 1390,1307 1435,1307 1480,1304 1525,1304 1569,1301 1614,1298 1659,1298 1704,1295 1748,1292 1793,1289 1838,1286 1883,1286 1928,1283 1972,1280 2017,1280 2062,1277 2107,1274 2151,1271 2196,1268 2241,1265"/>
                <TextEquiv>
                    <Unicode>neuzudrucken. Warnet globus sofort, da Verlagsrecht nur für 11.bis</Unicode>
                </TextEquiv>
            </TextLine>
            <TextLine id="tr_1_tl_4" custom="readingOrder {index:3;}">
                <Coords points="472,1474 2252,1383 2278,1308 477,1376"/>
                <Baseline points="486,1441 489,1438 534,1438 579,1435 623,1435 668,1435 713,1429 758,1429 802,1426 847,1423 892,1423 937,1420 981,1417 1026,1414 1071,1411 1116,1411 1161,1408 1205,1405 1250,1402 1295,1399 1340,1399 1384,1399 1429,1396 1474,1393 1519,1393 1563,1390 1608,1387 1653,1387 1698,1384 1743,1381 1787,1381 1832,1375 1877,1372 1922,1372 1966,1369 2011,1366 2056,1363 2101,1363 2145,1360 2190,1358 2235,1358 2280,1358"/>
                <TextEquiv>
                    <Unicode>zwanzigstes Zuflage übertragen wurde und Schnitzler ab Jänner das</Unicode>
                </TextEquiv>
            </TextLine>
            <TextLine id="tr_1_tl_5" custom="readingOrder {index:4;}">
                <Coords points="474,1547 2205,1498 2350,1467 2353,1397 479,1477"/>
                <Baseline points="489,1528 522,1528 567,1525 611,1525 656,1525 701,1522 746,1522 790,1519 835,1516 880,1513 925,1510 970,1507 1014,1507 1059,1504 1104,1501 1149,1501 1193,1498 1238,1495 1283,1492 1328,1492 1372,1489 1417,1489 1462,1486 1507,1483 1552,1480 1596,1477 1641,1477 1686,1474 1731,1471 1775,1471 1820,1468 1865,1465 1910,1462 1954,1462 1999,1459 2044,1456 2089,1453 2134,1450 2178,1450 2223,1447 2268,1444 2313,1444 2357,1444"/>
                <TextEquiv>
                    <Unicode>Recht hat, Griechische Tänzerin in grösserem Novellenbande erscheinen</Unicode>
                </TextEquiv>
            </TextLine>
            <TextLine id="tr_1_tl_6" custom="readingOrder {index:5;}">
                <Coords points="1320,1628 1413,1631 1430,1614 1467,1628 1537,1607 1579,1619 1619,1589 1661,1600 1703,1577 1738,1598 1759,1582 1827,1596 1829,1540 1801,1521 1698,1530 1626,1514 1593,1528 1554,1512 1472,1535 1434,1512 1325,1526"/>
                <Baseline points="1334,1581 1343,1581 1387,1578 1432,1578 1477,1575 1522,1572 1566,1569 1611,1569 1656,1566 1701,1566 1746,1563 1790,1560 1835,1563"/>
                <TextEquiv>
                    <Unicode>Advokat Geiringer.</Unicode>
                </TextEquiv>
            </TextLine>
            <TextLine id="tr_1_tl_7" custom="readingOrder {index:6;}">
                <Coords points="474,1654 507,1652 554,1677 600,1654 610,1663 645,1661 671,1682 687,1670 720,1673 743,1656 764,1661 764,1572 701,1577 675,1563 640,1565 624,1577 596,1565 561,1582 509,1577 477,1589"/>
                <Baseline points="489,1620 504,1617 549,1617 593,1617 638,1614 683,1614 728,1614 773,1611"/>
                <TextEquiv>
                    <Unicode>zu lassen.</Unicode>
                </TextEquiv>
            </TextLine>
            <TextLine id="tr_1_tl_8" custom="readingOrder {index:7;}">
                <Coords points="456,1899 558,1923 612,1895 671,1911 715,1892 745,1906 759,1895 806,1925 888,1918 892,1799 829,1811 787,1773 724,1780 699,1799 668,1790 640,1815 488,1780 460,1792"/>
                <Baseline points="468,1886 492,1889 537,1886 582,1886 626,1883 671,1883 716,1880 761,1877 805,1874 850,1874 895,1877"/>
                <TextEquiv>
                    <Unicode>29. Jänner 1910.</Unicode>
                </TextEquiv>
            </TextLine>
            <TextLine id="tr_1_tl_9" custom="readingOrder {index:8;}">
                <Coords points="467,3103 565,3161 876,3077 1012,3107 1175,3044 1385,3096 1467,3077 1479,2946 1339,2946 1187,2874 888,2993 481,2923"/>
                <Baseline points="480,3092 492,3092 537,3092 582,3089 626,3089 671,3086 716,3086 761,3080 805,3077 850,3074 895,3068 940,3062 984,3059 1029,3056 1074,3050 1119,3047 1164,3041 1208,3038 1253,3038 1298,3035 1343,3029 1387,3029 1432,3026 1477,3032"/>
                <TextEquiv>
                    <Unicode>dingungen in dieser Höhe zu stellen.</Unicode>
                </TextEquiv>
            </TextLine>
        </TextRegion>
    </Page>
</PcGts>
