3221 3687
1498 254 1697 366 2,10
1536 356 1683 461 846
1049 363 2454 574 S. Fischer, Verlag, Berlin W., Bülowstrasse 90.
1702 517 1999 641 15/X. 1914
1225 878 1992 1061 Herrn Dr. Arthur Schnitzler
1989 995 2155 1106 Wien
907 1211 1315 1334 Lieber Freund,
1080 1222 2754 1455 die anliegende Theaterabrechnung ergibt ein Guthaben für Sie
1590 1386 1996 1448 ou vous en avez eu leur ami
978 1382 2552 1541 von M. 1383,79. Den Betrag halten wir zu Ihrer Verfügung.
1118 1443 2727 1624 Ich hoffe, dass sich die Dinge bei Ihnen weiter so günstig
990 1533 2792 1726 entwickeln, dass wir Sie zum "Medardus" doch hier in Berlin sehen
1771 1640 2200 1707 mmmmme
990 1640 2737 1787 werden. Dann werden wir ja Gelegenheit haben, uns auch über die
1002 1714 2706 1899 politischen Verhältnisse zu unterhalten. Nur soviel für heute:
997 1811 2761 1989 Der Wunsch einer wirtschaftlichen und organisatorischen Durch-
1011 1913 2870 2079 dringung beider Länder ist nach meiner Wahrnehmung überall so stark,
1006 2008 2765 2160 dass in den Zukunftsplänen irgend eine Skepsis nicht mitspricht.
1011 2089 2917 2243 Die „Neue Kundschau“ wird nach dem Krieg viel zu tun haben; wir sind
1014 2179 2839 2329 dabei, die geistigen Kräfte zu organisieren und auch wichtige Mit-
1018 2307 2103 2433 arbeiter aus Oesterreich heranzuziehen.
1282 2407 1925 2519 Mit herzlichen Grüssen
2167 2471 2276 2557 Ihr
2049 2542 2516 2756 S. Fischer
800 3197 897 3276 F. 121
