2904 3384
645 1102 2334 1362 ins Februarheft bringen
933 1260 2697 1498 für die Liebelei "gelten".
590 1384 2722 1645 natürlich die Contractbedingungen
568 1550 2774 1780 obgleich ich ja mit dramatischen
587 1689 2730 1858 Arbeiten nur mit Mübe und Noth
637 1811 1758 2021 die Kosten decke.
1927 1833 2777 2052 die Abrechnung
648 1924 2769 2154 nur die bar abgesetzten heimpl. pro
662 2054 2755 2240 895 konnte ich mit dem besten Willen
529 2173 2749 2381 noch nicht machen. Es war etwas leicht
545 2270 2652 2431 sinnig von mir, Ihnen das vor den
