2777 3474
2027 145 2413 293 25/10 8
636 250 2381 524 ich wenigstens die beträchtlichen Kosten der illustrierten Ausgabe
1017 318 1255 402 Zeslau
654 365 2452 590 einigermassen gedeckt. Liegt Ihnen aber sehr viel daran, dass unter
649 474 2477 679 allen Umständen die billige Ausgabe vorhanden ist, dann will ich sie
663 529 2406 770 drucken und einstweilen nur in solchen Fällen ausliefern, wo aus-
665 661 2177 881 drücklich eine nichtillustrierte Ausgabe gewünscht wird.
779 729 2393 935 Den Brief von Fräulein Perruchon lege ich bei. Von der fran-
695 815 2408 1022 zösischen Uebersetzung des „Gustl" habe ich bisher nicht gehört.
804 908 2449 1101 Ich habe mit Dr. Sie wegen der Möglichkeit des Abdrucks eines
697 976 2413 1196 Einakters in Dezemberheft gesprochen. Sollte die Aufführung der
708 1069 2529 1280 Kinakter nicht vor dem 19. Dezember stattfinden, so liesse sich doch
722 1162 2474 1394 ein Einakter in Dezemberheft abdrucken. Bitte versichern Sie sich
724 1246 2481 1500 des Terminz und schicken Sie eventl. den in Frage kommenden Kinak-
742 1348 2502 1546 ter, da wir mit den Satz für das Dezemberheft in 8-10 Tagen begin-
908 1494 2574 1725 Es ist möglich, dass der Satz Ihres neuen Werkes so hergestell
742 1546 1078 1671 nen müssen.
756 1573 2538 1818 werden kann, dass Sie die ganze correctur auf einmal bekommen, das
760 1687 2522 1943 hängt ganz davon ab, ob gerade so viel Schriften in der Druckerei
772 1764 2574 2000 frei sind. Gewöhnlich geschieht es so, dass die druckfertigen Bogen
776 1861 2567 2095 gedruckt werden und inzwischen weiter gesetzt wird aus der frei ge-
790 1945 2579 2200 wordenen-Schrift. Jedenfalls wird es möglich sein, Ihnen die Hälfte
792 2052 2206 2284 oder zwei Drittel des Satzes auf einmal zu schicken.
906 2088 2561 2349 Die gewünschten 20 Freiexemplare von „Frau des Weisen“ folgen
815 2227 2529 2463 beigehend; Sie haben also dann nur noch 20 Freiexemplare gut und
819 2320 2168 2547 die Freiexemplare der neuen Auflage von „Märchen.“
1382 2454 1902 2586 Mit besten Grüssen
1868 2424 2252 2608 Ihr ergebener
1843 2538 2558 2774 Ffischen
2284 3012 2558 3171 Reine
