2839 3191
1267 161 1373 332 Fils
1836 185 2019 339 LAG.
1627 464 2610 606 Berlin W., den 3. Februar 1897
1726 546 2132 661 Steglitzer Strasse 49 I.
2173 572 2255 651 G.F.P.
1858 625 2279 738 Telephon: Amt VI, 1662.
1144 712 1310 841 Herrn
1310 762 2370 921 Dr. Arthur Schnitzler.
2103 868 2373 1007 Wien.
1137 981 1702 1120 Lieber Herr Doktor!
1007 1079 2572 1248 Ich habe in letzter Zeit wieder öfters Anfragen bekommen,
745 1207 2644 1332 wann „Freiwild“ erscheinen soll. Ich theile Ihnen das mit, nicht um
733 1262 2635 1421 Sie zu einer Publikation zu drängen, sondern weil ich glaube, dass es
736 1385 2668 1519 Sie interessiren wird. Wie haben Sie sich wegen des Novellenbandes ent-
724 1495 2635 1570 schlossen? Wenn Sie den projektirten grossen Novellenband jetzt nicht
1836 1553 1925 1608 G.H.F.P.
731 1565 2620 1685 herausgeben wollen, so würde ich vorschlagen ältere kleinere Novellen
733 1656 2572 1762 in einem Bändchen von etwa 10 Bogen in dem Ihnen bekannten schmalen
733 1733 2613 1865 Format der Collektion Ollendorff (Paris) herauszugeben. Ich gebe näm-
731 1812 1072 1933 lich eine Con-
1488 1815 2531 1964 in diesem Format mit illustrirten Um-
1139 1827 1635 1957 ktion Fischer
1139 1894 1226 1947 der
733 1930 2637 2041 schlägen demnächst heraus. Die ersten vier Bände werden Novellen brin-
724 1988 2586 2132 gen von Maria Jani###béki Hermann Bank, Peter Nansen und PeterAlten-
724 2086 2654 2195 berg. Dann folgen eben solche Bände von Härtleben, Gabriele Reuter etc.
716 2178 2620 2329 Diese Bändchen werden sehr gefällig und hübsch ausgestattet sein zum
721 2286 2536 2401 Preise von 1 bis 2 Mark pro Band. Vielleicht würde sich für diesen
716 2344 1817 2473 Zweck die „Kleine Komödie“ gut eignen.
1002 2433 2608 2565 Ich hatte eigentlich die Absicht, das mit Ihnen persönlich
697 2500 2543 2642 zu besprechen, weil ich mich der Berliner Expedizien, die zur Erst-
702 2630 2625 2738 Aufführung der „Versunkenen Glocke“ nach Wien zu kommen beabsichtigt.
707 2716 2485 2846 hat, anschliessen wollte. Daraus wird ja aber nichts, wie Sie nun
757 2776 1086 2913 ssen werden.
