2213 3479
1039 585 1166 704 148
554 687 1814 800 S. FISCHER, VERLAG,’ BERLIN W.,„ BÜLowSTR. 90
1491 881 1762 953 29. Mai 07
1119 883 1502 1017 BERLIN W., DEN
1531 941 1750 1025 G.C.F.P
795 1186 1538 1274 Herrn Dr. Arthur Schaitzler
1410 1301 1784 1388 Tien IVIII
1429 1358 1844 1462 Spöttelkasse 7
657 1438 1142 1570 Lieber Herr Doktoe.
828 1549 1901 1684 mein englischer Vertreter schreibt mir Fol-
654 1654 851 1762 Seades;
912 1701 1925 1840 „Das eine literarische Thaster, das Coart
784 1815 1919 1901 der Berren Vedroche und Secker, ist für xxxei
981 1875 1232 1917 Makinairek
861 1886 947 1920 S.
784 1878 1930 1961 Jahre blaaus schon genügend versehen, aber ein
776 1945 1861 2049 Mr. Great Alian besinnt is konsendan Herbst
786 1986 1948 2085 eine Art Hamerspielsaison nach Reinhardt'schen
787 2067 1848 2135 Muster, dann wollen einide andere nassaars,
790 2085 1931 2221 daruster soch Herr Trea, sagen, litt. Matinées
792 2171 1936 2276 verapstalten, und schliesslich sucht die Strafe
800 2230 1970 2310 Society immer nach Wertvollen für ihre 5 Abende.
670 2310 1894 2396 Und diese Stasse Society, deren führende Mit-
562 2288 698 2443 P.S.
789 2363 1936 2432 glieder ich gut kanne, wird sich allmählich zu
682 2394 772 2482 G.F.P.
795 2409 1912 2507 einen literarischen Theater anwachsen, wofür
795 2473 1941 2581 schon eine Reibe von reichen Interessenten die
800 2535 1947 2628 nötige Unterstützung sagesast haben. So ist es
808 2604 1912 2700 wohl gerade die rechts Zeit, mit in die Bewe-
814 2651 1942 2792 und hineinzukommen. Wir versuchen s. B. jetzt
