2649 3465
1169 157 1336 291 260
873 260 1920 394 S. Fischer, Verlag, Berlin W., Bülowstraße 90
1920 310 2366 458 den 14/10. 1911
1441 606 1603 723 G.H.F.P.
627 727 1393 897 Herrn Dr. Arthur Schnitzler
1376 842 1536 966 Wien
470 1016 1016 1164 Lieber Herr Doktor,
637 1130 2306 1288 ich stelle anheim, die Luxusausgabe der "Hirtenflöte" mit Il-
477 1252 2075 1367 lustrationen vom Schmutzer im Wiener Verlag herauszugeben.
634 1338 2328 1462 Da es sich bei diesem Preis nur um Subskribenten handeln kann,
477 1419 2304 1536 ist eine Konkurrenz gegenüber einer evtl. herzustellenden billigen
477 1529 1655 1636 illustrierten Ausgabe nicht zu befürchten.
634 1596 2325 1717 Es wird Sie interessieren, dass ich einen ganz ähnlichen Plan
482 1701 2321 1803 hatte, den ich mit Julius Bard, dem Verleger grosser Illustrations-
479 1772 2342 1877 werke, neulich besprochen habe. Er wollte etwa 200 Exemplare mit Ra-
484 1894 2280 1977 dierungen nach Entwürfen von Slevogt für Subskribenten herstellen
482 1968 2399 2058 und mir dann die Illustrationen für eine billige Ausgabe zur Verfügung
484 2044 2390 2166 stellen. Bei dem billigen Verkaufspreis von etwa 2-3 Mark wäre das der
482 2142 2378 2280 einzig gangbare Weg, um das hohe Honorar für eine zeichnerische Kraft
489 2228 1169 2349 ersten Ranges zu tragen.
649 2275 2325 2433 Vielleicht wird sich später ein ähnliches Arrangement mit dem
496 2390 2311 2538 Wiener Verlag treffen lassen, wenn Sie finden sollten, dass die Il-
484 2483 1619 2619 lustrationen von Schmutzer gelungen sind.
732 2576 1784 2717 Wir werden heute Abend bei Ihnen sein.
1264 2643 1898 2810 Mit herzlichen Grüssen
1870 2757 2237 2886 Ihr ergebener
1972 2833 2406 3046 F. Fischer
