2659 3464
1041 153 1189 247 230
280 182 2206 376 S. FISCHER, VERLAG, BERene W. BÜLowSTRASSE 90
1033 306 1484 457 Theaterabteilung
1557 509 1928 633 den 28/5. 11
477 766 1248 903 Herrn Dr. Arthur Schnitzler
1861 843 2068 986 Wien
452 1009 996 1142 Sehr geehrter Herrl
433 1137 2361 1326 Im Anschluss an unsern Brief vom 16. da, geben wir Ihnen anliegend eine
322 1235 2302 1422 Aufstellung der Einnahmen betreffend „Komtesse Minst“ in Düsseldorf, aus
337 1326 2424 1500 welcher hervorgeht, dass die Aufführung am 23/8. 10 richtig verrechnet wurde.
332 1422 2289 1596 Ein Versehen liegt nur in sofern vor, als wir versäumt haben, diese Auf-
343 1497 2377 1679 führung in unsern Aufstellungen aufzuführen, (wir verweisen hierzu ergebenst
348 1601 2323 1788 auf unsere Abrechnung von 1/8. 10 und 25/4. 11) was wir zu entschuldigen
566 1736 2403 1951 Betreffend Mannheim erhalten Sie ebenfalls in Anlage eine Abschrift
356 1772 563 1866 bitten.
363 1832 2442 2034 des von der Intendanz des Hoftheaters eingegangenen Bescheids. Den entspree-
319 1949 2289 2123 chenden Betrag verrechnen wir nach Eingang, gelegentlich der nächsten Ab-
363 2118 636 2242 rechnung.
1521 2107 1988 2229 Hochachtungsvoll
1586 2206 1845 2320 ergebenst
1591 2356 2071 2419 S. FISCHER, VERLAG
1611 2406 2060 2473 THEATERABTEILUNG
1503 2447 1611 2566 Ppe
1541 2419 2250 2598 leib Schun
418 2922 628 3028 EINLAGE
