2743 3223
2063 184 2284 323 12/1
2346 219 2510 372 04
645 292 2435 440 Berlin zweifelhaft, so ist jedenfalls der Vorteil der vorherigen
657 417 1199 535 Garantie gesichert.
789 502 2473 605 Von Louise Dumont ist noch keine Nachricht eingetroffen. Herr
652 553 2541 711 Dr. Schmidt sagt mir, dass seines Wissens die Dumont mit dem Ensemble
657 666 2470 810 Lindemann reist, was aber nicht ausschliessen würde, dass sie auch
657 789 1632 900 einige Wochen bei Bock sein könnte.
789 845 2494 984 Nach Mannheim und Stuttgart hat Herr Dr. Schmidt, Ihren Wunsch
657 921 2473 1046 anticipierend, schon vorher geschrieben, Antwort von beiden Bühnen
652 1015 1093 1152 steht noch aus.
791 1083 2444 1229 Bezüglich der Buchausgabe bitte ich Sie, mir mitzuteilen, ob
652 1206 2468 1319 wir mit der Drucklegung in der jetzigen Form beginnen können. Wenn
662 1305 2480 1404 das Buch einige Tage vor dem 15. Februar fertig sein soll, so müss-
659 1389 2461 1505 te mit der Drucklegung bald begonnen werden. Ich müsste daher bit-
638 1477 2072 1568 ten, etwaige Aenderungen mir recht bald zuzusenden.
763 1559 2539 1663 Es scheint mir fast, als ob wir gut thäten, Ihr Buch diesmal vor
655 1658 2525 1750 der Aufführung an die Kritik zu versenden und vielleicht auch vorher
652 1747 2513 1837 der Oeffentlichkeit zu übergeben. Ihr Werk „Der einsame Weg ist in
652 1823 2527 1941 so feinen, leisen Pastellfarben gemalt, der Dalog enthält eine sol-
645 1924 2456 2021 che Fülle wundervoll geformter Aphorismen, dass die Bühnenwirkung
652 2006 2407 2127 durch die genaue Kenntnis des Verkes nur vorteilhaft beinflusst
652 2089 2522 2204 werden könnte. Vielleicht überlegen sie sich diesen Punkt in Gemein-
652 2190 1152 2315 schaft mit Brahm.
1029 2263 1674 2402 Mit herzlichen Grüssen
1686 2348 2079 2470 Ihr ergebener
1691 2430 2094 2565 Hischer
