2196 3495
944 508 1065 628 175
490 583 1764 736 S. FISCHER, VERLAG,’ BERLIN W., BÜLowSTR. 90
1057 795 1738 943 BERene W., DEN... 9.' Sept. '03
585 1129 1285 1238 Herrn Dr. Arthur Schnitzler
1298 1205 1587 1299 Wien XVIII
1200 1280 1577 1364 Spöttelgasse 7
676 1253 834 1442 G.H.F.P.
715 1418 1206 1508 Lieber Herr Doktor,
822 1479 1828 1600 es freut mich Ihnen mitteilen zu können,
572 1616 1842 1733 dass sich der „Weg ins Freie“ auf fortschreitender
577 1701 1785 1823 Bahn bewegt. Ich habe mich deshalb entschlossen,
585 1749 1820 1900 gleich weitere 7 Auflagen zu drucken, so dass wir
580 1895 1369 1979 bis zur 20.' Auflage vordringen.
728 1961 1847 2064 Das Honorar für die neuen 7 Auflagen und für:
575 2072 1740 2196 die restierenden zwei Auflagen im Betrage von
588 2167 1757 2250 M. 11250.- (Elftausendzweihundertfünfzig Mark):
588 2262 1385 2384 überweisen wir Ihrem Bankkonto.
753 2307 1828 2459 Würden Sie mir eine gute neue Photographie
589 2414 1879 2538 überlassen können? Ich möchte Ihr Porträt in meinen
591 2528 1396 2670 Weihnachtsprospekten abdrucken.
