2819 3624
1326 224 1488 361 348
1007 329 2176 565 Fischer. Verlag. Berlin
678 548 2309 661 Amt Löyow 1662 u. 6162 Theaterabteilung postscheckkonto Nr. 16é92
1120 629 1884 737 Berlin W 57, Bülowstraße Nr. 90
1228 695 1815 830 Den 7. Januar, 191 5
1685 803 1869 894 G.H.F.P.
1243 823 1407 899 G.H.F.P
1678 860 1990 978 ren nicht
1545 955 2134 1076 werden darum auch künft
1678 1046 2147 1169 je nach Lage eine
786 1046 1587 1194 Herrn Dr. Arthur Schnitzler
2152 1054 2329 1240 wien
1845 1147 2088 1245 eldetvers
1282 1152 1439 1272 P.S.
1663 1226 2021 1334 Verkennung des
813 1248 1376 1442 Sehr geehrter Herr!
1326 1307 2149 1444 haben sollte, würden wir gegen
803 1400 2628 1520 In Abwesenheit von Herrn Fischer erlauben wir uns auf Ihr Schrei-
671 1474 2589 1643 ben vom 29. v. Mts., das erst jetzt in unsere Hände gekommen ist, zu
646 1572 2532 1727 erwidern, dass alle Bühnenvertriebsfirmen während der Kriegsmonate
688 1653 2660 1798 die Tantiemen ermässigen, soweit es sich wenigstens um bereits gespiel-
693 1749 2626 1904 te Stücke handelt. Die Berechtigung dazu ist auch nicht zu verkennen,
702 1854 2594 1992 weil in der Tat die Einnahmen der Theater, wie die Kassenrapporte be-
702 1936 2464 2085 weisen, so stark gesunken sind, dass von einer Bereicherung der
705 2029 2582 2164 Direktionen nicht gesprochen werden kann. Mit wenigen Ausnahmen ist
712 2117 2584 2274 die Lage so, dass lediglich in Interesse der Schauspieler überhaupt
712 2213 2567 2341 gespielt wird und es unterliegt keinem Zweifel, dass die Bühnen ge-
727 2289 2589 2461 zwungen werden, ganz zu schliessen, wenn ihnen jedes Entgegenkommen
725 2417 1132 2540 versagt würde.
879 2414 2667 2606 Aus diesen Erwägungen heraus haben wir, bevor Ihr Schreiben ein-
727 2582 2530 2717 gelaufen ist, eine Anzahl von Verträgen zu niedrigeren Sätzen als
727 2665 2289 2788 üblich abgeschlossen, worüber wir die Berichte beifügen.
874 2714 2599 2889 Im allgemeinen düffte die Lage so liegen, dass wir in einigen
720 2842 2277 2979 Fällen war die regulären Tantiensätze erswingen können
720 2923 2294 3097 meinen aber nachgeben müssen, wenn wir überhaupt neue Abri¬
742 3016 2247 3191 wollen. Es liegt auf der Hand, dass die Theater, welche
