2649 3465
1194 159 1341 274 acq
1119 229 1253 360 259
406 274 518 435 11.
631 329 2021 468 S. Fischer, Verlag, Berlin W., Bülowstrasse 90
1739 428 2226 543 den 12. Okt. 1911
823 814 1582 958 Herrn Dr. Arthur Schnitzler
1584 871 1886 1028 Wien XVIII
501 1143 1041 1271 Lieber Herr Doktor,
702 1253 2189 1357 ich mache Sie darauf aufmerksam, dass mit Russland vor-
510 1359 2253 1447 aussichtlich nächstes Jahr eine literarische convention zustande
507 1425 2277 1555 kommt. Schon jetzt kann, unter allerdings noch sehr zweifelhaften
512 1544 2116 1613 Umständen, ein gewisser Schutz in Russland erreicht werden.
668 1615 2233 1730 Geben Sie nichts für Russland weg; ich habe mit einer der
510 1710 2233 1822 grössten Firmen in Russland eine Vereinbarung getroffen, wonach
512 1807 2253 1895 ich ihr alles, vorüberreich verfügen kann,vorlege. Die Firma ist
518 1895 2226 2008 verpflichtet, innerhalb 14 Tagen über Annahme oder Ablehnung zu
516 1959 2248 2078 entscheiden. Die Honorarvereinbarung geschieht von Fall zu Fall.
697 2080 2175 2160 Für den neuen Roman von Hauptmann habe ich ein Honorar
525 2160 2259 2257 von 5000 Mark bezahlt bekommen, obgleich er in Russland nicht ge-
518 2246 2250 2354 schützt sein wird, weil er erst im Berliner Tageblatt erscheint.
516 2343 2279 2447 Für ein Drama Hauptmanns bekomme ich wahrscheinlich 3000 Mark und
518 2427 1211 2526 die Hälfte der Tantiemen.
752 2526 2334 2625 Bei den Uebersetzungsarbeiten ins Russiche wird vorwiegend
514 2597 1264 2736 Ossip Dymow beteiligt sein.
958 2670 1575 2802 Mit herzlichen Grüssen
1628 2751 1752 2837 Ihr
1513 2809 1970 2985 G Tischer
