2758 3463
992 188 1812 418 S. FISCHER,VERLAGT
1450 423 2349 626 BERene W., DEN 26/6.03
344 542 577 626 TELEPHON:
1455 562 1930 681 BÜLÖWSTRASSE 90/91.
337 611 579 710 AMT VI, 1662
648 681 1460 856 Lieber Herr Doctor,
609 777 2574 975 ich danke Ihnen für den Gruß den ich nemlich
616 889 2567 1015 aus der itralienischen Schweiz bekommen habe.
619 970 2468 1126 Steht für den Sommer Sival auf Hirens
621 1025 2510 1193 program 2. Wir übersiedeln gerade jetzt
606 1141 2579 1289 nach dem Grunewald, in ein kleines, hübsches
636 1233 2564 1351 Landhaus mit Garten und Cennisplatz.
609 1294 2594 1448 und zwar nicht nur für den Sommer sondern
616 1369 2596 1520 Fürs ganze Jahr und hoffentlich für immer,
626 1440 2542 1596 Ich mache mir die Illustrion im Grunewald
626 1544 2596 1690 das Leben eines Mannes führen zu können, der
621 1582 2611 1765 auf seinem eingestainten Landgut den tollen
658 1700 2596 1854 Schrüngen der Stadt aus beruhigender Ent¬
646 1794 2614 1943 fernung zu schant. Wenn sich das mit meiner
646 1846 2586 2030 Berufsthätigkeit ein wenig verträgt wird
651 1948 2581 2124 meine soziale Frage für die nächste
676 2044 1559 2223 Zeit gelöst sein
668 2101 2643 2284 Die anliegende Mahnung bezieht sich auf eine
698 2190 2638 2361 Zuschrift. Die ich Ihnen neulich übermittelt habe;
678 2255 2611 2445 Würden Sie mir in Zukunft auch den Bühnen¬
658 2406 2643 2527 vertrieb Ihrer dramatischen Werke übertragen
673 2440 2633 2606 wollen? Ich organisiere den Verkehr mit der
693 2547 2651 2710 Bühnen in den Weise, dass ich in jeder Stadt
686 2619 2633 2779 einen fortimentsbuchhändler als Vertrauens¬
688 2722 2663 2856 mann heranziehe, dem die Verrechnung und die
703 2817 2663 2920 Confrolle mit der Bühne seiner Stadt oder eines
747 2891 2668 3079 Jezirks obliegen würde. Ich errichte durchaus
2341 2958 2666 3057 Reine
