<?xml version="1.0" encoding="UTF-8" standalone="yes"?>
<PcGts xmlns="http://schema.primaresearch.org/PAGE/gts/pagecontent/2013-07-15" xmlns:xsi="http://www.w3.org/2001/XMLSchema-instance" xsi:schemaLocation="http://schema.primaresearch.org/PAGE/gts/pagecontent/2013-07-15 http://schema.primaresearch.org/PAGE/gts/pagecontent/2013-07-15/pagecontent.xsd">
    <Metadata>
        <Creator>prov=READ-COOP:name=TrHtr:version=2.1.0:model_id=51170:date=26_07_2023_22:33</Creator>
        <Created>2023-05-02T08:10:57.300+02:00</Created>
        <LastChange>2023-07-26T22:33:24.437+02:00</LastChange>
        <TranskribusMetadata docId="1416742" pageId="54955296" pageNr="592" tsid="131085430" status="IN_PROGRESS" userId="64420" imgUrl="https://files.transkribus.eu/Get?id=JINZWOHSOJLXLJMEBRKMHXQG&amp;fileType=view" xmlUrl="https://files.transkribus.eu/Get?id=WGAGGSYXEXOEGZKOCGCNUGMJ" imageId="44459021"/>
    </Metadata>
    <Page imageFilename="1416742_0592.jpg" imageWidth="2560" imageHeight="3593">
        <ReadingOrder>
            <OrderedGroup id="ro_1711827480315" caption="Regions reading order">
                <RegionRefIndexed index="0" regionRef="tr_1"/>
            </OrderedGroup>
        </ReadingOrder>
        <TextRegion id="tr_1" custom="readingOrder {index:0;}">
            <Coords points="71,406 2259,406 2259,2818 71,2818"/>
            <TextLine id="tr_1_tl_1" custom="readingOrder {index:0;}">
                <Coords points="459,523 958,578 1364,483 1844,504 1849,363 1641,332 1345,406 1204,365 965,435 461,423"/>
                <Baseline points="471,501 510,501 555,501 599,498 644,495 689,495 734,495 778,492 823,492 868,486 913,486 957,486 1002,489 1047,483 1092,477 1136,477 1181,477 1226,474 1271,474 1316,474 1360,471 1405,471 1450,468 1495,465 1539,465 1584,462 1629,462 1674,462 1718,459 1763,459 1808,456 1853,462"/>
                <TextEquiv>
                    <Unicode>S. Fischer Verlag, Berlin Wi., Bülowstrasse 90</Unicode>
                </TextEquiv>
            </TextLine>
            <TextLine id="tr_1_tl_2" custom="readingOrder {index:1;}">
                <Coords points="1104,609 1144,614 1156,604 1173,619 1202,607 1240,631 1273,626 1297,607 1354,626 1400,616 1405,506 1323,499 1278,533 1235,514 1206,523 1170,514 1125,545 1106,545"/>
                <Baseline points="1119,581 1136,578 1181,578 1226,578 1271,575 1316,572 1360,569 1405,569"/>
                <TextEquiv>
                    <Unicode>1/XI. 1912</Unicode>
                </TextEquiv>
            </TextLine>
            <TextLine id="tr_1_tl_3" custom="readingOrder {index:2;}">
                <Coords points="375,1044 686,1065 800,1003 936,1015 1010,989 1149,1020 1154,905 1058,891 994,936 862,946 817,924 793,946 635,932 542,953 380,915"/>
                <Baseline points="390,999 396,999 441,1002 486,999 531,999 575,999 620,996 665,996 710,993 755,993 799,990 844,990 889,987 934,987 978,984 1023,984 1068,981 1113,981 1157,981"/>
                <TextEquiv>
                    <Unicode>Herrn Dr. Arthur Schnitzler</Unicode>
                </TextEquiv>
            </TextLine>
            <TextLine id="tr_1_tl_4" custom="readingOrder {index:3;}">
                <Coords points="1123,1099 1151,1106 1163,1094 1204,1111 1252,1089 1321,1087 1323,1006 1295,1006 1290,998 1276,1010 1256,1008 1225,1025 1204,1025 1187,1015 1149,1025 1125,1018"/>
                <Baseline points="1139,1077 1148,1077 1193,1068 1238,1068 1283,1068 1327,1071"/>
                <TextEquiv>
                    <Unicode>Wien</Unicode>
                </TextEquiv>
            </TextLine>
            <TextLine id="tr_1_tl_5" custom="readingOrder {index:4;}">
                <Coords points="337,1323 466,1340 571,1316 666,1338 714,1316 884,1350 891,1127 803,1166 714,1151 638,1192 590,1180 385,1230 342,1221"/>
                <Baseline points="352,1277 396,1274 441,1271 486,1268 531,1271 575,1268 620,1268 665,1265 710,1265 755,1262 799,1262 844,1262 889,1265"/>
                <TextEquiv>
                    <Unicode>Lieber Herr Doktor,</Unicode>
                </TextEquiv>
            </TextLine>
            <TextLine id="tr_1_tl_6" custom="readingOrder {index:5;}">
                <Coords points="440,1417 702,1462 1132,1393 2238,1381 2241,1285 440,1362"/>
                <Baseline points="453,1405 498,1402 543,1405 587,1402 632,1399 677,1399 722,1396 766,1396 811,1393 856,1393 901,1396 945,1393 990,1390 1035,1387 1080,1387 1125,1384 1169,1381 1214,1378 1259,1375 1304,1375 1348,1375 1393,1372 1438,1372 1483,1369 1527,1369 1572,1366 1617,1366 1662,1366 1706,1363 1751,1363 1796,1363 1841,1360 1886,1357 1930,1354 1975,1357 2020,1354 2065,1351 2109,1348 2154,1345 2199,1345 2244,1345"/>
                <TextEquiv>
                    <Unicode>der Anatol-Erfolg in Amerika wird sicher zur Folge haben, dass das</Unicode>
                </TextEquiv>
            </TextLine>
            <TextLine id="tr_1_tl_7" custom="readingOrder {index:6;}">
                <Coords points="86,1457 117,1467 150,1443 191,1445 208,1433 239,1443 258,1428 275,1445 284,1436 299,1443 327,1436 332,1388 308,1383 291,1366 275,1364 253,1378 229,1359 182,1369 153,1354 98,1352"/>
                <Baseline points="101,1435 110,1435 155,1432 199,1426 244,1420 289,1414 334,1408"/>
                <TextEquiv>
                    <Unicode>Slicher.</Unicode>
                </TextEquiv>
            </TextLine>
            <TextLine id="tr_1_tl_8" custom="readingOrder {index:7;}">
                <Coords points="327,1519 2009,1495 2214,1460 2243,1393 330,1455"/>
                <Baseline points="343,1498 367,1498 411,1498 456,1498 501,1495 546,1495 590,1492 635,1489 680,1489 725,1489 769,1489 814,1486 859,1483 904,1480 948,1480 993,1477 1038,1477 1083,1474 1128,1474 1172,1471 1217,1471 1262,1468 1307,1465 1351,1465 1396,1465 1441,1462 1486,1462 1530,1459 1575,1459 1620,1456 1665,1453 1709,1453 1754,1453 1799,1450 1844,1450 1889,1447 1933,1444 1978,1444 2023,1444 2068,1441 2112,1441 2157,1441 2202,1438 2247,1441"/>
                <TextEquiv>
                    <Unicode>Ausland sich um dieses Stück kümmern wird. Heute war eine Dame da, die</Unicode>
                </TextEquiv>
            </TextLine>
            <TextLine id="tr_1_tl_9" custom="readingOrder {index:8;}">
                <Coords points="57,1522 103,1505 134,1519 160,1507 182,1522 201,1512 215,1524 265,1524 265,1443 193,1438 124,1467 93,1445 76,1450 57,1443"/>
                <Baseline points="71,1498 116,1498 161,1498 205,1492 250,1495 271,1501"/>
                <TextEquiv>
                    <Unicode>keit nicht</Unicode>
                </TextEquiv>
            </TextLine>
            <TextLine id="tr_1_tl_10" custom="readingOrder {index:9;}">
                <Coords points="337,1612 1899,1586 2250,1543 2253,1488 339,1538"/>
                <Baseline points="349,1587 378,1587 423,1587 468,1584 513,1584 558,1581 602,1581 647,1578 692,1578 737,1578 781,1575 826,1572 871,1572 916,1569 960,1566 1005,1566 1050,1563 1095,1563 1139,1560 1184,1557 1229,1557 1274,1554 1319,1554 1363,1554 1408,1551 1453,1551 1498,1548 1542,1548 1587,1545 1632,1545 1677,1542 1721,1542 1766,1539 1811,1539 1856,1536 1900,1536 1945,1533 1990,1533 2035,1530 2080,1530 2124,1530 2169,1527 2214,1524 2259,1527"/>
                <TextEquiv>
                    <Unicode>für Italien das Uebersetzungsrecht haben wollte. Bitte lassen Sie mich</Unicode>
                </TextEquiv>
            </TextLine>
            <TextLine id="tr_1_tl_11" custom="readingOrder {index:10;}">
                <Coords points="81,1586 134,1581 141,1589 167,1581 184,1586 193,1600 208,1598 239,1574 282,1572 287,1517 229,1529 201,1514 177,1519 158,1507 148,1517 141,1512 129,1519 122,1510 86,1505"/>
                <Baseline points="95,1578 110,1572 155,1569 199,1566 244,1563 289,1560"/>
                <TextEquiv>
                    <Unicode>Vertfait</Unicode>
                </TextEquiv>
            </TextLine>
            <TextLine id="tr_1_tl_12" custom="readingOrder {index:11;}">
                <Coords points="332,1715 1844,1672 2198,1632 2202,1538 1801,1600 991,1579 483,1643 334,1600"/>
                <Baseline points="346,1677 370,1677 414,1677 459,1674 504,1674 549,1674 593,1671 638,1668 683,1668 728,1665 772,1665 817,1662 862,1662 907,1659 951,1656 996,1656 1041,1653 1086,1650 1131,1650 1175,1650 1220,1647 1265,1644 1310,1644 1354,1644 1399,1644 1444,1641 1489,1641 1533,1638 1578,1635 1623,1635 1668,1635 1712,1632 1757,1629 1802,1629 1847,1629 1891,1626 1936,1626 1981,1623 2026,1620 2071,1620 2115,1617 2160,1617 2205,1620"/>
                <TextEquiv>
                    <Unicode>wissen, für welche Länder Sie „Anatol“ vergeben haben. Ich mache Sie</Unicode>
                </TextEquiv>
            </TextLine>
            <TextLine id="tr_1_tl_13" custom="readingOrder {index:12;}">
                <Coords points="81,1667 129,1677 174,1653 196,1663 213,1658 239,1636 265,1651 296,1651 301,1586 270,1584 251,1596 246,1591 201,1603 167,1579 150,1589 88,1579"/>
                <Baseline points="95,1650 122,1647 167,1644 211,1638 256,1632 301,1635"/>
                <TextEquiv>
                    <Unicode>dahr. 16)</Unicode>
                </TextEquiv>
            </TextLine>
            <TextLine id="tr_1_tl_14" custom="readingOrder {index:13;}">
                <Coords points="337,1789 1462,1734 2179,1770 2210,1667 339,1727"/>
                <Baseline points="352,1769 378,1766 423,1766 468,1763 513,1763 558,1763 602,1760 647,1757 692,1757 737,1754 781,1754 826,1754 871,1751 916,1748 960,1745 1005,1745 1050,1742 1095,1742 1139,1739 1184,1736 1229,1736 1274,1733 1319,1733 1363,1733 1408,1730 1453,1727 1498,1727 1542,1727 1587,1727 1632,1724 1677,1721 1721,1721 1766,1718 1811,1718 1856,1715 1900,1715 1945,1715 1990,1712 2035,1712 2080,1709 2124,1706 2169,1706 2214,1709"/>
                <TextEquiv>
                    <Unicode>darauf aufmerksam, dass "Anatol" im Ausland frei ist (wie jedes Werk,</Unicode>
                </TextEquiv>
            </TextLine>
            <TextLine id="tr_1_tl_15" custom="readingOrder {index:14;}">
                <Coords points="1235,1784 1268,1794 1388,1780 1414,1792 1450,1775 1512,1789 1512,1741 1500,1737 1412,1741 1405,1749 1342,1741 1333,1751 1314,1739 1299,1749 1285,1741 1264,1756 1235,1746"/>
                <Baseline points="1247,1772 1292,1772 1336,1772 1363,1772 1372,1772 1384,1769 1429,1769 1474,1766 1518,1757"/>
                <TextEquiv>
                    <Unicode>ou vous en avez eu une autre</Unicode>
                </TextEquiv>
            </TextLine>
            <TextLine id="tr_1_tl_16" custom="readingOrder {index:15;}">
                <Coords points="330,1882 1342,1837 2018,1894 2136,1863 2140,1753 1099,1804 628,1765 332,1823"/>
                <Baseline points="346,1856 355,1856 399,1856 444,1856 489,1853 534,1853 578,1850 623,1847 668,1847 713,1844 757,1844 802,1841 847,1841 892,1838 937,1838 981,1835 1026,1835 1071,1832 1116,1829 1160,1829 1205,1826 1250,1826 1295,1823 1339,1823 1384,1820 1429,1820 1474,1817 1518,1817 1563,1814 1608,1811 1653,1811 1698,1811 1742,1808 1787,1808 1832,1808 1877,1805 1921,1802 1966,1802 2011,1799 2056,1799 2100,1796 2145,1796"/>
                <TextEquiv>
                    <Unicode>das nicht 10 Jahre nach Erscheinen übersetzt ist). Wir werden also</Unicode>
                </TextEquiv>
            </TextLine>
            <TextLine id="tr_1_tl_17" custom="readingOrder {index:16;}">
                <Coords points="337,1985 461,1995 537,1949 1221,1937 1223,1861 946,1885 901,1858 781,1878 614,1851 554,1906 339,1906"/>
                <Baseline points="349,1945 376,1945 420,1945 465,1942 510,1942 555,1939 599,1936 644,1936 689,1936 734,1933 778,1930 823,1930 868,1927 913,1927 957,1924 1002,1921 1047,1921 1092,1918 1136,1918 1181,1918 1226,1915"/>
                <TextEquiv>
                    <Unicode>nehmen müssen, was wir bekommen.</Unicode>
                </TextEquiv>
            </TextLine>
            <TextLine id="tr_1_tl_18" custom="readingOrder {index:17;}">
                <Coords points="423,2088 1030,2016 1851,2035 2157,1987 2159,1925 1082,1930 994,1978 659,1942 428,1992"/>
                <Baseline points="438,2035 462,2032 507,2032 552,2029 596,2029 641,2026 686,2026 731,2023 775,2023 820,2020 865,2020 910,2017 954,2014 999,2014 1044,2011 1089,2011 1134,2008 1178,2008 1223,2005 1268,2002 1313,2002 1357,2002 1402,1999 1447,1999 1492,1996 1536,1996 1581,1993 1626,1993 1671,1993 1715,1990 1760,1987 1805,1987 1850,1984 1894,1981 1939,1978 1984,1981 2029,1978 2074,1975 2118,1972 2163,1972"/>
                <TextEquiv>
                    <Unicode>Ich erwarte noch Ihre Antwort auf meine Anfrage wegen des "Bern-</Unicode>
                </TextEquiv>
            </TextLine>
            <TextLine id="tr_1_tl_19" custom="readingOrder {index:18;}">
                <Coords points="590,2155 1020,2112 1885,2140 1966,2076 2143,2081 2145,2035 595,2038"/>
                <Baseline points="602,2124 620,2124 665,2124 712,2122 712,2122 716,2118 760,2109 805,2109 850,2109 895,2106 940,2103 984,2103 1029,2103 1074,2100 1119,2100 1163,2097 1208,2097 1253,2094 1298,2094 1342,2091 1387,2088 1432,2088 1477,2085 1521,2085 1566,2082 1611,2082 1656,2082 1701,2080 1745,2077 1790,2077 1835,2074 1880,2071 1924,2071 1969,2068 2014,2068 2059,2065 2103,2065 2148,2065"/>
                <TextEquiv>
                    <Unicode>ir München. Stolberg und Robert bemühen sich um das Stück.</Unicode>
                </TextEquiv>
            </TextLine>
            <TextLine id="tr_1_tl_20" custom="readingOrder {index:19;}">
                <Coords points="346,2176 389,2169 411,2181 432,2169 456,2181 487,2164 502,2176 523,2159 542,2174 559,2169 595,2179 597,2073 580,2069 552,2085 506,2071 480,2090 444,2095 397,2088 389,2095 375,2083 349,2081"/>
                <Baseline points="361,2124 378,2127 423,2124 468,2124 513,2124 558,2118 602,2124"/>
                <TextEquiv>
                    <Unicode>hardi" fim</Unicode>
                </TextEquiv>
            </TextLine>
            <TextLine id="tr_1_tl_21" custom="readingOrder {index:20;}">
                <Coords points="346,2265 518,2217 2011,2212 2131,2116 351,2176"/>
                <Baseline points="361,2214 387,2214 432,2214 477,2211 522,2208 567,2208 611,2205 656,2205 701,2202 746,2202 790,2199 835,2196 880,2196 925,2193 969,2193 1014,2190 1059,2190 1104,2190 1148,2187 1193,2184 1238,2184 1283,2184 1327,2181 1372,2178 1417,2178 1462,2175 1507,2175 1551,2172 1596,2169 1641,2169 1686,2169 1730,2166 1775,2163 1820,2163 1865,2160 1909,2160 1954,2160 1999,2157 2044,2154 2088,2151 2133,2154"/>
                <TextEquiv>
                    <Unicode>Ich höre, dass bei Robert besser gespielt werden könnte, indessen</Unicode>
                </TextEquiv>
            </TextLine>
            <TextLine id="tr_1_tl_22" custom="readingOrder {index:21;}">
                <Coords points="351,2308 1565,2312 2090,2265 2147,2248 2152,2150 1983,2214 354,2265"/>
                <Baseline points="364,2300 408,2300 453,2300 498,2300 543,2300 587,2297 632,2297 677,2294 722,2291 766,2291 811,2288 856,2285 901,2285 945,2282 990,2282 1035,2279 1080,2279 1125,2276 1169,2276 1214,2273 1259,2273 1304,2273 1348,2270 1393,2270 1438,2268 1483,2265 1527,2265 1572,2262 1617,2262 1662,2259 1706,2259 1751,2256 1796,2253 1841,2253 1886,2250 1930,2247 1975,2247 2020,2244 2065,2241 2109,2241 2154,2241"/>
                <TextEquiv>
                    <Unicode>werden wir es doch wohl davon abhängig machen, wer eine höhere Ga-</Unicode>
                </TextEquiv>
            </TextLine>
            <TextLine id="tr_1_tl_23" custom="readingOrder {index:22;}">
                <Coords points="354,2441 1209,2372 1894,2415 2233,2353 2236,2296 1412,2324 1280,2276 356,2343"/>
                <Baseline points="367,2396 405,2393 450,2393 495,2390 540,2390 584,2390 629,2387 674,2384 719,2381 763,2381 808,2381 853,2378 898,2375 943,2372 987,2372 1032,2372 1077,2369 1122,2369 1166,2366 1211,2366 1256,2363 1301,2363 1345,2360 1390,2360 1435,2357 1480,2357 1524,2354 1569,2354 1614,2351 1659,2351 1703,2348 1748,2348 1793,2348 1838,2345 1883,2345 1927,2339 1972,2339 2017,2336 2062,2336 2106,2333 2151,2333 2196,2330 2241,2330"/>
                <TextEquiv>
                    <Unicode>rantie bezahlt. Es ist übrigens nicht ausgeschlossen, dass die Zensur</Unicode>
                </TextEquiv>
            </TextLine>
            <TextLine id="tr_1_tl_24" custom="readingOrder {index:23;}">
                <Coords points="361,2530 631,2544 724,2489 910,2470 941,2494 1051,2468 1254,2482 1299,2465 1302,2408 1237,2384 1132,2415 1075,2386 884,2415 788,2389 645,2446 365,2441"/>
                <Baseline points="376,2485 411,2482 456,2482 501,2482 546,2479 590,2479 635,2476 680,2473 725,2473 769,2467 814,2467 859,2464 904,2464 948,2461 993,2461 1038,2458 1083,2458 1128,2456 1172,2456 1217,2453 1262,2453 1307,2453"/>
                <TextEquiv>
                    <Unicode>in Bayern Ihr Stück nicht zulässt.</Unicode>
                </TextEquiv>
            </TextLine>
            <TextLine id="tr_1_tl_25" custom="readingOrder {index:24;}">
                <Coords points="791,2580 817,2592 901,2563 963,2592 1061,2563 1159,2587 1285,2558 1405,2561 1409,2470 1273,2501 1199,2480 1092,2489 1061,2468 996,2501 793,2482"/>
                <Baseline points="805,2560 832,2557 877,2554 922,2554 966,2554 1011,2551 1056,2551 1101,2548 1145,2548 1190,2545 1235,2545 1280,2542 1324,2539 1369,2539 1414,2542"/>
                <TextEquiv>
                    <Unicode>Mit herzlichen Grüssen</Unicode>
                </TextEquiv>
            </TextLine>
            <TextLine id="tr_1_tl_26" custom="readingOrder {index:25;}">
                <Coords points="1440,2640 1483,2642 1498,2649 1510,2644 1524,2656 1548,2654 1553,2566 1536,2563 1526,2570 1524,2566 1510,2566 1500,2556 1481,2570 1443,2563"/>
                <Baseline points="1453,2629 1468,2626 1512,2626 1557,2623"/>
                <TextEquiv>
                    <Unicode>Ihr</Unicode>
                </TextEquiv>
            </TextLine>
            <TextLine id="tr_1_tl_27" custom="readingOrder {index:26;}">
                <Coords points="1362,2840 1474,2826 1493,2807 1517,2833 1579,2816 1600,2840 1675,2819 1698,2835 1746,2821 1775,2843 1844,2840 1849,2747 1780,2742 1713,2695 1689,2714 1584,2647 1567,2659 1488,2644 1436,2673 1374,2652"/>
                <Baseline points="1378,2808 1405,2805 1450,2802 1495,2796 1539,2793 1584,2787 1629,2784 1674,2784 1718,2784 1763,2784 1808,2781 1853,2781"/>
                <TextEquiv>
                    <Unicode>S. Fischer</Unicode>
                </TextEquiv>
            </TextLine>
        </TextRegion>
    </Page>
</PcGts>
