2158 3497
1721 583 2038 696 ###tember 1908.
7 618 342 745 Dienstbauck: „Gestügelbörse, Leipz
1261 620 1393 770 astraffe 18
7 720 248 794 schluß: Nr. 1216.
368 780 509 858 G.C.H.F.H
363 835 652 944 Dich machen
377 1097 1189 1268 S. Fischer. Verlag
1460 1245 1634 1360 ttritt
571 1411 1087 1573 Sehr geehrte Herren!
1187 1469 1275 1562 de ses
449 1527 2001 1708 Auf Ihre Anfrage nach der Firma J. Singer & Co. in Berlin teile
312 1650 819 1742 Ihnen folgendes mit.
1617 1640 2025 1752 ge und wird wohl
507 1671 1506 1789 es Verlagsgeschäft besteht noch nicht alles
1314 1745 1525 1828 enttätigkeit
211 1731 504 1867 auch jetzt
211 1789 1837 1930 an und auch jetzt noch im An - und Verkauf von Kamschartikeln best
217 1870 2062 1994 bisherige Inhaber, Herr J. Singer, auf dem Gebiete des Grossantiquariates be¬
217 1923 2043 2050 sonders versiert war. Ich habe selbst mit der Firma längere Zeit in Verbin¬
921 1983 2052 2082 wohl aus besonderer Veranlassung, die Kommissieren
217 2008 907 2115 dung gestanden, bis sie mir,
215 2038 2045 2177 onen plötzlich entzog. Inzwischen ist Herr Singer ausgetreten und hat sich
222 2119 2082 2217 in Charlottenburg neu mit einem gleichartigen Geschäfte etabliert. Hinsicht-
213 2173 2034 2304 lich der Solicität der Angefragten kann ich nichts ungünstiges berichten.
222 2254 2043 2348 Nährend sie mit mir in Verbindung stand, war das Geschäftsgebahren durchaus
932 2300 2011 2397 und jetzige Alleinbesitzer, Herr Loewe, hat,
231 2325 907 2432 einwandfrei. Der Mitinhaber
231 2372 2004 2483 wenn ich recht unterrichtet bin, ziemliche Kapitalien in das Geschäft ein
981 2427 1918 2534 wie ich hörte, von seinem Vater mit Ba
238 2453 944 2554 legt und ist neuerlich wieder
1411 2494 1631 2573 vom jet
972 2506 1071 2584 Gefüh¬
238 2520 870 2619 teln unterstützt worden. I
243 2584 935 2686 bei Gelegenheit einer Anfrage
241 2652 879 2749 Firma in Geschäftsverbinden.
252 2719 491 2814 mit auch xxx
