2624 3513
1086 234 1217 357 251
768 309 1844 472 S. Fischer, Verlag, Berlin W., Bülowstraße 90
1796 426 2259 568 den 2. Juni 1911
628 813 1388 960 Herrn Dr. Arthur Schnitzler
1388 907 1531 1031 Wien
472 1081 1013 1212 Lieber Herr Doktor,
584 1134 2310 1301 mit Robert haben wir abgeschlossen, weil sich für den "Einsamen
483 1283 2252 1427 Weg" in München keine Bühne gefunden hat. Der Termin für die Auf-
486 1372 2280 1492 führung läuft bis 1912, inzwischen soll das Theater für Robert um-
490 1457 2259 1574 gebaut werden. Wir haben uns eine Garantie von 200 Mark gesichert
506 1547 2268 1659 (mehr war nicht zu erzielen), die Summe ist zahlbar nach Freigabe
495 1647 1308 1773 des Stückes durch die Zensur.
605 1673 2351 1842 Ueber den Erfolg des "Medardus" in Prag bin ich unterrichtet. Es
506 1815 2346 1925 wird nichts anderes übrig bleiben, als abzuwarten, der Medardus wird
513 1922 1148 2025 sich schon durchsetzen.
605 1954 2294 2133 Die Durieux hat nicht ganz unrecht, das Berliner Theater kommt
522 2060 2323 2204 vielleicht für Ihr Stück in Betracht. Wir müssen aber erst noch ab-
518 2147 2307 2291 warten, wie sich das Ensemble des Berliner Theaters gestaltet. Die
509 2248 2328 2358 Direktoren Meinhard und Bernauer haben noch ein zweites Theater ge-
527 2332 2339 2475 pachtet, sie haben grosse Ambitionen und ich vermute, dass auch die
516 2452 1244 2550 Durieux dort spielen wird.
635 2493 2344 2621 Dass Lindau für das Kgl. Schauspielhaus abgelehnt hat, habe ich
529 2617 2358 2715 Ihnen ja schon geschrieben; er hat die Absage sehr richtig damit mo-
543 2699 2326 2804 tiviert, dass das Schauspielhaus Ihnen eine Aufführung, mit der es
543 2786 2355 2903 sich sehen lassen könnte, nicht bieten kann. Um Deutschland für den
550 2889 2381 2990 "Medardus" zu erobern, käme ausser Berlin in erster Linie München in
511 2969 2220 3105 Betracht. Das Hoftheater hat abgelehnt. Wenn sich der Intendant
