2646 3559
1775 253 2215 402 Blatt
301 255 1282 453 S. Fischer, Verlag, Berlin, 190.
417 652 2352 832 gut übersetzt ist oder wenn es nicht innerhalb eines gewissen Zeitraums
425 794 2106 923 veröffentlicht ist, Ihrer freien Verfügung wieder anheimfällt.
559 832 2332 986 Das Gesetzt legt die Prinzipien im Fundament zwar fest, schliesst
425 986 2147 1095 aber freie Vereinbarungen irgend welcher Art daneben nicht aus.
569 1042 2455 1178 Es gibt wohl kaum einen Autor, der mit Uebersetzungs-Miseren nicht zu
425 1130 2458 1317 kämpfen hat; es kommt eben darauf an, bei den Vereinbarungen mit den Ueber-
440 1252 1464 1373 setzern vorsichtig zu Werke zu gehen.
599 1328 2392 1446 Wir reisen morgen Abend über Venedig nach Rom, bleiben dort einige
443 1411 2301 1535 Tage und gehen dann nach Sorrent, wo wir bis etwa 20. April bleiben.
445 1507 2460 1631 Vielleicht ergibt sich ein Zusammentreffen an der Riviera di Ponente. Auch
445 1565 2430 1727 Hauptmann wohnt in Portofino bei Genua, und wir können es möglicher Weise
448 1684 2410 1795 einrichten, dass wir auf der Rückreise über Genua kommen. Wir würden uns
458 1775 2407 1892 sehr freuen, Ihnen dort zu begegnen. Bitte schicken Sie uns gelegentlich
450 1854 2362 2003 nach Sorrent, Hotel Victoria, eine Nachricht, wo Sie sich zwischen 20.
448 1977 1140 2084 und 30. April aufhalten.
597 2018 2220 2187 Wir wünschen Ihnen eine gute Reise und schöne Frühlingstage.
1019 2129 1560 2276 Herzlichst grüssend
1558 2218 1955 2344 Ihr ergebener
1682 2309 2160 2549 S. Fischer
