2235 3543
915 494 1078 660 287.
494 630 1788 779 S. FISCHER, VERLAG,“ BERLIN W., BÜLowSTR. 90
889 729 1389 858 THEATERABTEILUNG
1071 887 1820 1021 BERene W., DEN 15. Jtii 12.
598 1094 1404 1237 Herrn Dr. Arthur Schnitzler
1411 1184 1545 1308 Wien
690 1335 1262 1503 gehr geehrter Herr!
692 1533 1857 1669 Herr Dr. M. Baumfeld, der zukünftige Di-
471 1616 1887 1731 rektor des Deutschen Theaters New-York, will für
501 1720 1882 1809 die nächste Spielzeit das nZwischenspieln erwer-
494 1805 1905 1910 ben. Wir haben ihm als Bedingung einen Tantienen-
501 1896 1912 2012 satz von 5 % und die Vorausbezahlung einer Garan-
506 1988 1928 2113 tiesumme von M 400.- (Vierhundert Mark) angegeben.
503 2087 1910 2182 Herr Dr. Bauffeld ersucht uns nun um Nachlass der
512 2143 1915 2276 garantiesunne unter Hinweis auf sein persönliches
512 2255 1867 2343 Verhältnis zu Ihnen und unter der Annahme, dass
510 2333 1885 2446 Sie ihn selbst jedenfalls diesen Nachlass gewäh-
512 2430 851 2554 ren würden.
658 2469 1917 2636 Wir gestatten uns, an Sie die Frage zu tich-
