2744 3144
557 375 2419 480 schrift des Vertrages. Wenn Sie von diesem Modus abweichen wollten,
1674 457 1775 515 fahr
592 466 1477 522 wenden, konnte Ihnen vielleicht
571 471 2421 576 so wäre es Ihre Sache gewesen, in den Vorverhandlungen diese Bedin-
1196 557 1534 609 zu vertreten.
967 553 1175 618 die ich
611 557 934 623 die Autoren
571 553 2327 665 gung festzustellen, da Ihr nachträglicher Wunsch immerhin etwas
634 646 1089 712 ers finden, eine
1152 644 1325 707 erfahrung
571 623 2397 766 ungewöhnlich war. Ich habe daraufhin noch immer an Ihre bona fides
618 740 817 796 wünsche
569 742 2451 878 geglaubt und habe Herrn Dr. Schnitzler, der auf eine Vorausbezahlung
1686 808 1866 869 Hochach
1896 808 1999 862 cunq
569 812 2341 922 der Garantiesumme bestand, zu bewegen versucht, Ihnen noch nach¬
581 920 2388 1037 träglich freiwillig in diesem Punkte entgegenzukommen. Mit unserer
569 1023 2402 1128 Zuschrift vom 1. März haben wir Ihnen daraufhin angeboten, von den
583 1110 2299 1199 garantierten 5000 Mark 3000 Mark vorauszuzahlen, und 2000 Mark
583 1175 2323 1290 bei Ablauf des Vertrages. Inzwischen war es Ihnen offenbar aber
581 1236 2379 1381 nicht mehr ernst um die Sache; Sie haben, angeblich aus prinzipi-
581 1356 2430 1480 ellen Gründen, auch diese Forderung abgelehnt und haben es garnicht
583 1445 2238 1576 versucht, auf der gewonnenen Grundlage weiter zu verhandeln.
747 1515 2411 1653 Ich schreibe Ihnen das alles, obwohl Sie es sehr viel besser
590 1630 2456 1756 wissen wie ich, um Ihrem Wunsche, die Sache schriftlich zu fixieren,
592 1711 2472 1826 entgegenzukommen. Ich hätte gewünscht, Sie hätten auf meinen letzten
588 1798 2409 1915 Brief, anstatt einen beleidigten und entrüsteten Ton anzuschlagen,
597 1887 2411 1999 versucht, die Sache in einer für beide Teile möglichen Form wieder
592 1974 2444 2098 aufzunehmen. Ich kann aber nicht zugeben, dass in der von Ihnen be-
602 2042 2400 2168 liebten Weise die künstlerischen und materiellen Interessen eines
595 2145 2360 2278 Dichters von der Bedeutung Arthur Schnitzlers missachtet werden.
592 2238 2442 2365 Ich würde die Interessen der Autoren meines Verlages schlecht wahr-
592 2339 2421 2479 nehmen, wenn ich dazu schweigen würde, dass Sie es versucht haben,
597 2444 2426 2566 mich mit Ihrer Depesche vom 12. Februar vor der Premiere einseitig
602 2529 2395 2641 contractlich zu binden, während Sie für sich nach dem Ausfall der
597 2634 1964 2737 Premiere den Rücktritt vom Vertrage construieren.
735 2702 2353 2856 Ihre Drohung, sich an die Autoren meines Verlags direkt zu
