3221 3687
1426 297 1600 395 343
948 368 2516 558 S. Fischer, Verlag, Berlin VA., Bülowstrasse 90
1675 466 1986 596 29/6. 1914
919 887 1686 1015 Herrn Dr. Arthur Schnitzler
1723 953 1874 1072 Wien
820 1138 1234 1273 Lieber Freund,
964 1238 2637 1417 ich halte die Novellensammlungen, die Singer herausgibt, für
1456 1339 1938 1419 Mais elle lʼautre beaucoup de même
832 1360 2664 1485 schädlich, weil sie das Publikum zu einer oberflächlichen Kenntnis
841 1444 2667 1568 wichtiger Autoren verleiten wollen. Das Schädliche daran ist, dass
841 1540 2621 1661 der bequeme Leser glaubt, den Autor kennen zu lernen, wenn er in
841 1618 2651 1771 einem Band Novellen wichtiger Autoren beisammen findet. Ich halte
850 1723 2559 1851 es nicht für zweckmässig, Unternehmungen solcher Art zu unter-
850 1805 2612 1935 stützen, sie schaden ideell und materiell, denn für den Abdruck
850 1892 2488 2031 einer Novelle kommt für Sie dabei nur eine Lappalie heraus.
964 1967 2683 2109 Indessen bitte ich Sie, ganz nach Ihrem Ermessen zu verfahren;
861 2066 2683 2248 ich sehe in diesem Fall, auch für mich, mehr eine ideelle als eine
855 2205 1483 2306 materielle Schädigung.
1058 2244 2596 2376 Ich freue mich sehr, zu hören, dass Sie nach Pontresina
861 2335 2680 2500 gehen, wir werden von Mitte Juli an in Sils-Maria sein und hoffen
871 2484 1410 2612 sehr, Sie zu sehen.
1270 2507 1917 2676 Mit herzlichen Grüssen
1938 2596 2038 2726 Ihr
1933 2715 2338 2916 Fischer
640 3137 720 3245 F. 121
701 3181 795 3302 F. 121
