2627 3207
1109 183 1264 288 265
675 270 2073 396 S. Fischer, Verlag, Berlin W., Bülowstrasse 90
1853 345 2347 464 den 22. Jan. 1912
624 661 1416 800 Herrn Dr. Arthur Schnitzler
1395 736 1677 870 Wien XVIII
542 940 1086 1090 Lieber Herr Doktor,
1442 990 2296 1104 xxx, xxx dass mir tatsächlich beim
682 1065 2368 1231 wenn der Haupttitel "Gasammelte Werke" lauten soll, so liegt
556 1156 2390 1309 darin eine Versprechung für die zweite Abteilung der Theaterstücke.
556 1243 2408 1407 Jeder Käufer würde selbstverständlich die zweite Abteilung in nicht
558 1323 2441 1489 zu ferner Zeit erwarten, denn es ist ja klar, dass Ihre "Gesammelten
560 1437 2385 1585 Werke" nicht ohne die Theaterstücke erscheinen können. Wählen wir
560 1503 2289 1665 dagegen den Titel "Die erzählenden Schriften gesammelt", so wei
560 1611 2373 1754 jeder, dass es sich einstweilen nur um diese Gattung handelt. Ich
565 1688 2397 1855 glaube, dass uns nichts übrig bleibt als diesen letzteren Titel zu
575 1792 2354 1932 wählen. Kommen wir aus der Erfahrung der ersten Abteilung zu dem
567 1874 2439 2040 Entschluss, die zweite Abteilung erscheinen zu lassen, so wird diese
577 1944 2375 2118 zweite Abteilung eben heissen müssen: "Die dramatischen Schriften
577 2045 2394 2207 gesammelt“. Auch diese zweite Abteilung dürfte dann übrigens nicht
579 2179 1255 2307 mehr als 10 Mark kosten.
743 2247 2324 2371 Die chronologische Anordnung, die Sie für die erzählenden
584 2336 2312 2467 Schriften vorschlagen, ist unbedingt vorzuziehen. Die einzelnen
584 2415 2291 2563 Bände werden sich um Umfang ungefähr das Gleichgewicht halten.
598 2504 2418 2650 Wollen Sie mir freundlichst die beiden Novellen "Der blinde Garonim
596 2594 2434 2734 und "Die griechische Tänzerin" schicken. Ich hätte zwar gern auch ein
593 2687 2354 2828 unveröffentlichte Hovelle in diesem Werk, aber wir können ja auch
603 2791 1238 2948 die "Hirtenflöte" herau.
