2854 3431
913 181 1586 327 FISCHER,VERLAG
1271 371 2259 564 BERene W., den — 13. April— 1893.
185 473 651 608 Telephon: Amt VI, No. 1662.
1371 534 1649 630 Bülowstrasse 91.
991 791 2225 932 Herrn Dr. Arthur Schnitzler.
1747 878 1976 1005 e e n.
861 1017 1413 1169 Lieber Herr Doktor!
700 1171 2328 1298 Ich übersende Ihnen eine Anzahl Probedrucke, die sich viel¬
468 1235 2313 1366 leicht für Ihren neuen Novellenband eignen. Besonders das mit einem
461 1315 2362 1484 Kreuz bezeichnete blaue Blatt scheint mir ebenso vornehm wie wirksam.
473 1396 2369 1564 Es handelt sich hier um etwas total Neues: Entwürfe von einer ausser-
466 1508 2372 1647 ordentlich begabten Künstlerin, die mit ihrer Ausstellung grossen Er¬
461 1601 2345 1810 folg erzielt hat. Jedenfalls bitte ich um Rücksendung aller Druckpro
486 1740 617 1828 ben.
722 1723 2413 1925 Sollten Ihnen diese beiden Entwürfe nicht gefallen, dann wür-
471 1852 2359 1996 de ich vorziehen, den gewöhnlichen gelben Umschlag ohne Illustration
486 1937 2374 2094 zu bringen. Aus der Anlage ersehen Sie, dass Th. Th. Heine die Zeich¬
490 2030 2303 2172 nung eines Umschlags abgelehnt hat. Ich bitte um recht baligen Be¬
481 2140 2442 2284 scheid, weil ich Ihr Buch jetzt fertig stellen und noch in diesem Mon###
490 2237 1142 2372 erscheinen lassen will.
913 2298 1454 2433 Mit besten Grüssen
1584 2357 1967 2513 Ihr ergebener
1588 2477 2018 2638 Ffisch
