2612 3575
887 610 2037 730 weil wir eine Ablehnung dieses Vorschlags
877 689 1997 830 am Deutschen Volkstheater vorausgesehen
883 791 2115 887 haben und weil die Direktion Grossmann-Rundt
890 888 2040 991 aus Gründen des Ehrgeizes diese einmalige
888 956 2121 1075 Vorstellung eher wagen würde. Die Aufführung
890 1044 1963 1146 müsste, unserer Meinung nach, noch ver
890 1141 2025 1261 Erledigung des Rekurses beim Ministerium
902 1213 2048 1348 des Innern geschehen, um die Entscheidung
899 1333 2126 1445 noch beeinflussen zu können. Selbstverständ-
910 1403 2106 1555 lich fügen wir uns Ihrer besseren Ueberzeu-
908 1534 1072 1600 gung.
997 1592 2011 1712 Wir bekommen heute eine Anfrage nach
914 1673 2087 1781 einem Einakter „Vor dem Tode“, Soll dieser
1388 1759 1718 1821 Mais elle est eut eu de ses
917 1759 2106 1883 in der nächsten Zeit veröffentlicht werden?
914 1865 2120 1994 Wir danken Ihnen im Voraus für Ihre Antwort
908 1980 1163 2075 und sind
995 2052 1755 2179 in vollkommener Hochachtung
1331 2135 1607 2219 ergebenst
1287 2161 1793 2273 S. FISCHER, VERLAG
1317 2256 1782 2347 THEATERABTEILUNG
1724 2285 1885 2449 al
