2984 3448
1612 192 1699 302 33
2540 291 2684 469 3/4
2724 274 2882 457 G.
632 344 2848 598 unterrichten dem Ihre Bücher bei mir
703 497 2845 660 Erschienen sind. Das habe ich gethan
2247 601 2645 703 Berltyer
652 615 2910 802 und will es bei Gelegenheit der Aufführung
570 646 677 841 C
734 739 2893 909 Von „Lisbelei“ abermals Blum. Außerdem
618 833 2887 988 Da nabe ich die Gewohnheit alle Werke meine
638 943 2893 1092 Antoren bei Gelegenheit von Neuaufführung
694 1092 2885 1264 nach den betreffenden Orten zu versenden
751 1152 2896 1380 und ich habe gefunden, dass diese Praxis
771 1290 2887 1437 die wirksamste ist! Sie selbst worden
771 1383 2865 1589 ja schon offer werke usines verlages
714 1504 2873 1682 aus solcher Veranlassung überall aus.
796 1572 2859 1806 gestellt gefunden haben. In dieser
692 1643 2839 1908 Beziehung gemäßt meine firma den
779 1792 2862 2027 Ruf einer äußerst thätigen und ruhrig
785 1905 2856 2128 zu sein und ich hoffe, Sie werden mir
689 2032 2822 2266 nach einiger Zeit dasselbe Zeugniß
785 2137 2851 2323 Ausstellen. Darin unterscheide ich
782 2264 2834 2495 mich auch von älteren und großen
779 2393 2879 2616 firmen wie Cottee. Diese firma kam
737 2523 2882 2724 naturgemäß nur einen schablonenhaften
799 2664 2887 2862 Retrieb führen und nicht jeden Autor
689 2743 2842 2969 (so wie ich) individuell behandeln
751 2885 2851 3074 resp. nach seiner Eigenart in diejenigen
776 3012 2885 3139 Kreise einzuführen suchen in die er zunächst
