2674 3415
854 589 2209 741 zu übernehmen. Das könnte man ja der Sicherheit wegen
870 668 2194 775 auch für Ihr nächstes Drama ins Auge fassen. Aber ich
874 726 2211 844 mache Sie darauf aufmerksam, dass diese Leute dann ei-
876 796 2196 897 nen erheblichen Anteil am Gewinn als Aequivalent ver-
876 840 2199 982 langen, denn die Vertriebsprovision allein steht doch
791 921 2113 1014 nur in den seltensten Fällen im Verhältnis zu den
884 960 2217 1098 Kosten für einen solchen weitgehenden Schutz. Ich wer-
886 1025 2145 1145 de mich inzwischen über die Bedingungen bei dieser
887 1069 2212 1212 Bühnenagentur erkundigen. Mit der Inhaberin derselben
889 1131 2228 1271 Agentur, Miss Alice Kaiser, habe ich vor einiger Zeit,
892 1217 2143 1322 als sie in Berlin war, die Möglichkeit besprochen,
892 1258 2189 1408 Ihre älteren Dramen, die in Amerika nicht geschützt
906 1337 2204 1448 sind, übersetzen und aufführen zu lassen. Zu näheren
904 1387 2182 1514 Vereinbarungen ist es noch nicht gekommen, aber die
908 1455 2194 1578 Dame hat mir vor einiger Zeit geschrieben, dass sie
909 1512 2207 1623 die Vorarbeiten in Angriff genommen hat. Inzwischen
908 1566 2224 1694 habe ich mich über die Bedingungen erkundigt, sobald
919 1625 2256 1749 ich darüber Nachricht habe, hören Sie Näheres von mir.
919 1694 2248 1815 Da die Dramen in Amerika ohnehin frei sind, so könnte
924 1739 2244 1872 sie auch ohne unsere Zustimmung die Uebersetzung und
919 1829 2174 1935 Ferwertung in Amerika unternehmen. Ich denke doch,
931 1859 2251 2015 dass Ihr Vertrag mit Entsch für Ihre älteren Arbeiten
934 1941 2179 2073 einem solchen Abkommen nicht im Nege stehen würde,
934 2002 2196 2133 da die Arbeiten, wie gesagt, in Anerika frei sind.
1059 2069 2201 2179 Ich reiss nicht, ob Entsch von Ihnen für alle
940 2128 2179 2243 Sprachen ein Recht erworben hat. Für die Dauer des
946 2184 2182 2313 Urheberrechts" bezieht sich doch wohl nur auf die
946 2258 2256 2364 deutsche Originalausgabe, das will heissen: dreissig
946 2342 1472 2436 Jahre nach dem Tode.
1047 2322 2268 2492 Ihren Novellenband noch vor Nethnachten, d. h. in
953 2420 2243 2556 14 Tagen herzustellen, ist ganz unmöglich. Nünschen
953 2473 2280 2632 Sie, dass das Buch Anfang Februar erscheint, so müss¬
