2713 3352
986 242 1481 424 FISCHED
337 1082 1082 1253 verhandeln.
475 1211 2594 1383 Ich will Ihnen, sobald ich in den nächsten
348 1295 2605 1546 stagen mehr Zeit finde, einen Contractentwurf
379 1478 2605 1658 zusenden, der die Honorarangelegenheiten
360 1590 2608 1784 prinzipiell regeln soll. Seit der letzten Zeit
396 1697 2608 1835 bringen wir in der N. N. R. überhaupt keine
413 1804 2535 1975 Dramen, weil sich die stückweise derös¬
399 1888 2540 2068 lichung von Dramen nicht bewährt hat und
385 2034 2610 2144 die Fortsetzungsweise Publikation in Monats
388 2119 2566 2251 zwischenräumen an Suferesse verliert. Vielleicht
388 2203 2096 2400 kommen wir aber auf die k. 10.10.11.
371 2301 972 2470 Buchowin
2065 3085 2237 3223 Küssel
700 3091 1652 3246 von wissen und
