2646 3559
621 624 1884 739 Nun erhalten wir heute von Hugo Gebers-Förlag
630 719 1887 853 die anliegenden Zuschriften, aus denen hervor-
635 823 1770 949 geht, dass Sie das Uebersetzungsrecht für
642 898 1830 1015 Schweden bereits im Jahre 1908 an Gyldendal
649 991 1918 1116 in Kopenhagen vergeben haben. Wir bitten, sich
654 1078 1813 1214 freundlichst direkt mit Hugo Gebers Förlag
654 1177 1828 1321 auseinander zu setzen oder uns mitzuteilen,
660 1264 1847 1392 was wir in dieser Sache veranlassen sollen.
805 1365 1874 1480 Gleichzeitig fragen wir, auf Wunsch von
668 1450 1854 1584 Herrn L. Mountes, z. Zt Berlin, ergebenst an,
678 1532 1940 1688 ob „Anatol“ und „Liebelei“ für Frankreich noch
684 1620 1939 1754 frei sind und wenn ja, unter welchen Bedingun-
681 1706 1940 1838 gen dieser Herr das Uebersetzungs- und Auffüh-
683 1835 1441 1936 rungsrecht erwerben könnte.
1335 1887 1811 2007 Hochachtungsvoll
1456 2002 1726 2111 ergebenst
1390 2104 1888 2219 S. FISCHER, VERLAG
1296 2204 1403 2267 ppa.
1349 2174 1975 2322 lail Schm.
683 2547 861 2640 EINLAGE
1970 2918 2323 3037 resseur uni:
