2823 3575
1041 713 2271 840 hardt endgiltig verzichtet hat. Soll ich den
1037 811 2229 936 Leuten das Textbuch geben? Kommt die Sache
1048 908 2242 1000 ernsthaft in Betracht, so wird über die Be-
1051 997 1888 1092 setzung noch zu sprechen sein.
1127 1083 2230 1192 Ueber die Brünner Affäre informiert Sie
1051 1170 2196 1285 der abschriftlich anliegende Brief, haben
1048 1278 2035 1394 Sie die Güte, sich dazu zu äussern.
1094 1356 1620 1472 Mit vielen Grüssen
1644 1410 2028 1546 Ihr ergebener
1644 1549 2112 1722 S. Fischer
