<?xml version="1.0" encoding="UTF-8" standalone="yes"?>
<PcGts xmlns="http://schema.primaresearch.org/PAGE/gts/pagecontent/2013-07-15" xmlns:xsi="http://www.w3.org/2001/XMLSchema-instance" xsi:schemaLocation="http://schema.primaresearch.org/PAGE/gts/pagecontent/2013-07-15 http://schema.primaresearch.org/PAGE/gts/pagecontent/2013-07-15/pagecontent.xsd">
    <Metadata>
        <Creator>prov=READ-COOP:name=TrHtr:version=2.1.0:model_id=51170:date=26_07_2023_22:29</Creator>
        <Created>2023-05-02T08:10:33.490+02:00</Created>
        <LastChange>2023-07-26T22:29:08.790+02:00</LastChange>
        <TranskribusMetadata docId="1416742" pageId="54954933" pageNr="447" tsid="131084905" status="IN_PROGRESS" userId="64420" imgUrl="https://files.transkribus.eu/Get?id=JSKNDCGMAXSGWDZILAJFRKMG&amp;fileType=view" xmlUrl="https://files.transkribus.eu/Get?id=TRSTSYCBHPZDOEOYFHIYGVPC" imageId="44458658"/>
    </Metadata>
    <Page imageFilename="1416742_0447.jpg" imageWidth="2765" imageHeight="3576">
        <ReadingOrder>
            <OrderedGroup id="ro_1711827368858" caption="Regions reading order">
                <RegionRefIndexed index="0" regionRef="tr_1"/>
                <RegionRefIndexed index="1" regionRef="tr_2"/>
            </OrderedGroup>
        </ReadingOrder>
        <TextRegion id="tr_1" custom="readingOrder {index:0;}">
            <Coords points="513,481 2629,481 2629,2123 513,2123"/>
            <TextLine id="tr_1_tl_1" custom="readingOrder {index:0;}">
                <Coords points="1159,561 1204,550 1281,587 1395,561 1426,590 1450,580 1479,590 1479,458 1347,497 1326,484 1310,490 1278,463 1201,495 1159,484"/>
                <Baseline points="1173,537 1217,531 1262,531 1307,531 1352,531 1396,531 1441,531 1486,531"/>
                <TextEquiv>
                    <Unicode>Abschrift.</Unicode>
                </TextEquiv>
            </TextLine>
            <TextLine id="tr_1_tl_2" custom="readingOrder {index:1;}">
                <Coords points="1442,725 1485,741 1511,725 1649,741 1773,709 1842,738 1868,714 1937,709 1937,648 1860,659 1707,627 1612,683 1508,643 1442,651"/>
                <Baseline points="1456,707 1495,707 1540,707 1585,710 1629,710 1674,710 1719,710 1764,707 1808,707 1853,704 1898,704 1943,701"/>
                <TextEquiv>
                    <Unicode>Brünn, 16/9. 1910</Unicode>
                </TextEquiv>
            </TextLine>
            <TextLine id="tr_1_tl_3" custom="readingOrder {index:2;}">
                <Coords points="699,1032 818,1016 905,1051 1011,1021 1125,1056 1260,1035 1260,937 1133,910 1114,929 1058,902 969,939 926,918 759,918 699,950"/>
                <Baseline points="713,988 728,988 773,988 817,988 862,988 907,985 952,985 996,985 1041,985 1086,985 1131,982 1176,982 1220,985 1265,985"/>
                <TextEquiv>
                    <Unicode>Sehr geehrter Herr!</Unicode>
                </TextEquiv>
            </TextLine>
            <TextLine id="tr_1_tl_4" custom="readingOrder {index:3;}">
                <Coords points="609,1151 1678,1122 1829,1167 1929,1119 2286,1135 2331,1045 609,1061"/>
                <Baseline points="623,1122 632,1122 677,1122 722,1122 767,1122 811,1122 856,1119 901,1119 946,1119 991,1119 1035,1119 1080,1119 1125,1116 1170,1116 1214,1116 1259,1116 1304,1119 1349,1116 1393,1116 1438,1113 1483,1113 1528,1113 1573,1110 1617,1113 1662,1110 1707,1110 1752,1110 1796,1110 1841,1107 1886,1107 1931,1107 1976,1107 2020,1104 2065,1104 2110,1104 2155,1104 2199,1101 2244,1101 2289,1098 2334,1092"/>
                <TextEquiv>
                    <Unicode>So gerne ich den mir zugegangenen Vertrag über “Das weite Land“</Unicode>
                </TextEquiv>
            </TextLine>
            <TextLine id="tr_1_tl_5" custom="readingOrder {index:4;}">
                <Coords points="495,1257 2625,1204 2625,1125 2543,1109 497,1159"/>
                <Baseline points="513,1211 525,1214 570,1214 614,1214 659,1211 704,1211 749,1211 794,1211 838,1211 883,1208 928,1211 973,1208 1017,1208 1062,1208 1107,1208 1152,1208 1196,1205 1241,1205 1286,1205 1331,1205 1376,1202 1420,1202 1465,1202 1510,1202 1555,1202 1599,1202 1644,1202 1689,1202 1734,1202 1779,1199 1823,1199 1868,1196 1913,1196 1958,1196 2002,1196 2047,1196 2092,1193 2137,1193 2182,1193 2226,1193 2271,1191 2316,1191 2361,1188 2405,1188 2450,1185 2495,1185 2540,1185 2584,1185 2629,1185"/>
                <TextEquiv>
                    <Unicode>annehmen möchte, so enthält er doch Bedingungen, die hier bei Schnitzlerschen</Unicode>
                </TextEquiv>
            </TextLine>
            <TextLine id="tr_1_tl_6" custom="readingOrder {index:5;}">
                <Coords points="497,1336 2490,1326 2522,1196 497,1254"/>
                <Baseline points="513,1304 555,1304 599,1304 644,1304 689,1304 734,1301 779,1301 823,1301 868,1301 913,1301 958,1301 1002,1298 1047,1298 1092,1298 1137,1295 1182,1295 1226,1295 1271,1295 1316,1295 1361,1295 1405,1295 1450,1295 1495,1295 1540,1292 1585,1292 1629,1292 1674,1292 1719,1289 1764,1289 1808,1289 1853,1289 1898,1286 1943,1286 1987,1286 2032,1286 2077,1286 2122,1283 2167,1283 2211,1283 2256,1280 2301,1280 2346,1280 2390,1277 2435,1277 2480,1277 2525,1274"/>
                <TextEquiv>
                    <Unicode>Stücken bis nun nicht üblich waren, bei der Theaterkommission also leicht</Unicode>
                </TextEquiv>
            </TextLine>
            <TextLine id="tr_1_tl_7" custom="readingOrder {index:6;}">
                <Coords points="500,1408 2360,1413 2570,1395 2570,1331 500,1355"/>
                <Baseline points="516,1390 561,1390 605,1390 650,1390 695,1390 740,1390 785,1390 829,1390 874,1388 919,1388 964,1388 1008,1388 1053,1388 1098,1385 1143,1385 1188,1385 1232,1385 1277,1382 1322,1382 1367,1382 1411,1382 1456,1382 1501,1382 1546,1379 1590,1379 1635,1379 1680,1379 1725,1379 1770,1379 1814,1376 1859,1376 1904,1376 1949,1376 1993,1376 2038,1376 2083,1373 2128,1373 2173,1373 2217,1370 2262,1370 2307,1367 2352,1367 2396,1367 2441,1367 2486,1364 2531,1364 2576,1361"/>
                <TextEquiv>
                    <Unicode>auf Widerstand stossen könnten. Zunächst zahlten die Schnitzlerschen Stücke</Unicode>
                </TextEquiv>
            </TextLine>
            <TextLine id="tr_1_tl_8" custom="readingOrder {index:7;}">
                <Coords points="497,1514 2522,1498 2540,1400 500,1421"/>
                <Baseline points="513,1480 531,1480 576,1483 620,1483 665,1480 710,1480 755,1480 799,1480 844,1480 889,1477 934,1477 979,1477 1023,1477 1068,1477 1113,1474 1158,1477 1202,1474 1247,1471 1292,1471 1337,1474 1382,1471 1426,1471 1471,1471 1516,1471 1561,1468 1605,1468 1650,1468 1695,1468 1740,1468 1785,1468 1829,1465 1874,1465 1919,1465 1964,1465 2008,1465 2053,1465 2098,1462 2143,1462 2187,1462 2232,1459 2277,1459 2322,1459 2367,1456 2411,1456 2456,1456 2501,1456 2546,1453"/>
                <TextEquiv>
                    <Unicode>hier 5 maximum 8 %, bei welch letzterem Ansatze ich auch zu verbleiben er-</Unicode>
                </TextEquiv>
            </TextLine>
            <TextLine id="tr_1_tl_9" custom="readingOrder {index:8;}">
                <Coords points="505,1596 2596,1572 2580,1482 508,1514"/>
                <Baseline points="522,1573 540,1573 585,1570 629,1570 674,1570 719,1570 764,1570 808,1570 853,1570 898,1567 943,1567 988,1567 1032,1567 1077,1567 1122,1567 1167,1564 1211,1564 1256,1564 1301,1561 1346,1561 1390,1561 1435,1561 1480,1561 1525,1561 1570,1561 1614,1558 1659,1558 1704,1558 1749,1558 1793,1558 1838,1558 1883,1555 1928,1555 1973,1555 2017,1555 2062,1555 2107,1552 2152,1552 2196,1552 2241,1552 2286,1552 2331,1549 2376,1549 2420,1549 2465,1549 2510,1546 2555,1546 2599,1543"/>
                <TextEquiv>
                    <Unicode>suche. Ferner ist die Anzahlung von M. 250.- hier überhaupt nicht üblich und</Unicode>
                </TextEquiv>
            </TextLine>
            <TextLine id="tr_1_tl_10" custom="readingOrder {index:9;}">
                <Coords points="497,1683 2614,1664 2614,1590 2146,1561 500,1598"/>
                <Baseline points="516,1662 561,1662 605,1662 650,1659 695,1659 740,1659 785,1659 829,1659 874,1656 919,1656 964,1656 1008,1656 1053,1656 1098,1653 1143,1653 1188,1653 1232,1653 1277,1653 1322,1653 1367,1653 1411,1650 1456,1650 1501,1650 1546,1650 1590,1650 1635,1650 1680,1647 1725,1647 1770,1647 1814,1647 1859,1644 1904,1644 1949,1644 1993,1644 2038,1644 2083,1644 2128,1641 2173,1644 2217,1641 2262,1641 2307,1641 2352,1641 2396,1641 2441,1641 2486,1638 2531,1638 2576,1635 2620,1635"/>
                <TextEquiv>
                    <Unicode>ich ersuche dieselbe als für Sie belanglos zu streichen. Bei meinem Namen als</Unicode>
                </TextEquiv>
            </TextLine>
            <TextLine id="tr_1_tl_11" custom="readingOrder {index:10;}">
                <Coords points="497,1754 2503,1752 2548,1680 497,1702"/>
                <Baseline points="513,1749 540,1752 585,1752 629,1752 674,1749 719,1749 764,1749 808,1749 853,1749 898,1746 943,1746 988,1746 1032,1746 1077,1746 1122,1743 1167,1743 1211,1743 1256,1743 1301,1740 1346,1740 1390,1740 1435,1740 1480,1737 1525,1737 1570,1737 1614,1737 1659,1737 1704,1737 1749,1737 1793,1734 1838,1734 1883,1734 1928,1734 1973,1734 2017,1734 2062,1734 2107,1734 2152,1731 2196,1731 2241,1731 2286,1731 2331,1728 2376,1728 2420,1728 2465,1728 2510,1728 2555,1728"/>
                <TextEquiv>
                    <Unicode>Kontrahent muss es heissen "namens der städt. Theaterkommission" und nicht</Unicode>
                </TextEquiv>
            </TextLine>
            <TextLine id="tr_1_tl_12" custom="readingOrder {index:11;}">
                <Coords points="511,1855 2554,1860 2596,1757 513,1765"/>
                <Baseline points="525,1841 540,1838 585,1838 629,1838 674,1838 719,1835 764,1835 808,1835 853,1835 898,1835 943,1838 988,1835 1032,1835 1077,1832 1122,1832 1167,1832 1211,1829 1256,1829 1301,1829 1346,1829 1390,1829 1435,1829 1480,1829 1525,1829 1570,1829 1614,1826 1659,1826 1704,1826 1749,1823 1793,1823 1838,1826 1883,1826 1928,1826 1973,1823 2017,1823 2062,1823 2107,1823 2152,1823 2196,1823 2241,1823 2286,1823 2331,1820 2376,1820 2420,1823 2465,1820 2510,1820 2555,1817 2599,1817"/>
                <TextEquiv>
                    <Unicode>für meine Person, sondern für die Dauer der Führung in eigener Regie. Ferner</Unicode>
                </TextEquiv>
            </TextLine>
            <TextLine id="tr_1_tl_13" custom="readingOrder {index:12;}">
                <Coords points="508,1958 2543,1953 2546,1871 511,1874"/>
                <Baseline points="522,1931 534,1928 579,1931 623,1928 668,1928 713,1928 758,1928 802,1928 847,1928 892,1928 937,1925 982,1925 1026,1925 1071,1925 1116,1925 1161,1922 1205,1925 1250,1922 1295,1922 1340,1922 1385,1919 1429,1919 1474,1919 1519,1919 1564,1919 1608,1919 1653,1919 1698,1919 1743,1919 1788,1916 1832,1916 1877,1916 1922,1916 1967,1916 2011,1916 2056,1916 2101,1916 2146,1916 2190,1916 2235,1916 2280,1913 2325,1913 2370,1913 2414,1913 2459,1913 2504,1910 2549,1913"/>
                <TextEquiv>
                    <Unicode>bitte ich als Aufführungstermin den 31. Mai zu fixieren, wenngleich ich um</Unicode>
                </TextEquiv>
            </TextLine>
            <TextLine id="tr_1_tl_14" custom="readingOrder {index:13;}">
                <Coords points="508,2027 2519,2069 2477,1929 508,1956"/>
                <Baseline points="522,2017 555,2020 599,2017 644,2020 689,2017 734,2017 779,2017 823,2017 868,2017 913,2014 958,2014 1002,2014 1047,2014 1092,2011 1137,2011 1182,2011 1226,2011 1271,2011 1316,2011 1361,2008 1405,2008 1450,2008 1495,2008 1540,2008 1585,2008 1629,2008 1674,2008 1719,2008 1764,2008 1808,2005 1853,2005 1898,2005 1943,2005 1987,2005 2032,2005 2077,2005 2122,2005 2167,2002 2211,2002 2256,2002 2301,2002 2346,2002 2390,2002 2435,1999 2480,1999 2525,1999"/>
                <TextEquiv>
                    <Unicode>die Zustimmung bitte, die Erstaufführung am gleichen Tage wie Berlin oder</Unicode>
                </TextEquiv>
            </TextLine>
            <TextLine id="tr_1_tl_15" custom="readingOrder {index:14;}">
                <Coords points="505,2154 625,2130 722,2170 892,2130 1003,2151 1119,2128 1217,2183 1220,2072 1103,2043 916,2069 749,2030 696,2059 508,2048"/>
                <Baseline points="522,2110 552,2110 596,2110 641,2113 686,2110 731,2110 776,2110 820,2110 865,2110 910,2107 955,2107 999,2107 1044,2107 1089,2104 1134,2104 1179,2104 1223,2104"/>
                <TextEquiv>
                    <Unicode>Wien vornehmen zu dürfen.</Unicode>
                </TextEquiv>
            </TextLine>
        </TextRegion>
        <TextRegion id="tr_2" custom="readingOrder {index:1;}">
            <Coords points="1808,2135 2319,2135 2319,2287 1808,2287"/>
            <TextLine id="tr_2_tl_1" custom="readingOrder {index:0;}">
                <Coords points="1794,2225 1813,2228 1887,2199 1908,2215 1998,2215 2032,2236 2053,2215 2083,2212 2083,2106 2061,2106 2027,2141 1995,2154 1929,2149 1900,2120 1863,2120 1842,2104 1794,2122"/>
                <Baseline points="1808,2187 1853,2187 1898,2185 1943,2187 1987,2187 2032,2187 2077,2187 2086,2187"/>
                <TextEquiv>
                    <Unicode>Ergebenst</Unicode>
                </TextEquiv>
            </TextLine>
            <TextLine id="tr_2_tl_2" custom="readingOrder {index:1;}">
                <Coords points="1969,2294 2064,2302 2098,2284 2170,2326 2255,2281 2260,2292 2313,2284 2313,2228 2284,2212 2268,2225 2247,2207 2225,2220 2194,2204 2170,2218 2109,2196 2061,2228 1971,2218"/>
                <Baseline points="1987,2277 2032,2277 2077,2277 2122,2277 2167,2274 2211,2274 2256,2274 2301,2274 2319,2277"/>
                <TextEquiv>
                    <Unicode>Jul. Herzka</Unicode>
                </TextEquiv>
            </TextLine>
        </TextRegion>
    </Page>
</PcGts>
