2661 3578
1200 397 1368 523 277.
726 460 2045 626 S. Fischer, Verlag, Berlin M., Bülowstrasse 90
1796 598 2260 740 19. April 1912
1032 801 1835 925 Herrn Dr. Arthur Schnitzler
2027 901 2218 1048 Wien
733 1037 1350 1168 Sehr geehrter Herr!
705 1153 2438 1310 Wir haben von den drei Bänden der erzählenden Schriften ein
635 1254 2482 1399 Exemplar mit leerem Inhalt binden lassen, um die richtige Grösse
637 1364 2456 1480 der Rückenbreiten zu bekommen. Bei dieser Gelegenheit haben wir
635 1450 2461 1560 den Eindruck bekommen, dass sich der dünne erste Band neben den
637 1550 2351 1646 beiden stärkeren nicht vorteilhaft ausnimmt. Stellt man ihn
628 1644 2431 1733 aber in die Mitte, so gewinnt er und wird von den zwei starken
633 1705 2412 1800 Bänden gewissermassen gestützt. Wir möchten Ihnen deshalb den
635 1800 2433 1903 Vorschlag machen, den Roman in den ersten Band und die Novellen
635 1882 2461 1999 in Band 2 und 3 zu nehmen. Der chronologischen Folge würde dies
635 1968 2461 2109 keinen Eintrag tun, denn es ist ohne Weiteres ersichtlich, dass
637 2083 2433 2172 es sich um getrennte Abteilungen handelt. Es scheint uns über-
635 2174 2508 2281 haupt besser, wenn der erste Band gewichtiger wird und die andern
637 2274 2477 2361 sich an ihn anschliessen, und nicht umgekehrt. Mit dem Druck ist
642 2333 2477 2447 zwar schon angefangen, weil wir aber die Titelbogen noch zurück-
633 2433 2358 2538 gelassen haben, liesse sich die Änderung unschwer ausführen.
719 2505 2410 2620 Damit Sie unsern Vorschlag nachprüfen können, schicken wir
637 2594 2368 2683 Ihnen die drei Bände in dnei Kreuzbändern, bitten Sie aber um
642 2681 2484 2788 freundliche Rücksendung (die Umhüllungen sind auf der Rückseite
642 2781 2461 2877 bereits mit unserer Adresse versehen und brauchen nur umgedreht
635 2858 2473 2970 zu werden). - Herrn Fischer setzen wir von diesem Vorschlag in
663 2947 2540 3087 Henntnis und nehmen als sicher an, dass er einverstanden sein wird
717 3059 2538 3197 Mei dieser Gelegenheit bemerken wir höflichst, dass die letzten
