2624 3513
1980 238 2201 350 Blatt 2
1001 264 1222 410 190
241 284 831 460 S. Fischer, Verlag, Berlin,
331 669 2180 855 Speidel entschliessen könnte, den "Medardus" in Wien anzusehen, wäre
334 791 2080 912 schon sehr viel gewonnen. Könnte Ihr Herr Schwager da etwas tun?
472 874 2175 1020 Wenn Sie ein persönliches Interesse daran hätten, einen jungen
350 960 2225 1115 Verleger mit einem Buch zu unterstützen, so würde das bis zu einem ge-
350 1053 2201 1191 wissen Grade auf Kosten Ihrer eigenen Interessen geschehen. Denn ich
353 1132 2199 1294 darf, ohne unbescheiden zu sein, sagen, dass mein Verlag ganz andere
365 1237 2201 1391 Verbindungen und Vertriebsmöglichkeiten in Händen hat wie ein junger
367 1291 2249 1484 Verlag, und das hat immerhin einigen Einfluss auf die Verbreitungsmög-
372 1387 2237 1577 lichkeit eines Buches. Es würde auch die Uebersichtlichkeit Ihrer Ge-
369 1489 2192 1651 samtproduktion erschweren, wenn nun plötzlich ein Buch von Ihnen an
376 1570 2178 1754 anderer Stelle herauskäme; ganz abgesehen davon, dass sich ja auch
374 1699 1956 1846 Schwierigkeiten ergeben für den Fall, einer Gesamtausgabe.
567 1770 2175 1918 Nach meiner Meinung baut sich ein Verlag nicht dadurch auf,
386 1818 2304 2018 dass er bekannte Autoren an sich zu ziehen sucht. Er muss vielmehr den-
393 1899 2275 2120 selben Weg gehen, den jeder ernst geleitete Verlag geht; er muss sich
393 2023 2225 2197 sein Terrain selbst erobern und selbst junge Talente zu kultivieren
405 2130 2294 2278 und ideell und materiell zu stützen suchen, sonst läuft der ganze Ver-
410 2254 1627 2385 lag am Ende nur auf einen Autorenfang hinaus.
569 2263 2228 2454 Anton Lindner hat mir auf meine Anfrage nicht geantwortet. Es
419 2397 2268 2549 bleibt, soweit ich sehe, nur Handl oder Fred übrig. Meinen Sie nicht,
422 2471 2278 2616 dass ich von einem der beiden ein kleines Buch schreiben lassen soll?
786 2592 1580 2714 Mit schönsten Pfingstgrüssen
1575 2656 1670 2771 Ihr
1580 2702 2023 2909 S.fischer.
