2891 3671
2066 147 2279 307 P
1245 257 1373 369 349
727 355 2118 525 S. Fischer, Verlag, Berlin M., Bülowstrasse 90
1414 497 1724 617 25/1. 1915
630 864 1410 990 Herrn Dr. Arthur Schnitzler
1376 954 1513 1087 Wien
621 1126 1032 1231 Lieber Freund,
740 1284 2354 1366 in der Abendausgabe des Berliner Tageblattes vom 21. d. M.
628 1364 2272 1453 habe ich die anliegende Notiz gefunden, die wohl inzwischen
635 1444 2325 1538 schon zu Ihrer Kenntnis gelangt ist. Ganz klar ist aus dieser
624 1543 2460 1676 Notiz nicht zu ersehen, ob Romain Rolland mit der Veröffentlichung
1447 1623 1525 1669 Gerrits
628 1621 2386 1738 Ihres Briefes nur seinerseits einleitende Bemerkungen verbunden
626 1729 2396 1841 hat oder ob er - was nicht anzunehmen ist - in Ihrem Briefe Aen-
626 1811 2380 1928 derungen und Korrekturen vorgenommen hat. Für alle Fälle stelle
628 1910 2471 2015 ich mich Ihnen zur Verfügung, wenn Sie das Bedürfnis haben sollten,
617 1988 2313 2102 in dieser Sache etwas zu veröffentlichen oder zu berichtigen.
619 2061 2425 2199 Auch würde evtl. die "Neue Rundschau" wenn Sie es für zweckmässig
617 2160 2006 2274 halten, von der Angelegenheit Notiz nehmen können.
880 2254 1522 2370 Mit herzlichen Grüssen
1566 2345 1676 2460 Ihr
1616 2437 2185 2662 fischer.
273 3031 365 3173 F. 121
