2929 3495
1049 465 1504 608 S. FISCHER
1684 711 2355 856 IN W., DEN 12/2. 1900.
413 691 1034 893 TELEPHON: AMT VI, No. 1662.
1475 823 1907 948 BÜLÖWSTRASSE 91
2094 812 2217 915 G.C.F.P.
1800 871 1886 955 G.F.P.
1936 920 2180 1029 vrare fiez
1187 959 1530 1054 gebracht zu vorgeruen
819 957 1163 1060 xxxberxxx hat.
812 1008 1947 1106 Herrn Dr. Arthur Schnitzler
808 1018 2447 1157 wortet, dass ich mich erst entscheiden könnte, wenn er mir da
1943 1089 2248 1155 Wien.
812 1076 2515 1271 gesammte Material vorlegen würde. Nach Ihrer Kaffrige schreibt xxx
819 1203 2504 1370 Lieber Herr Doktor###en deinen Brief im Original zu Ihrer Grien¬
1229 1269 2256 1385 Das Orientierung Ihrer Freunde vorzulegen.
981 1324 2581 1475 Ich habe mit Coschall wegen des Umschlags zum „Reigen“ ge¬
1038 1335 1137 1411 G.H.F.P
1179 1422 1512 1488 besien xxx
828 1387 2579 1580 sprochen; wir sind beide zu dem Resultat gekommen, dass es zweck-
1754 1488 2118 1552 ihr ergebener
825 1490 2590 1675 mässiger ist, auf eine Zeichnung zu verzichten. Es wird sich sehr
838 1574 2544 1730 gut machen, wenn auf diesem grauen Bütten-Umschlagpapier nichts
841 1664 2592 1802 weiter wie Titel und Verfasser steht. Bevor ich aber an den Druck
832 1758 2577 1940 des Umschlags gehe, möchte ich eine Frage bei Ihnen anregen. Ich
1517 1846 2377 1986 Auskünft gegen nochmals gelesen;
834 1890 1569 2006 habe den „Reigen“ in den
847 1938 2520 2079 scheint es mir ganz ausgeschlossen, das Buch in meinem Verlage
2417 2011 2502 2063 de ses
854 2050 2575 2180 erscheinen zu lassen. Wenn Sie glauben, dass das Buch in Oester-
2169 2094 2450 2166 siben k
1866 2107 2079 2175 Monsieur
854 2118 2559 2287 reich nicht beanstandet wird, so sehe ichnicht ein, warum Sie
2259 2191 2412 2248 mit
2037 2215 2123 2261 receu
852 2206 2546 2388 die Offerte des Wiener Verlages für dieses Buch nicht annehmen.
852 2292 2568 2450 Das Buch können Sie künsterlisch sicher verantworten. Sollten S
854 2384 2542 2562 also daran denken, das Buch dem Wiener Verlag zu übergeben, da
2296 2452 2638 2553 mann jetzt
869 2491 2564 2647 würde es sich auch empfehlen, die Firma des Wiener Verlages auf
869 2562 2500 2711 den Umschlag zu drucken, denn es scheint mir fraglich, ob nie
865 2649 2500 2823 die Büchersendung ohne Bezeichnung eines Verlegers bei der W
878 2764 2428 2904 Zoll- resp. Censurbehördebeanstandet werden könnte. Ich
1741 2825 2439 2976 ich die ganze Büchersendung
1220 2869 1490 2974 informier.
