2641 3607
424 553 2262 778 lich zu besprechen. In seinem letzten Briefe schreibt er aber, dass
413 742 1695 868 er die Abise auf nächstes Jahr perschoben hat.
515 811 1695 1010 Die Mögen bitte ich, mir zurückzusenden.
1342 896 1971 1062 Mit heralichen Grüssen
1558 994 1674 1091 Fhr
1482 1055 2068 1283 F. fiscke
410 1335 2317 1489 P. S. Wir reisen Sonnabend auf vierzehn Tage nach Meeren oder an den
436 1432 2231 1575 Gardasse. Ich werde mir dieses Material nachsenden lassen, um die
446 1565 1171 1733 Sache selbst zu erledigen.
