2744 3480
1347 166 1470 294 92
1603 242 1936 430 VERLAG
1085 249 1551 437 S. FISCHER,
808 534 950 615 allen
1520 492 2366 686 BERLIN W., DEN 28/20. 1861
428 596 1036 712 TELEPHON: AMT VI, No. 1662.
1470 608 1907 715 BÜLÖWSTRASSE 91.
708 665 788 729 "
881 682 1050 810 zur
1541 748 1646 841 Pour
902 793 1157 869 Den Brief
1000 791 1738 962 Herrn Dr. Arthur Schnitsler
2002 843 2102 1028 II.
817 1028 1366 1150 Lieber Herr Doktor!
1591 1097 2090 1204 amber stattfinden
843 1138 2541 1256 Der illustrierte Amstol geht durchaus nicht schlechter wie die
746 1237 2610 1361 frühere billige Ausgabe, in Gegenteil: besser. Sie scheinen übersehen
746 1340 2617 1444 zu haben, dass wir doch erst in vorigen Jahre drei Auflagen der illus-
748 1432 2584 1553 trierten Ausgabe gedruckt haben, es ist also garnicht verwunderlich,
739 1515 2653 1648 dass an 1. Juli noch etwa 3000 Exemplare auf Lager waren. Wir haben in
741 1606 2608 1736 Februar 98 die dritte Auflage der billigen Ausgabe des Anatol heraus-
750 1682 2629 1845 gegeben und disse eine Auflage brauchte fast zwei Jahre, um verkauft
748 1793 2650 1912 zu werden. Die illustrierte Ausgabe des Anatol kann neben der billigen
750 1876 2622 1978 Ausgabe freilich nicht bestehen; in den Augenblick, wo wir eine nicht
753 1969 2572 2069 illustrierte Ausgabe veranstalten, wird die illustrierte nicht mehr
762 2050 2641 2164 verkauft. Ich habe auch im vorigen Jahre ausdrücklich darauf hingewie-
758 2140 2584 2261 sen und darauf aufmerksam gemacht, dass eine nichtillustrierte Ausgnung
762 2225 2667 2337 einstweilen nicht erscheinen könne. Mit Ausnahme von neu! Anfragen, bei
876 2325 993 2389 nun
758 2306 2650 2444 denen die nichtillustrierte Ausgabe gewünscht wurde, ist mir kein Fall
762 2392 2563 2544 bekannt, in welchem die illustrierte Ausgabe zurückgewiesen worden
758 2494 2584 2615 wäre. Es ist etwas ganz Alltägliches, dass mit billigen Ausgaben so
762 2527 2658 2703 lange zurückgehalten wird, bis die auf den Nacht befindliche vergriffen
760 2686 2653 2795 ist. Ich hoffe in Herbst nächsten Jahres so weit zu sein, duMä von den
762 2750 2650 2881 drei Auflagen der illustrierten Ausgabe mindestens zwei verläuft sind.
762 2862 2622 2992 Dann will ich gern, selbst auf die Gefahr hin, dass die illustrjerte
774 2962 2594 3090 Ausgabe liegen bleibt, die billige erscheinen lassen, dann dann habe
