2743 3287
1684 222 1910 374 ERLAC
435 467 684 555 TELEPHON;
1552 417 2391 628 BERLIN W., DEN 18/1.04.
437 546 682 632 AMT VI, 1662
1564 567 2031 671 BÜLOWSTRASSE 90/91.
761 664 897 809 H.F.P.
730 766 1917 931 Herrn Dr. Arthur Schnitsler
1976 884 2291 1065 1 e nxviii
820 1081 1552 1256 Sehr geehrter Herr Doktor!
839 1237 2448 1407 Die Direktion der Internationalen Tournée Gustav Lindemann
723 1355 2377 1498 möchte den „Einsamen Weg in folgenden Städten zur Aufführung
730 1437 2343 1550 bringen: Leipzig, Stettin, Danzig, Königsberg, Bromberg, Po¬
725 1527 2468 1641 Breslau, Insterberg, Thom, Gumbinnen, Köslin, Stolp, Graudenz,
734 1620 2434 1718 Kassel, Mannheim, Darmstadt, Stuttgart. Wir fragen Sie nun an,
727 1711 2448 1815 ob wir gegebenen Falles für die betreffenden Orte abschliessen
734 1802 2486 1920 sollen, oder ob Sie für einzelne Städte Ihr Werk lieber von dem
727 1886 2550 1992 stehenden Personale aufgeführt wünschen. Leipzig und Breslau haben
727 1988 2488 2094 wir sofort angefragt und würden erst, wenn diese Direktionen ab-
725 2062 2391 2205 lehnen sollten, mit Lindemann Vertrag schliessen. Vielleicht
725 2151 2468 2266 wollen sie für Mannheim, Darmstadt oder Stuttgart den „Einsamen
1133 2232 1253 2291 G.C.F.P
734 2248 2468 2355 Weg" nicht an Lindemann geben. Sollten Sie besondere Wünsche be-
725 2332 2463 2470 treffs der von Lindemann in jedem einzelnen Falle zu leistenden
718 2416 2450 2568 Garantieen haben, so bitten wir um schleunige Benachrichtigung,
716 2504 1516 2649 da Direktor Lindemann am 31.
1575 2509 2212 2649 das uns vorsprechen wird.
1706 2570 2316 2713 Hochachtungsvoll.
1765 2683 2219 2819 THEATERABTEILUNG
1883 2803 2146 2855 AG UND VERTRE
1765 2833 2182 2923 DRAMATISCHER WERKE
1747 2880 2259 2982 8. FISCHER,VERLAG
1401 2901 1505 3050 ¼.
1537 2957 1672 3089 Sir,
1725 2955 2448 3105 Lothar Lehmidt
