2572 3608
1051 387 1187 537 314.
469 474 2083 662 S'FISCHER/VERLAG’BERLIN’THEATERABTEILUNG.
1553 587 2081 692 W 57 BULÖWSTR.90
465 603 1084 709 AMT: LUTZëW 1662 & 6162
1502 863 1802 1018 den 4/3.13
694 1173 1471 1354 Herrn Dr. Arthur Schnitzler
1743 1279 1931 1396 Vien
558 1358 1316 1513 Sehr geehrter Herr Doktor!
570 1459 2297 1652 Für das „Rote Kreuz in den Kolonien“ soll an 28. März ein Vohl-
493 1612 2379 1729 tätigkeitsabend im Theater an Nollendorfplatz stattfinden, an welchem
537 1706 2335 1793 Liebelei" aufgeführt werden wird. Frau Sorma spielt die Christine,
488 1774 2224 1912 Frau Kassary die Schlager Mizi, Herr Pallenberg den Veiring und
486 1856 2191 2004 Herr Pfann den Theodor Kaiser. Die Regie führt Herr Zarrel.
582 1957 2306 2095 Vom lessingthester haben wir zu dieser Aufführung die Einwilli-
502 2037 2370 2175 gung erlangt, ebenso von Direktor Patteg, dem seinerzeit von Lessing-
507 2156 2290 2269 theater die Aufführungsberechtigung erteilt wurde. Als Bedingung
502 2248 2191 2363 haben wir 5 % Tantienegangesetzt, womit sich Herrn Lederer.
509 2309 685 2372 haben
504 2327 2316 2438 der die Geschäfte für Frau Sorma führt, durch seinen Sekretär ein-
511 2407 2318 2529 verstanden erklärt hat. Die Aufführung findet bei erhöhten Preisen
521 2494 2269 2614 statt. Bitte sagen Sie uns, ob Sie damit einverstanden sind oder
521 2607 1671 2743 eine Aenderung in der Bedingung wünschen.
676 2686 1675 2825 In vollkommener Hochachtung sind wir
1675 2686 1945 2858 ergebenst
1605 2783 2086 2895 3. FISCHER, VERLAG
1607 2881 2076 2977 THEATERABTEILUNG
2015 2921 2140 3027 sal
