2610 3512
738 684 1924 822 Bühnen ein Zirkular mit der Mitteilung, dass die
708 791 1976 916 Verrechnung über die Stücke. die bisher bei Entsch
707 874 1927 991 waren. In Zukunft mit mir zu geschehen hat. Auch
710 972 1978 1076 habe ich Bloch gebeten, mir das ganze Material, das
699 1050 1800 1183 sich auf Ihre Stücke bezieht, zuzuschieken.
817 1149 1930 1276 Den Generalvertrag für die zu übernehmenden
674 1250 1978 1393 Stücke bekommen Sie, sobald ich das Material in Hän-
684 1355 928 1477 den habe.
920 1435 1399 1554 Mit vielen Grüssen
1422 1537 1773 1641 Ihr ergebener
1433 1623 1918 1791 Fischer
782 1747 1961 1892 P. S. Ich schicke Ihnen anliegend eine Anfrage
658 1852 1904 1953 weden Abdruck der Uebersetzung von.Die Frau mit
671 1939 1888 2069 dem Dolche“ in der Fortnichtlv Review. Was soll
686 2026 1721 2164 ich für das Uebersetzungsrecht verlangen?
