<?xml version="1.0" encoding="UTF-8" standalone="yes"?>
<PcGts xmlns="http://schema.primaresearch.org/PAGE/gts/pagecontent/2013-07-15" xmlns:xsi="http://www.w3.org/2001/XMLSchema-instance" xsi:schemaLocation="http://schema.primaresearch.org/PAGE/gts/pagecontent/2013-07-15 http://schema.primaresearch.org/PAGE/gts/pagecontent/2013-07-15/pagecontent.xsd">
    <Metadata>
        <Creator>prov=READ-COOP:name=TrHtr:version=2.1.0:model_id=51170:date=26_07_2023_22:33</Creator>
        <Created>2023-05-02T08:10:58.488+02:00</Created>
        <LastChange>2023-07-26T22:33:33.945+02:00</LastChange>
        <TranskribusMetadata docId="1416742" pageId="54955311" pageNr="599" tsid="131085464" status="IN_PROGRESS" userId="64420" imgUrl="https://files.transkribus.eu/Get?id=OJMUXSNBPPZBUADJKSMFBPLH&amp;fileType=view" xmlUrl="https://files.transkribus.eu/Get?id=VYYCGNUZCKZFNFCIZLDBIWTC" imageId="44459036"/>
    </Metadata>
    <Page imageFilename="1416742_0599.jpg" imageWidth="2585" imageHeight="3543">
        <ReadingOrder>
            <OrderedGroup id="ro_1711827485854" caption="Regions reading order">
                <RegionRefIndexed index="0" regionRef="tr_1"/>
                <RegionRefIndexed index="1" regionRef="tr_2"/>
            </OrderedGroup>
        </ReadingOrder>
        <TextRegion id="tr_1" custom="readingOrder {index:0;}">
            <Coords points="552,290 2349,290 2349,2066 552,2066"/>
            <TextLine id="tr_1_tl_1" custom="readingOrder {index:0;}">
                <Coords points="1110,365 1139,365 1164,380 1180,371 1191,378 1200,376 1225,360 1236,371 1254,371 1254,293 1243,293 1236,286 1222,293 1189,277 1166,281 1141,270 1110,270"/>
                <Baseline points="1122,340 1167,340 1211,340 1256,340 1259,340"/>
                <TextEquiv>
                    <Unicode>306</Unicode>
                </TextEquiv>
            </TextLine>
            <TextLine id="tr_1_tl_2" custom="readingOrder {index:1;}">
                <Coords points="612,516 986,448 1094,491 1294,437 1585,477 1821,414 1986,453 2006,369 1785,322 1101,392 898,351 619,376"/>
                <Baseline points="626,456 668,453 713,450 758,447 802,447 847,444 892,444 937,441 982,441 1026,438 1071,435 1116,435 1161,438 1205,435 1250,429 1295,429 1340,426 1384,423 1429,423 1474,423 1519,420 1564,420 1608,414 1653,414 1698,411 1743,411 1787,408 1832,408 1877,405 1922,405 1967,405 2011,399"/>
                <TextEquiv>
                    <Unicode>S. Fischer, Verlag, Berlin M., Bülowstrasse 90</Unicode>
                </TextEquiv>
            </TextLine>
            <TextLine id="tr_1_tl_3" custom="readingOrder {index:2;}">
                <Coords points="1121,538 1191,540 1216,529 1238,543 1276,522 1321,536 1346,522 1445,561 1448,459 1414,453 1378,464 1333,453 1267,475 1227,459 1168,480 1123,473"/>
                <Baseline points="1134,522 1137,519 1181,519 1226,519 1271,516 1316,516 1361,516 1405,513 1450,516"/>
                <TextEquiv>
                    <Unicode>12/12. 1912</Unicode>
                </TextEquiv>
            </TextLine>
            <TextLine id="tr_1_tl_4" custom="readingOrder {index:3;}">
                <Coords points="666,1056 774,1085 837,1058 919,1078 1114,1042 1423,1042 1425,955 1317,970 1015,934 961,964 669,979"/>
                <Baseline points="680,1023 713,1023 758,1023 802,1023 847,1023 892,1020 937,1020 982,1017 1026,1017 1071,1014 1116,1014 1161,1011 1205,1011 1250,1008 1295,1005 1340,1005 1384,1005 1429,1002"/>
                <TextEquiv>
                    <Unicode>Herrn Dr. Arthur Schnitzler</Unicode>
                </TextEquiv>
            </TextLine>
            <TextLine id="tr_1_tl_5" custom="readingOrder {index:4;}">
                <Coords points="1436,1135 1452,1130 1463,1139 1475,1139 1481,1132 1493,1137 1520,1130 1538,1141 1553,1130 1592,1128 1587,1040 1567,1040 1551,1029 1533,1040 1508,1029 1502,1036 1486,1038 1477,1031 1448,1045 1432,1042"/>
                <Baseline points="1447,1095 1492,1092 1537,1092 1581,1098 1596,1101"/>
                <TextEquiv>
                    <Unicode>Wien</Unicode>
                </TextEquiv>
            </TextLine>
            <TextLine id="tr_1_tl_6" custom="readingOrder {index:5;}">
                <Coords points="540,1344 615,1360 718,1344 743,1360 808,1333 984,1321 1018,1342 1049,1326 1074,1339 1076,1249 1036,1240 543,1265"/>
                <Baseline points="552,1298 588,1295 632,1295 677,1295 722,1295 767,1292 811,1292 856,1289 901,1286 946,1286 990,1286 1035,1286 1080,1289"/>
                <TextEquiv>
                    <Unicode>Lieber Herr Doktor,</Unicode>
                </TextEquiv>
            </TextLine>
            <TextLine id="tr_1_tl_7" custom="readingOrder {index:6;}">
                <Coords points="660,1436 2326,1412 2346,1299 2172,1263 1625,1339 662,1364"/>
                <Baseline points="671,1426 692,1426 737,1426 782,1423 826,1423 871,1423 916,1420 961,1417 1005,1417 1050,1414 1095,1417 1140,1414 1184,1411 1229,1411 1274,1408 1319,1408 1364,1405 1408,1402 1453,1402 1498,1402 1543,1402 1587,1399 1632,1399 1677,1399 1722,1396 1767,1393 1811,1393 1856,1390 1901,1390 1946,1387 1990,1384 2035,1384 2080,1381 2125,1381 2169,1378 2214,1376 2259,1376 2304,1378 2349,1373"/>
                <TextEquiv>
                    <Unicode>von der Kaiser habe ich noch nichts gehört, das ist allerdings</Unicode>
                </TextEquiv>
            </TextLine>
            <TextLine id="tr_1_tl_8" custom="readingOrder {index:7;}">
                <Coords points="558,1540 2285,1508 2305,1423 1952,1387 561,1443"/>
                <Baseline points="570,1522 605,1522 650,1519 695,1519 740,1516 785,1516 829,1513 874,1513 919,1510 964,1510 1008,1507 1053,1507 1098,1507 1143,1504 1187,1501 1232,1498 1277,1498 1322,1498 1367,1498 1411,1498 1456,1495 1501,1492 1546,1492 1590,1489 1635,1489 1680,1486 1725,1486 1770,1483 1814,1480 1859,1480 1904,1477 1949,1477 1993,1477 2038,1474 2083,1471 2128,1471 2172,1471 2217,1468 2262,1468 2307,1468"/>
                <TextEquiv>
                    <Unicode>sehr verdächtig. Ich habe ihr heute gekabelt und wenn bis Montag</Unicode>
                </TextEquiv>
            </TextLine>
            <TextLine id="tr_1_tl_9" custom="readingOrder {index:8;}">
                <Coords points="552,1623 2096,1601 2220,1567 2222,1477 554,1558"/>
                <Baseline points="564,1611 570,1608 614,1608 659,1608 704,1605 749,1605 793,1602 838,1602 883,1599 928,1599 973,1596 1017,1596 1062,1593 1107,1590 1152,1590 1196,1590 1241,1590 1286,1587 1331,1587 1376,1584 1420,1584 1465,1581 1510,1581 1555,1581 1599,1578 1644,1578 1689,1578 1734,1573 1778,1573 1823,1573 1868,1570 1913,1567 1958,1567 2002,1564 2047,1564 2092,1561 2137,1561 2181,1558 2226,1555"/>
                <TextEquiv>
                    <Unicode>keine Antwort eintrifft, werde ich Amen depeschieren, dass er</Unicode>
                </TextEquiv>
            </TextLine>
            <TextLine id="tr_1_tl_10" custom="readingOrder {index:9;}">
                <Coords points="549,1711 977,1697 1132,1776 1497,1792 2238,1688 2242,1576 1369,1639 1060,1603 930,1659 554,1612"/>
                <Baseline points="564,1698 588,1698 632,1698 677,1695 722,1695 767,1692 811,1692 856,1692 901,1689 946,1689 990,1686 1035,1686 1080,1683 1125,1683 1170,1680 1214,1680 1259,1677 1304,1677 1349,1677 1393,1674 1438,1674 1483,1671 1528,1668 1573,1665 1617,1665 1662,1665 1707,1662 1752,1662 1796,1662 1841,1659 1886,1656 1931,1656 1975,1653 2020,1653 2065,1653 2110,1650 2155,1650 2199,1644 2244,1644"/>
                <TextEquiv>
                    <Unicode>alle Tantiemen für die Kaiser zurückhält. Hoffentlich wird das</Unicode>
                </TextEquiv>
            </TextLine>
            <TextLine id="tr_1_tl_11" custom="readingOrder {index:10;}">
                <Coords points="563,1794 610,1803 635,1826 660,1812 705,1824 736,1812 786,1830 855,1794 898,1817 943,1790 946,1709 910,1715 887,1702 826,1720 797,1709 779,1722 736,1706 669,1745 644,1720 615,1731 565,1709"/>
                <Baseline points="576,1787 590,1787 635,1784 680,1784 725,1781 770,1781 814,1781 859,1778 904,1778 949,1775"/>
                <TextEquiv>
                    <Unicode>etwas nützen.</Unicode>
                </TextEquiv>
            </TextLine>
            <TextLine id="tr_1_tl_12" custom="readingOrder {index:11;}">
                <Coords points="700,1889 2208,1866 2335,1844 2337,1783 2087,1751 1880,1796 1815,1754 1549,1815 702,1821"/>
                <Baseline points="713,1868 728,1868 773,1871 817,1868 862,1868 907,1868 952,1868 996,1868 1041,1865 1086,1862 1131,1859 1176,1859 1220,1856 1265,1856 1310,1856 1355,1853 1399,1853 1444,1850 1489,1847 1534,1844 1578,1844 1623,1844 1668,1841 1713,1841 1758,1838 1802,1838 1847,1835 1892,1835 1937,1832 1981,1829 2026,1829 2071,1826 2116,1823 2161,1823 2205,1823 2250,1823 2295,1823 2340,1817"/>
                <TextEquiv>
                    <Unicode>Ueber den gegenwärtigen Stand von "Professor Bernhardi" lege</Unicode>
                </TextEquiv>
            </TextLine>
            <TextLine id="tr_1_tl_13" custom="readingOrder {index:12;}">
                <Coords points="567,1968 873,1999 1252,1952 1344,1995 2055,1916 2231,1968 2263,1866 1634,1839 1506,1900 572,1900"/>
                <Baseline points="582,1967 611,1967 656,1964 701,1964 746,1961 790,1958 835,1958 880,1955 925,1952 970,1952 1014,1952 1059,1952 1104,1949 1149,1949 1193,1946 1238,1946 1283,1943 1328,1943 1373,1940 1417,1940 1462,1937 1507,1937 1552,1934 1596,1931 1641,1931 1686,1931 1731,1928 1775,1925 1820,1922 1865,1922 1910,1919 1955,1919 1999,1919 2044,1916 2089,1916 2134,1916 2178,1913 2223,1913 2268,1907"/>
                <TextEquiv>
                    <Unicode>ich eine Notiz des Bühnenvertriebs bei. Viel hat sich, wie Sie</Unicode>
                </TextEquiv>
            </TextLine>
            <TextLine id="tr_1_tl_14" custom="readingOrder {index:13;}">
                <Coords points="576,2094 1742,2060 1902,2013 2037,2051 2267,2013 2269,1961 2049,1916 1709,1988 1560,1947 1472,1995 579,2019"/>
                <Baseline points="588,2053 617,2056 662,2056 707,2053 752,2050 796,2050 841,2047 886,2047 931,2044 976,2044 1020,2041 1065,2038 1110,2038 1155,2038 1199,2035 1244,2035 1289,2035 1334,2032 1378,2032 1423,2029 1468,2026 1513,2026 1558,2023 1602,2023 1647,2020 1692,2020 1737,2017 1781,2017 1826,2014 1871,2011 1916,2011 1961,2011 2005,2008 2050,2008 2095,2005 2140,2002 2184,2002 2229,2002 2274,2002"/>
                <TextEquiv>
                    <Unicode>sehen, noch nicht ereignet, aber ich denke, wenn der Erfolg im</Unicode>
                </TextEquiv>
            </TextLine>
        </TextRegion>
        <TextRegion id="tr_2" custom="readingOrder {index:1;}">
            <Coords points="576,2039 2396,2039 2396,2956 576,2956"/>
            <TextLine id="tr_2_tl_1" custom="readingOrder {index:0;}">
                <Coords points="561,2163 2344,2134 2348,2033 563,2107"/>
                <Baseline points="576,2146 605,2143 650,2143 695,2143 740,2140 785,2140 829,2137 874,2137 919,2134 964,2134 1008,2131 1053,2131 1098,2128 1143,2128 1187,2125 1232,2122 1277,2122 1322,2122 1367,2119 1411,2119 1456,2116 1501,2116 1546,2113 1590,2110 1635,2107 1680,2110 1725,2107 1770,2107 1814,2104 1859,2104 1904,2101 1949,2101 1993,2098 2038,2098 2083,2095 2128,2095 2172,2092 2217,2092 2262,2092 2307,2089 2352,2089"/>
                <TextEquiv>
                    <Unicode>Kleinen Theater weiter so stark bleibt wie bisher, so werden sich</Unicode>
                </TextEquiv>
            </TextLine>
            <TextLine id="tr_2_tl_2" custom="readingOrder {index:1;}">
                <Coords points="572,2263 1625,2222 1625,2184 1578,2161 1466,2152 1362,2175 1222,2148 1085,2186 880,2161 815,2195 574,2170"/>
                <Baseline points="585,2232 602,2232 647,2229 692,2229 737,2226 782,2226 826,2226 871,2223 916,2220 961,2220 1005,2217 1050,2217 1095,2217 1140,2214 1184,2211 1229,2211 1274,2211 1319,2208 1364,2208 1408,2208 1453,2205 1498,2202 1543,2202 1587,2199 1632,2202"/>
                <TextEquiv>
                    <Unicode>die Provinzbühnen auch noch einfinden.</Unicode>
                </TextEquiv>
            </TextLine>
            <TextLine id="tr_2_tl_3" custom="readingOrder {index:2;}">
                <Coords points="714,2332 1842,2330 1947,2283 2166,2319 2382,2283 2384,2220 716,2278"/>
                <Baseline points="725,2319 731,2316 776,2316 820,2316 865,2313 910,2313 955,2310 999,2310 1044,2310 1089,2307 1134,2304 1179,2301 1223,2301 1268,2301 1313,2301 1358,2298 1402,2295 1447,2295 1492,2292 1537,2292 1581,2292 1626,2289 1671,2289 1716,2289 1761,2286 1805,2283 1850,2283 1895,2280 1940,2277 1984,2277 2029,2274 2074,2274 2119,2271 2164,2271 2208,2268 2253,2268 2298,2265 2343,2265 2387,2262"/>
                <TextEquiv>
                    <Unicode>Die Buchausgabe von "Professor Bernhardi" geht in Oesterreich</Unicode>
                </TextEquiv>
            </TextLine>
            <TextLine id="tr_2_tl_4" custom="readingOrder {index:3;}">
                <Coords points="583,2420 1916,2449 2391,2373 2393,2310 585,2364"/>
                <Baseline points="596,2408 605,2408 650,2411 695,2411 740,2408 785,2408 829,2405 874,2405 919,2402 964,2399 1008,2399 1053,2396 1098,2396 1143,2396 1187,2393 1232,2393 1277,2390 1322,2387 1367,2387 1411,2384 1456,2384 1501,2384 1546,2384 1590,2381 1635,2381 1680,2381 1725,2378 1770,2378 1814,2375 1859,2372 1904,2372 1949,2369 1993,2369 2038,2366 2083,2366 2128,2363 2172,2363 2217,2361 2262,2361 2307,2361 2352,2358 2396,2363"/>
                <TextEquiv>
                    <Unicode>viel besser wie bei uns, einstweilen liegt noch keine Veranlassung</Unicode>
                </TextEquiv>
            </TextLine>
            <TextLine id="tr_2_tl_5" custom="readingOrder {index:4;}">
                <Coords points="581,2539 691,2546 734,2524 754,2542 781,2526 813,2537 876,2501 934,2530 1056,2508 1069,2521 1096,2501 1128,2512 1150,2506 1153,2436 1054,2427 1000,2452 921,2434 887,2456 806,2447 752,2470 583,2467"/>
                <Baseline points="596,2501 617,2501 662,2501 707,2501 752,2501 796,2498 841,2495 886,2492 931,2492 976,2489 1020,2486 1065,2486 1110,2486 1155,2483"/>
                <TextEquiv>
                    <Unicode>vor, neu zu drucken.</Unicode>
                </TextEquiv>
            </TextLine>
            <TextLine id="tr_2_tl_6" custom="readingOrder {index:5;}">
                <Coords points="718,2596 2233,2555 2211,2494 2006,2476 1610,2526 1306,2481 1054,2537 720,2526"/>
                <Baseline points="731,2584 761,2584 805,2584 850,2584 895,2581 940,2581 984,2578 1029,2578 1074,2575 1119,2575 1164,2572 1208,2572 1253,2569 1298,2569 1343,2566 1387,2566 1432,2563 1477,2563 1522,2560 1567,2560 1611,2558 1656,2558 1701,2558 1746,2555 1790,2552 1835,2552 1880,2549 1925,2549 1969,2546 2014,2546 2059,2543 2104,2543 2149,2540 2193,2537 2238,2537"/>
                <TextEquiv>
                    <Unicode>Ich kann nicht recht den Wert einsehen, den Wiesbadener</Unicode>
                </TextEquiv>
            </TextLine>
            <TextLine id="tr_2_tl_7" custom="readingOrder {index:6;}">
                <Coords points="581,2697 912,2731 1731,2661 1819,2699 2256,2652 2285,2544 583,2641"/>
                <Baseline points="596,2680 629,2680 674,2680 719,2677 764,2677 808,2674 853,2671 898,2671 943,2671 987,2668 1032,2668 1077,2668 1122,2665 1167,2665 1211,2662 1256,2662 1301,2659 1346,2656 1390,2656 1435,2656 1480,2653 1525,2653 1570,2650 1614,2650 1659,2647 1704,2650 1749,2647 1793,2644 1838,2644 1883,2641 1928,2641 1972,2638 2017,2635 2062,2632 2107,2632 2152,2629 2196,2629 2241,2626 2286,2629"/>
                <TextEquiv>
                    <Unicode>Volksbüchern eine Hovelle zum Abdruck zu geben; es kommt dabei</Unicode>
                </TextEquiv>
            </TextLine>
            <TextLine id="tr_2_tl_8" custom="readingOrder {index:7;}">
                <Coords points="590,2796 2096,2771 2328,2742 2330,2668 592,2738"/>
                <Baseline points="602,2772 632,2769 677,2769 722,2766 767,2766 811,2763 856,2763 901,2760 946,2760 990,2757 1035,2755 1080,2755 1125,2755 1170,2755 1214,2752 1259,2752 1304,2749 1349,2749 1393,2746 1438,2746 1483,2743 1528,2743 1573,2743 1617,2740 1662,2740 1707,2740 1752,2737 1796,2737 1841,2734 1886,2731 1931,2731 1975,2728 2020,2728 2065,2725 2110,2725 2155,2725 2199,2725 2244,2722 2289,2716 2334,2710"/>
                <TextEquiv>
                    <Unicode>doch immer wieder eine Konkurrenz unsern eigenen Ausgaben gegen-</Unicode>
                </TextEquiv>
            </TextLine>
            <TextLine id="tr_2_tl_9" custom="readingOrder {index:8;}">
                <Coords points="583,2893 639,2900 723,2868 801,2875 855,2897 894,2879 952,2884 955,2789 891,2796 837,2823 788,2819 765,2798 738,2810 666,2798 635,2814 585,2801"/>
                <Baseline points="596,2859 602,2859 647,2859 692,2859 737,2856 782,2856 826,2853 871,2850 916,2850 961,2853"/>
                <TextEquiv>
                    <Unicode>über heraus.</Unicode>
                </TextEquiv>
            </TextLine>
            <TextLine id="tr_2_tl_10" custom="readingOrder {index:9;}">
                <Coords points="831,2965 1045,2956 1243,3021 1657,2978 1727,2929 2217,2965 2287,2933 2292,2837 1585,2884 1096,2852 833,2897"/>
                <Baseline points="844,2946 862,2943 907,2943 952,2940 996,2940 1041,2940 1086,2937 1131,2934 1176,2934 1220,2931 1265,2931 1310,2928 1355,2928 1399,2925 1444,2925 1489,2922 1534,2922 1578,2922 1623,2919 1668,2919 1713,2916 1758,2916 1802,2913 1847,2913 1892,2913 1937,2910 1981,2910 2026,2910 2071,2907 2116,2904 2161,2904 2205,2904 2250,2901 2295,2904"/>
                <TextEquiv>
                    <Unicode>Das holländische Zirkular behalte ich noch eine Weile</Unicode>
                </TextEquiv>
            </TextLine>
        </TextRegion>
    </Page>
</PcGts>
