2207 3478
214 516 1973 673 Nr. Grey's Engagement in Milwanke ist nicht sehr glänzend. Sie ist im
218 671 2032 791 Pabst-Theater und der Direktor dieses Theaters weiss sehr wohl, dass „Lied
225 743 2027 854 lei“ nicht geschützt ist. So wird von dort keine Tantiene kommen, aber im
228 858 1996 951 habe Mr. Hunter's schriftliche Bestätigung, dass in der nächsten Saison
1496 903 1644 971 G.C.H.F.P.
523 924 1167 996 lʼhonneur de lʼautre beaucoup de nouveau.
228 933 2030 1045 Tantiemen bezahlt werden sollen. Ich wünschte Herrn Dr. Schnitzler zu über¬
446 1007 1092 1079 wurde er wiederholt zu nehmen.
228 1036 2030 1140 zeugen, dass ich mein Aeusserstes in dieser Sache getan habe und das ich
237 1131 1973 1214 die Geschäfte viel besser hätte führen können, ware nicht Miss Colbron
232 1194 2034 1311 mit ihren Widersprüchen gewesen. Sowohl Mr. Hunter als Miss Grev haben die
237 1304 1149 1430 besten Absichten, das Rechte zu tun.
363 1385 2020 1480 Was England betrifft - so ist Miss Achwell augenscheinlich auf ihre
241 1478 2023 1584 Verhandlung mit mir zurückgekommen. Bitte sagen Sie Dr. Schnitzler, dass
230 1552 2032 1685 niemals Anspruch erhebe auf Beteiligung an einem Geschaft, dass ich nich
246 1665 1996 1768 gemacht habe. Mr. Achwell hat sich die „Liebelei“ auf meinen Vorschlag
243 1766 2036 1854 hin angesehen, sie hat mir nicht gesagt, dass sie eine Uebersetzung davon
252 1840 2027 1939 gesehen hat, Sie hat sich nicht um We### Colbron's Uebersetzung gekümmert,
250 1919 2030 2030 was ich Ihnen mitteilte. Seitdem habe ich mit Miss Achwell ein oder zwei
255 2005 2036 2129 geschäftliche Verhandlungen gehabt, die nicht sehr angenehm waren und ich
250 2104 2018 2216 vermute, dass sie vorgezogen hat, dem Copyright-Büro zu berichten, daß
250 2203 2041 2313 sich schon vor zwei Jahren mit „Liebelei“ befasst hat. Miss Ashell's An¬
259 2273 2016 2394 gabe, dass sie vor zwei Jahren keine Zeit fand, das Drama aufzuführen,
252 2379 2036 2523 nicht, denn sie war in den letzten zwei oder drei Jahren ein Star und ha
259 2471 1160 2595 die Stücke gespielt, die sie wollte.
381 2530 2009 2674 Es ist brieflich sehr schwer, die Situation mit dem Copyright etc.
259 2656 2039 2780 erklären, wie es hier steht, und wie ich Ihnen die Einzelheiten gern ver-
259 2721 2032 2892 ständlich machen möchte. Mr. Herbert Percy aus meine Büro, der nach Bur-
261 2827 2023 2978 gereist ist, wird nach Berlin kommen, zu dem ausschliesslichen Zweck, So
