2733 3672
798 781 1928 915 men, dem auch Ihnen bekannten Epstein zu
802 869 2006 1012 dem Zweck übergeben, dass er ein geeignetes
816 959 2047 1076 Theater für das Stück zu interessieren sucht.
811 1043 2033 1208 Epstein ist, soviel ich weiss, nicht hervor-
828 1139 1926 1279 ragend zuverlässig, aber er hätte ja in
827 1199 2006 1340 diesem Fall nichts weiter zu tun als eine
828 1318 1981 1442 Anbahrung mit einem geeigneten Theater zu
847 1451 1155 1523 vermitteln.
924 1479 2038 1608 Die Verrechnung würden wir eventl. durch
844 1575 2107 1697 die Société d'Auteurs Dramatiques vereinbaren.
1693 1639 1773 1694 T
1002 1691 1646 1821 Mit herzlichen Grüssen
1622 1744 2011 1839 Ihr ergebener
1619 1842 2074 2038 S. Fischer
