2733 3672
1783 379 1881 467 1er
2058 385 2217 518 :1:1
1375 522 1546 674 209
748 650 2038 766 S. FISCHER, VERLAG,’ BERLIN W., BÜLowSTR. 90
1149 745 1660 830 THEATERABTEILUNG
1323 897 2022 1006 BERene W., DEN 21/6. 1910.
912 1233 1672 1367 Herrn Dr. Arthur Schnitzler
1733 1310 2021 1392 Wien XVIII
1705 1374 2117 1449 Spöttelgasse 7
920 1530 1449 1661 Lieber Herr Doktor,
1122 1690 2086 1777 wir müssen uns hier rein an die ju-
936 1775 2144 1884 ristische Seite der Sache halten. Das Papst-
942 1876 2197 1963 Theater behauptet diese Summe irrtümlich aus-
936 1956 2106 2045 gezahlt zu haben. Ich glaube nicht, ob wir
941 2040 2144 2151 das Recht haben, eine Summe, die uns irrtüm-
949 2119 2130 2210 lich überwiesen wurde, zu behalten. Ein Ge¬
952 2221 2180 2311 schenk wird mit Bewusstsein, freiwillig gege-
952 2318 2136 2409 ben; wir würden also nichts ausrichten, uns
955 2406 2088 2499 darauf zu berufen, dass auch ein Geschenk
947 2485 1897 2571 nicht zurückgefordert werden kann.
1061 2560 2122 2664 Ich will, wie Sie vorschlagen, von dem
944 2661 2051 2762 Papst-Theater 500 Mark als Garantie für
