2641 3607
1080 689 1232 822 iyw
655 780 1970 922 S. FISCHER, VERLAG,’ BERLIN W., BÜLowSTR. 90
1250 904 2009 1028 Z. Zeit Gardine am
1236 978 2004 1092 BERLin W., DEN Gardasee
1333 1053 1961 1198 Gramt Hotel.
1681 1130 2054 1286 13.4.13.
567 1159 1019 1270 Dichtet.
865 1412 1706 1598 hiebeo Herr Doktor.
674 1544 2097 1683 Ich habe mein beiliner Bureau beaufe
664 1600 2063 1770 trugt, durch den Syndikus des deut¬
651 1661 2099 1860 schen Verleger - Vereins festzustellen, ob
671 1747 2079 1943 die Aufführungsrechte in England auch
682 1874 2117 1987 10 Jahren frei sind meine inzwischen eine
691 1918 2093 2072 englische Übersetzung nicht erschienen ist.
700 1991 2066 2117 Ich bin nicht sicher, ob das der Fall ist,
692 2039 2115 2206 ich macht, daß zwischen dem Recht
784 2090 956 2140 acker
700 2118 2133 2291 der Aufführung und dem der drück¬
716 2190 2011 2361 legung ein Unterschied besteht.
1004 2262 2120 2413 Die Angelegenheit Blöckmann,
725 2332 2126 2502 hingt darum amt Ihrem Vertey mit
734 2414 2129 2538 Gram zusammen, weil Björkinann das
728 2474 2135 2631 Recht der Übersetzung mich für Engleins
1331 2561 1482 2617 -
771 2545 2097 2680 verlangt. Eine Trennung der Künder,
766 2619 2084 2771 rung kaum durchführbar, weil
759 2696 2131 2845 die Übersetzung für die englische Som¬
791 2773 2081 2918 che sich für die Aufführungsrechte
787 2829 2113 3028 vohl kremmen ließe, nicht über für
