2216 3480
1244 235 1482 382 2
679 690 1214 835 fertig sein können.
750 759 1835 922 Den Leinenband möchte ich xxx gestalten,
684 884 1825 991 wie die Leinenbände der neuen Bübker, die
682 954 1954 1105 Sie ja in Händen haben. Ich verweise besonders
696 1017 1883 1167 auf die Einbände „Der Wirt von Veladus“ son
698 1140 1858 1250 Georg Hirschfeld und „Das Rad“ von Jénech.
704 1214 1926 1334 Bitte lassen Sie mich wissen, ob Ihnen dies
703 1302 1871 1449 Bände zusagen. Für den Lederhand sende ich
710 1402 1869 1519 Ihnen mitfolgend eine Vorlage. Wir könnten
720 1481 1923 1607 den etwas altmodischen Rücken viel einfacher
725 1574 1910 1688 gestalten, alle Ornamente weglassen und nur
734 1648 1910 1793 ein Rückenschild drucken. Gefällt Ihnen der
737 1743 1929 1868 Lederband von Wassermann, den Sie in Händen
737 1808 1973 1967 haben besser, so könnten wir auch den nehmen.
1141 1926 1667 2035 Mit vielen Grüssen
1231 2002 1612 2109 Ihr ergebener
1178 2093 1648 2272 S. Fischer
1268 3072 1948 3233 sur engereur.
1981 3042 2206 3252 Herrn
655 3129 990 3247 imer
