2962 3575
1295 321 1420 434 46
1060 377 1986 600 S. FISCHER. VERLAG.
1581 624 2600 796 Berlin W., den 13. November 189 7
1677 751 2454 859 Steglitzer Skasse 49 J. Jetzt: Bälowstr. 90/91,
1785 818 2264 948 Telephon: Amt VI, 1662.
1221 964 2466 1118 Herrn Dr. Arthur Schnitzler.
1686 1043 2281 1197 lische Wien.
1094 1207 1643 1341 Lieber Herr Doktort
912 1317 2535 1430 „Freiwild“ werde ich gleich zum Satz befördern; ich bitte
2017 1398 2396 1470 Geichnung
693 1410 2531 1516 nur vorher um Nachricht, ob Sie den pekorationsplan der dem ersten
691 1511 2478 1605 Akt vorangeht, abgedruckt haben wollen und ob Sie die Bezeichnung
703 1595 2583 1698 „Auftritt" mit der jedesmaligen Anweisung der auftretenden Personen
698 1677 2557 1789 gedruckt wünschen. Da es sich hier lediglich um eine Buchausgabe für
696 1753 2538 1849 die Lekture handelt, so sind diese technischen Anweisungen, die den
688 1813 2286 1948 Dialog jedesmal störend zerhacken, vielleicht überflüssig.
940 1914 2636 2013 Venn Sie mir zur Zeit rechtzeitig mittheilen werden, wann die
705 1991 2624 2125 Aufführung statufindet, so werde ich es jedenfalls so einrichten, dass
700 2109 1962 2245 die Bücher nicht früher zur Versendung kommen.
948 2099 2605 2303 Der Erscheinungspermin des Novellenbuches im Februar ist mir
705 2233 2567 2368 recht. Die von Ihnen erwähnten zehn Scenen „Liebesreigen“ sind mir
717 2341 2533 2466 unbekannt; vielleicht liessen sich dieselben der neuen Auflage von
720 2430 2631 2540 „Anatol“ beifügen. Fällt das aber aus dem Rahmen, so würde sich eine
712 2521 2636 2658 Separatausgabe veranstalten lassen. Sind denn diese Sachen wirklich so
717 2622 2559 2744 gewagt, dass Sie sich meinetwegen dabei beunruhigen? In Deutschland
720 2696 2639 2807 liegt ja die Sache so, dass Sie als Ausländer nicht verantwortlich ge-
715 2790 2641 2912 macht werden. Der Verleger ist allerdings für alle seine Publikationen
705 2871 2622 2989 dem Gesetze gegenüber verantwortlich. Vielleicht schicken Sie mir den
727 2929 2593 3092 „Liebesreigen“ bei Gelegenheit zur Einsichtnahme. Aus den Publika-
1022 3222 1175 3377 von
