2663 3352
715 435 2366 570 Der erste grosse Roman Arthur Schnitzlers ist zu gleicher
566 558 2390 651 Zeit der erste zeitgeschichtliche Roman des heutigen Wiens. Ein
568 618 2402 764 reich bewegtes Gesellschild wird vor uns entro'lt; wir ler-
568 745 2390 831 nen eine Fülle von Gestalten kennen, die durch die besondere At-
568 809 2331 942 mosphäre ihrer Stadt und durch die komplizierten Verhältnisse
561 899 2333 1010 ihres Landes in mannigfacher Beziehung mit einander verknüpft
568 1008 2340 1117 sind. Allerlei Probleme der Zeit werden berührt, insbesondere
561 1088 2385 1197 wird den Schicksalen der modernen Juden innerhalb der eigentüm¬
561 1167 2433 1283 lichen modernen Gesellschaft Wiens, und zwar mehr nach der seeli-
561 1266 2416 1368 schen als nach den rein sozialen Seite, nachgegangen. Die breite
561 1342 2338 1495 epische Anlage des Werkes, mit ihrem Reichtum an Personen und
561 1451 2421 1538 Idee, mit ihrer Handlung und ihren vielen geistreichen und mehr
563 1526 2366 1630 als geistreichen Gesprächter, wird durch die Grazie der Form in
554 1616 2333 1756 eine heiter-lebendige Stimmung ungesetzt. Diese Grundstimmung
561 1716 2459 1846 von Geist und Grazie, von noble innerr Freiheit, beherrscht das
556 1782 2094 1945 ganze werk und bewingt in anmutigte Weise den Lese
