2552 3096
542 191 1940 359 S. Fischer, Verlag, Berlin W., Bülowstrasse 90
1643 366 2131 500 den 7/3. 1912
804 666 1087 765 ten noch als
592 740 1349 876 Herrn Dr. Arthur Schnitzler
1317 827 1534 948 Wien
1042 945 1426 1037 Monsieur M.M.
1426 901 1755 1037 peut être
381 943 931 1077 Lieber Herr Doktor,
1567 985 1871 1104 machen. Ich
1252 1020 1366 1101 G.C.F.P.
936 965 1235 1126 dertrittsre
762 1057 881 1126 G.C.F.P.
639 1040 720 1126 G.F.P.
517 1079 2171 1205 mit dem Satz der „Gesammelten Werke“ haben wir begonnen; die
354 1116 443 1225 aie
329 1186 2180 1304 Korrekturen werden Ihnen schon im Laufe der nächsten Woche zugehen.
339 1255 2284 1391 Wenn Sie keine Zeit und Lust haben, Korrekturen zu lesen, so können Sie
334 1327 2279 1490 sich die Mühe ersparen, da die Korrekturen jedenfalls bei uns gelesen
339 1448 2158 1567 werden. Der Druck muss ein bisschen beschleunigt werden, damit wir
334 1520 1797 1663 rechtzeitig mit den ersten drei Bänden fertig werden.
450 1638 2232 1745 Das Format ist sehr handlich und dem Schriftbild angemessen. Die
342 1725 2304 1824 Theaterstücke vorden so gesetzt werden wie die Theaterstück von Shaw
342 1812 2331 1911 in den "Gesammelten Werken" von Shaw; Sie können das in der Ausgabe, und
1804 1881 2364 1995 ersass daran, Sie für
342 1906 1047 2017 die Sie haben, nachsehen.
421 1960 2279 2106 Ich habe der Firma Ladyschnikow wegen Ihrer Hovelle für Russland ge-
356 2062 2255 2198 schrieben. Da die Herren aber die Novelle wahrscheinlich lesen wollen,
351 2146 2173 2272 wird es notwendig sein, dass Sie uns noch eine Abschrift schicken.
460 2220 2279 2364 Wegen Ihrer Novelle, insbesondere wegen des Termins, werde ich mit
346 2319 2277 2433 Bie sprechen. Wenn es sich machen lässt, dass die Hovelle neben dem
356 2401 2267 2552 laufenden Roman in zwei Heften abgedruckt wird, so könnte das Buch noch
366 2490 2232 2606 sehr gut im Juni erscheinen. Der billigen Ausgabe von "Bertha Garlan"
366 2606 1626 2722 würde dieses Buch gar keine Konkurrenz machen.
488 2671 2260 2777 Browns Vorschlag mit 18 % Anteil von Kettogewinn kommt garnicht i
463 2755 2205 2918 racht. Ich habe der Firma vorgeschlagen, Ihnen 10 % vom Brutto-Ve
