2956 3447
1828 321 2184 499 26/6 1
726 390 2065 677 S. FISCHER. VERLAG. HOFBUCHHANDLUNG
677 576 1326 773 sehr geehrte.
1409 605 2432 804 Berlin W., den 1890
1582 744 1959 858 Steglitzer Strasse 491.
613 732 2158 949 ihren Brief nebst der xxx: Ami VI, 1662.
460 848 703 1011 habe
520 856 2466 1132 lutwickeln wird. Ich bitte Sie also
551 1034 2518 1241 meinen Contract entsprechend zu corrigen,
553 1145 2523 1391 und mir eine Abschrift mit Ihrer Unter¬
540 1305 2084 1510 schrift zugehen zu lassen.
724 1388 2536 1618 der Verlag Ihrer dramatischen Werke
556 1502 2505 1729 ist in unserem Contract nicht eingesehen
592 1641 2492 1856 so ist. Die xxx Vörmligung von Fall
597 1755 2127 1934 zu fall nicht ausschließt.
744 1853 2554 2024 die Uebernahme Ihrer frühern Werke,
564 1975 2582 2192 in meinen Verlag entspricht meinen
414 2109 538 2221 De'
579 2104 2567 2303 Wünschen, da es für beide Theile zweck
576 2226 2526 2464 mäßig ist, alles in einer Hand zu
2213 2350 2316 2438 Votre
476 2360 2551 2551 i concentriven. Lassen Sie mich
584 2474 2533 2709 frdl. wissen unter welchen Bedingungen
569 2598 2559 2820 die beiden Werke verlegt wurden und
564 2709 2544 2937 wie groß ungefähr der Lagerbestand
564 2844 2546 3066 beider Werke sein dürfte; ich würde
582 2970 2520 3112 vang sehen, ob eine Einigung erzielt
569 3084 1233 3195 werden könnte
