2626 3384
1279 211 2145 422 10 Herrn Dr. A. Schnitsler Blatt
339 273 1288 458 S. FISCHER,VERLAG, BERLIN, 21/8.15
577 481 2225 676 Die Angelegenheit "Der grüne Kakadu" mit dem Schillertheater
447 616 2190 761 hat noch nicht erledigt werden können, weil Herr Direktor Brahm
454 703 2259 882 zur Zeit verreist ist und sein Bescheid diesetwegen noch aussteht.
596 790 2213 937 Unser Herr Fischer ist heute auf den Semmering gefahren und
451 903 1870 1065 hat die Hoffnung ausgesprochen, Sie dort zu sehen.
1705 983 2165 1098 Hochachtungsvoll
1084 1031 1279 1141 G.C.F.P
1847 1072 2108 1187 ergebenst
1757 1159 2239 1262 S. FISCHER,VERLAG
1771 1246 2227 1324 THEATERABTEILUNG
1668 1230 1773 1366 ppas
1737 1246 2344 1453 Carl Schön
474 1460 2174 1624 P. S. Inzwischen hat auch das Schauspielhaus in Düsseldorf um
488 1478 2328 1716 ein Buch und Vertragsentwurf für "Der junke Medardus" ersucht. Die-
486 1631 2163 1808 ses Ersuchen haben wir Ihrem Wunsche entsprechend in gleicher
488 1705 2330 1893 Veise vie Leipzig und Nürnberg beantwortet. Oder soll etwa bei die-
490 1828 1574 2037 ser Bühne eine Ausnahme gemacht werden?
1725 2032 1819 2174 P.
