2696 3432
1064 104 1143 209 21
1316 128 1402 281 "
1181 400 1350 513 253
659 479 1966 621 S. FISCHER, VERLAG,’ BERLIN W., BÜLowSTR. 90
1246 680 1958 814 BERene W., DEN. 27. Juli 1911.
842 824 1618 958 Herrn Dr. Arthur Schnitzler
1645 918 1796 1040 Wien
736 1028 1285 1154 Lieber Herr Doktor,
806 1150 2005 1246 wir denken Sie über Klimt? Er hat Phantasie
724 1253 2005 1341 und wäre vielleicht imstande, den Stil und Ton
722 1348 1976 1440 Ihrer Erzählung zu geben, dabei doch auf eine
727 1426 1976 1510 ganz eigene Weise. Ich fürchte nur, die Sache
727 1505 1964 1622 würde am Kostenpunkt scheitern. Haben Sie zu
718 1609 1937 1690 Klimt Beziehungen, so wäre es vielleicht am
727 1690 1955 1773 besten, wenn Sie selbst bei ihm anfragen, ob
731 1780 1534 1881 er so etwas übernehmen würde.
862 1847 1951 1969 Der Maler Windhager ist mir nicht be-
700 1953 1881 2066 kannt. Finden wir nicht einen feinsinnigen
731 2045 1980 2149 Künstler, der Phantasie hat, dann beschränken
731 2126 1904 2216 wir uns am besten auf ein gut gezeichnetes
736 2232 2038 2318 Umschlagbild. Schlimmsten Falls wäre vielleicht
731 2308 1732 2434 Klimt für ein solches Bild zu haben.
999 2390 1627 2506 Mit herzlichen Grüssen
1472 2448 1850 2549 Ihr ergebener
1566 2502 2023 2655 F. Fischer
2187 2858 2419 2981 evouvelle
558 2862 2362 3069 vegnügen, die in Buchform noch nicht
578 3004 1505 3157 veröffentlicht ist.
1586 3022 2372 3130 (der späteren Bechform wird
1631 3085 2394 3172 dadurch nicht vorgegriffen
