2470 3591
1012 370 1198 505 201
968 598 1125 776 295
497 727 1801 898 S. FISCHER,VERLAG, BERLIN W., BÜLowSTR. 90
1080 948 1775 1054 BERene W., DEN 10/X. 1912
749 1172 1526 1331 Herrn Dr. Arthur Schnitzler
1469 1273 1633 1385 Wien
753 1442 1302 1562 Lieber Herr Doktor,
851 1575 1913 1685 wir haben die Absicht, von Ihrem Roman
792 1638 1858 1781 "Der Weg ins Fraie" drei neue Auflagen:
771 1754 1802 1887 die 23.-25. Auflage zu drucken. Dabei
773 1849 1786 1947 fällt mir ein, dass wir zu den neuen
771 1937 1809 2078 Auflagen doch wohl am besten den Satz
779 2030 1820 2142 dieses Werkes aus Ihrer Gesamtausgabe
783 2091 1919 2233 benutzen sollten. Der Satz ist neu durch-
783 2210 1955 2306 korrigiert und vor allen Dingen scheint es
788 2289 1926 2397 mir, als ob Format und Schrift in der Ge-
789 2384 1832 2496 samtausgabe eine viel bessere Wirkung
789 2466 1884 2592 geben. Bitte lassen Sie mich wissen, ob
801 2572 1609 2665 Sie damit einverstanden sind.
1140 2650 1789 2785 Mit herzlichen Grüssen
1650 2751 1754 2858 Ihr
1471 2783 1919 2965 S. Fischer
