2908 3688
2134 146 2362 285 A
2148 349 2440 473 Blatt 2
485 379 1288 537 S. FISCHER, VERLAG, BERLIN,
662 709 1175 841 durchführen lässt.
822 791 2381 900 Ich schicke Ihnen zwei Satzproben; ich denke, wie werden
666 869 2327 1027 die mit I bezeichnete grössere Schrift des grönseren Umfangs
674 949 2485 1074 wegen wählen müssen. Es ist eine alte schöne holländische Antiqua-
683 1057 2506 1192 schrift, mit der Sie wohl einverstanden sein werden. Um keine Zeit
674 1156 2494 1286 zu verlieren, bitte ich um eine Depesche. Wir werden ein stärkeres
671 1229 2487 1352 Papier nehmen müssen und die Qualität des Material so gut gestal-
688 1342 2223 1444 ten, wie es sich mit der Kalkulation irgendwie verträgt.
853 1408 2461 1552 Veranlassen Sie bitte jedenfalls, dass Prof. Schmutzer mit
685 1517 2576 1623 der Herstellung der Radierungen beginnt, damit wir in etwa 3 Wochen
695 1580 2433 1700 2000 Exemplare in Leipzig vorfinden. Die Sendung soll an die
688 1689 2185 1816 Spamersche Buchdruckerei in Leipzig adressiert werden.
1225 1790 1868 1917 Mit herzlichen Grüssen
1837 1865 1950 1966 Ihr
1853 2011 2546 2174 fischer
