2929 3495
752 363 2496 560 7 Male am 1. Juli 98 abgelaufen ist, wird erst am 1.. Juli nächsten
623 534 2402 665 Jahres wieder fällig. Wir können unabhängig von diesem Vertrage, der
653 627 2383 766 die Grundlage für die Honorierung und für den Druck der Auflagen
599 721 2426 855 bildet, jedes Mal durch Correspondenz die Zahl der Freiexemplare und
606 829 2456 934 den Termin für Drucklegung und Honorarzahlung feststellen. Ich bin in
590 901 2238 1030 dieser Beziehung immer bereit, Ihren Wünschen zu entsprechen.
714 981 2365 1133 Unsere jährliche Abrechnung erhalten Sie, wie gewöhnlich, im
585 1091 869 1196 September.
740 1150 2477 1267 Ich gehe Mitte dies. Monats mit meiner Familie nach Tirol, dies-
581 1231 2465 1423 mal nach Gossensass. Vielleicht habe ich wieder das Vergnügen, Sie in
571 1339 1014 1466 Tirol zu sehen.
1002 1398 1510 1543 Mit besten Grüssen
1505 1395 2437 1634 Thr ergebener
2035 1576 2559 1733 Ffischer
1470 1840 2545 2037 Thr. Mscpt. (ohne
796 1817 1409 2065 toeben trifft.
1468 2051 2032 2187 mir ein
1220 2016 1435 2208 bei
775 2002 1098 2184 Titel
