2799 3671
1308 295 1484 433 214.
900 370 1966 559 S. Fischer, Verlag, Berlin W., Bülowstraße 90
1714 489 2407 673 Berlin, den 19. Mai 1910
786 892 1545 1043 Herrn Dr. Arthur Schnitzler
1550 958 1953 1116 Die Zt^VLutern
577 1126 1109 1260 Lieber Herr Doktor,
633 1240 2497 1356 eine Ueberschreitung des festgesetzten Budgets findet zuweilen statt;
585 1338 2434 1439 damit muss jede Redaktion rechnen; und wir würden auch in Ihrem Fall
580 1416 2480 1525 damit gerechnet haben, wenn es sich z. B. um den Abdruck einer Hovelle
582 1537 2485 1638 handelte, die dem Leser gegenüber eine wichtigere Darbietung darstellt
585 1613 2497 1714 als das Stück eines Stücks. Der Wert dieser Darbietung wird obendrein
577 1691 2598 1824 noch dadurch beeinträchtigt, dass einen Monat später schon das Buch heraus-
585 1779 2601 1908 kommt. Ich bitte das zu berücksichtigen und versichert zu sein, dass einzig
582 1898 2583 1988 und allein diese rein praktischen Erwägungen dazu geführt haben, Ihnen un-
585 1976 2608 2102 sern Honorarsatz, der, wie ich nochmals betone, der höchste Satz für unsere
587 2059 1567 2182 besten Mitarbeiter ist, anzubieten.-
711 2160 2525 2265 Die Wiener Freie Volksbühne hat uns eine Abrechnung über Ihre drei
582 2235 1784 2366 Einakter nicht geschickt; sollen wir mahnen?
711 2328 2502 2444 Mit der Aufführung von "Zwischenspiel" in Nürnberg am 5. Mai 1909
1326 2397 1489 2457 custa
595 2419 2578 2543 verhält es sich folgendermassen: Herr Heinz Mohnard (Jetzt am Leszing-The-
587 2502 2525 2621 ater) hat das Stück s. Zt. für ein Gastspiel in Stuttgart und Darmstadt
587 2613 2540 2717 erworben, gegen eine Garantie von M. 200.-, die bezahlt und Ihnen am 19,
585 2679 2517 2812 Januar 1909 verrechnet wurde. Die einmalige Aufführung in Stuttgart er-
585 2775 2452 2893 gab nur M. 57,52. Anstelle des Gastspiels in Darmstadt veranstaltete
582 2878 2427 2981 Herr Monnard die in Frage stehende einmalige Aufführung in Nürnberg,
580 2958 2449 3072 über die er eine Abrechnung trotz wiederholter (viermaliger) Mahnung
572 3044 2422 3145 nicht erteilt hat. Da indessen auch durch die Nürnberger Aufführung
585 3135 2422 3258 die gezahlte Garantie von 200 Mark jedenfalls nicht erreicht worden
