2854 3431
889 247 1663 429 S. FISCHER, VERLAG
1332 552 2341 690 BERLIN W., den 2. November 1898.
266 571 700 724 Telephon: Amt VI, No. 1662.
1542 644 2029 765 strasse 91.
1554 705 2063 840 Bild des Bialogs
1596 814 1976 915 nim die Dramen
419 833 1162 954 zerhacken. Vielleicht sehen
538 874 2225 1007 Sollten Sie Herrn Dr. Arthur Schnitzler.
1569 971 2014 1102 Wien IX.
666 1002 908 1126 Dikart.e des
898 1136 1462 1281 Lieber Herr Doktor!
717 1206 2373 1375 Das „Vermächtnis“ habe ich an Freyhoff’s Buchdruckerei in
484 1315 2404 1462 Nauen zum Satz geschickt. Der Satz wird sehr schnell gefördert werden.
489 1390 2438 1557 aber das Broschiren und Versenden der Bücher dauert immerhin 8 - 10
496 1455 2373 1649 Tage, so dass ich Sie bitten muss, die Correkturen immer sofort nach
492 1583 2162 1772 Empfang direkt an Freyhoff's Büchdruckerei zurückzuschicken.
804 1634 2351 1833 Ich glaube, Sie kommen besser und billiger weg, wenn Sie
506 1758 2368 1920 Ihre drei Einakter anstatt bei Entsch gleich bei mir drucken lassen,
516 1838 2424 1990 vorausgesetzt, dass der Satz gleich für die Buchausgabe verwendet wer-
523 1935 2395 2099 den kann. Wenn aber der Satz längere Zeit für die Buchausgabe stehen
663 2029 2385 2194 sen muss, so ist das mit so viel Umständen und Kosten verbunden,
521 2114 1876 2264 dass die Herstellung bei Entsch vorzuziehen ist.
770 2167 2472 2351 Besten Dank für die Empfehlung des Stückes von Leo Hirschfeld
525 2261 2380 2460 das Stück wird jetzt von meinem Lektor gelesen; hat es literarische
538 2363 2470 2521 qualitäten, so dass ich es mit meinem Verlage vertreten kann, so werde
535 2501 1099 2659 ich es gern bringen.
1131 2547 1600 2685 Mit bestem Gruss
1719 2610 2027 2753 ergebener
339 2639 1177 2818 in Shran Briefe steht.
1654 2659 2189 2826 fische
504 2736 1056 2859 nichts darüber
1329 2767 2506 2968 meines Verlages, habe ich die lediglich fünfte
593 2864 1099 3012 N. B. Wie bei all
1334 2906 2286 3070 merkungen, Auftritt und Wiederholung
591 2947 1259 3128 den Regisseur bestimmter
