2552 3607
1064 352 1416 476 Abschrift!
1551 446 2230 557 Kopenhagen, den 21/I. 13.
652 706 1358 825 An den Verlag S. Fischer
1312 785 1588 907 Berlin W.
670 947 2239 1069 Ich danke ergebenst für Ihren warten Brief vom 16/I. und
543 1035 2354 1161 ersuche Sie Herrn Schnitzler mitsuteilen, dass ich zwar noch keine
543 1096 2269 1245 Schauspiele oder Verse aus dem Deutschen übertragen habe, doch
546 1211 2287 1346 habe ich mit meiner Frau, geb. Skram Leutnant Gustl“ „Exentrie“
546 1308 2187 1409 und „die griechische Tänzerin" übersetzt. Die beiden ersten
548 1396 2226 1515 Novellen habe ich „ Gyldendalske Boghandel“ - „Nordisk Forlag“
557 1470 2138 1601 zugeschickt, und sollte der Verlag, falls er willig wäre,
561 1560 2221 1678 meine Uebersetzung heraussugeben, die Autorisation bei Ihnen
564 1694 830 1790 erwerben.
706 1716 2228 1860 Allein ich habe trotz einem liebenswürdigen Versprechen
568 1833 2269 1964 Herrn Peter Nansens noch keine Antwort bekommen und würde ich
589 1872 2345 2041 sehr dankbar sein wenn Sie mir die Autorisation für obengenannte
589 1991 2388 2138 drei Nouellen geben wollten, so dass ich sie für alle Fälle hätte.
589 2081 2210 2219 Zu gleicher Zeit muss ich Ihnen leider mitteilen, dass ich,
593 2178 2356 2291 während unserer Korrespondenz, etwas literarische Arbeit bekommen
595 2260 2361 2395 habe, welche es mir leider unmöglich macht vor einem halben Jahr
600 2345 2140 2474 die Uebersetzung „Der Schleier der Beatrice“ anzufangen.
740 2420 2300 2559 Ich erwähne dieses, weil ich fürchte, dass Sie in diesem
600 2539 1991 2672 Falle lieber die ganze Sache fallen lassen wollen.
931 2623 1727 2733 Mit vorzüglicher Hochachtung
1159 2686 1418 2796 ergebenst
1400 2753 1788 2850 Poul Knudsen.
