<?xml version="1.0" encoding="UTF-8" standalone="yes"?>
<PcGts xmlns="http://schema.primaresearch.org/PAGE/gts/pagecontent/2013-07-15" xmlns:xsi="http://www.w3.org/2001/XMLSchema-instance" xsi:schemaLocation="http://schema.primaresearch.org/PAGE/gts/pagecontent/2013-07-15 http://schema.primaresearch.org/PAGE/gts/pagecontent/2013-07-15/pagecontent.xsd">
    <Metadata>
        <Creator>prov=READ-COOP:name=TrHtr:version=2.1.0:model_id=51170:date=26_07_2023_22:29</Creator>
        <Created>2023-05-02T08:10:29.977+02:00</Created>
        <LastChange>2023-07-26T22:29:00.626+02:00</LastChange>
        <TranskribusMetadata docId="1416742" pageId="54954861" pageNr="430" tsid="131084872" status="IN_PROGRESS" userId="64420" imgUrl="https://files.transkribus.eu/Get?id=FIJDCLCWXVXVWBSDLALECUDQ&amp;fileType=view" xmlUrl="https://files.transkribus.eu/Get?id=QEBOJAYMYMRBBRKZXZVRRRBZ" imageId="44458586"/>
    </Metadata>
    <Page imageFilename="1416742_0430.jpg" imageWidth="2733" imageHeight="3672">
        <ReadingOrder>
            <OrderedGroup id="ro_1711827355755" caption="Regions reading order">
                <RegionRefIndexed index="0" regionRef="tr_2"/>
                <RegionRefIndexed index="1" regionRef="tr_1"/>
            </OrderedGroup>
        </ReadingOrder>
        <TextRegion id="tr_2" custom="readingOrder {index:0;}">
            <Coords points="692,562 1994,562 1994,1362 692,1362"/>
            <TextLine id="tr_2_tl_1" custom="readingOrder {index:0;}">
                <Coords points="1304,623 1338,633 1351,623 1388,647 1420,621 1462,631 1481,628 1483,510 1463,502 1446,517 1428,510 1380,518 1333,504 1306,514"/>
                <Baseline points="1313,614 1352,614 1397,614 1441,614 1486,612"/>
                <TextEquiv>
                    <Unicode>218</Unicode>
                </TextEquiv>
            </TextLine>
            <TextLine id="tr_2_tl_2" custom="readingOrder {index:1;}">
                <Coords points="681,755 1942,712 1977,647 684,665"/>
                <Baseline points="692,722 725,725 770,722 815,722 859,722 904,722 949,722 994,722 1038,716 1083,716 1128,716 1173,716 1218,713 1262,713 1307,713 1352,710 1397,710 1441,707 1486,704 1531,704 1576,701 1621,701 1665,701 1710,698 1755,695 1800,695 1844,692 1889,689 1934,689 1979,689"/>
                <TextEquiv>
                    <Unicode>S. FISCHER, VERLAG, BERLIN W., BÜLowSTR. 90</Unicode>
                </TextEquiv>
            </TextLine>
            <TextLine id="tr_2_tl_3" custom="readingOrder {index:2;}">
                <Coords points="1072,823 1261,803 1314,823 1401,800 1452,816 1505,799 1599,803 1600,749 1544,737 1338,763 1236,744 1203,763 1075,760"/>
                <Baseline points="1083,803 1110,800 1155,803 1200,800 1244,800 1289,797 1334,797 1379,794 1424,791 1468,791 1513,791 1558,788 1603,788"/>
                <TextEquiv>
                    <Unicode>THEATERABTEILUNG</Unicode>
                </TextEquiv>
            </TextLine>
            <TextLine id="tr_2_tl_4" custom="readingOrder {index:3;}">
                <Coords points="1254,992 1531,969 1940,984 1988,974 1992,910 1861,877 1259,903"/>
                <Baseline points="1265,976 1277,973 1322,973 1367,973 1412,970 1456,970 1501,967 1546,964 1591,967 1635,964 1680,958 1725,952 1770,952 1815,952 1859,949 1904,949 1949,946 1994,949"/>
                <TextEquiv>
                    <Unicode>BERene W., DEN. 15/6. 1910</Unicode>
                </TextEquiv>
            </TextLine>
            <TextLine id="tr_2_tl_5" custom="readingOrder {index:4;}">
                <Coords points="979,1301 1156,1322 1420,1290 1616,1301 1681,1264 1753,1270 1755,1224 1673,1198 1502,1227 1360,1206 1233,1238 1187,1216 1129,1233 980,1214"/>
                <Baseline points="988,1277 997,1277 1041,1274 1086,1274 1131,1271 1176,1271 1221,1271 1265,1268 1310,1268 1355,1265 1400,1262 1444,1262 1489,1259 1534,1259 1579,1256 1624,1256 1668,1253 1713,1253 1758,1250"/>
                <TextEquiv>
                    <Unicode>Herrn Dr. Arthur Schnitzler</Unicode>
                </TextEquiv>
            </TextLine>
            <TextLine id="tr_2_tl_6" custom="readingOrder {index:5;}">
                <Coords points="1518,1386 1591,1385 1650,1365 1787,1388 1824,1375 1827,1296 1766,1294 1750,1304 1707,1296 1660,1315 1602,1296 1520,1307"/>
                <Baseline points="1528,1352 1561,1346 1606,1346 1650,1346 1695,1346 1740,1343 1785,1343 1830,1340"/>
                <TextEquiv>
                    <Unicode>Wien XVIII</Unicode>
                </TextEquiv>
            </TextLine>
        </TextRegion>
        <TextRegion id="tr_1" custom="readingOrder {index:1;}">
            <Coords points="856,1439 2074,1439 2074,2720 856,2720"/>
            <TextLine id="tr_1_tl_1" custom="readingOrder {index:0;}">
                <Coords points="847,1523 1153,1502 1201,1523 1309,1497 1396,1512 1397,1463 1256,1443 1225,1457 1199,1441 1159,1460 890,1452 848,1467"/>
                <Baseline points="856,1504 862,1504 907,1504 952,1501 997,1498 1041,1498 1086,1495 1131,1495 1176,1492 1221,1489 1265,1489 1310,1489 1355,1489 1400,1495"/>
                <TextEquiv>
                    <Unicode>Lieber Herr Doktor,</Unicode>
                </TextEquiv>
            </TextLine>
            <TextLine id="tr_1_tl_2" custom="readingOrder {index:1;}">
                <Coords points="914,1655 1895,1620 1919,1558 918,1589"/>
                <Baseline points="925,1635 937,1632 982,1632 1026,1630 1071,1630 1116,1627 1161,1627 1206,1627 1250,1624 1295,1621 1340,1621 1385,1621 1429,1618 1474,1615 1519,1615 1564,1612 1609,1612 1653,1612 1698,1609 1743,1606 1788,1606 1833,1603 1877,1603 1922,1600"/>
                <TextEquiv>
                    <Unicode>am 17. Juli v.J. haben wir Ihnen für</Unicode>
                </TextEquiv>
            </TextLine>
            <TextLine id="tr_1_tl_3" custom="readingOrder {index:2;}">
                <Coords points="858,1753 1164,1723 1262,1757 1616,1745 1758,1702 1971,1703 1974,1653 860,1686"/>
                <Baseline points="868,1725 901,1725 946,1722 991,1722 1035,1719 1080,1719 1125,1716 1170,1713 1215,1713 1259,1713 1304,1710 1349,1710 1394,1707 1438,1704 1483,1704 1528,1701 1573,1701 1618,1701 1662,1698 1707,1698 1752,1695 1797,1692 1841,1692 1886,1689 1931,1689 1976,1689"/>
                <TextEquiv>
                    <Unicode>Aufführungen der "Liebelei" in Milwaukee</Unicode>
                </TextEquiv>
            </TextLine>
            <TextLine id="tr_1_tl_4" custom="readingOrder {index:3;}">
                <Coords points="868,1847 1861,1808 1892,1802 1893,1739 869,1776"/>
                <Baseline points="877,1818 910,1815 955,1815 1000,1812 1044,1812 1089,1809 1134,1809 1179,1806 1224,1806 1268,1806 1313,1803 1358,1800 1403,1797 1447,1797 1492,1797 1537,1794 1582,1791 1627,1791 1671,1791 1716,1788 1761,1785 1806,1785 1850,1785 1895,1782"/>
                <TextEquiv>
                    <Unicode>und Chicago M. 163,70 verrechnet. Die</Unicode>
                </TextEquiv>
            </TextLine>
            <TextLine id="tr_1_tl_5" custom="readingOrder {index:4;}">
                <Coords points="868,1913 1199,1918 1253,1890 1348,1924 1657,1879 1850,1901 1893,1880 1895,1824 869,1856"/>
                <Baseline points="877,1901 913,1901 958,1901 1003,1901 1047,1898 1092,1895 1137,1895 1182,1892 1226,1892 1271,1889 1316,1889 1361,1889 1406,1886 1450,1886 1495,1883 1540,1880 1585,1880 1630,1877 1674,1877 1719,1874 1764,1874 1809,1871 1853,1874 1898,1871"/>
                <TextEquiv>
                    <Unicode>Direktion des Papst-Theaters verlangt</Unicode>
                </TextEquiv>
            </TextLine>
            <TextLine id="tr_1_tl_6" custom="readingOrder {index:5;}">
                <Coords points="868,2032 1032,1995 1117,2033 1439,1982 2043,1980 2046,1913 869,1950"/>
                <Baseline points="877,1997 883,1997 928,1994 973,1991 1018,1991 1062,1988 1107,1985 1152,1985 1197,1982 1241,1982 1286,1979 1331,1979 1376,1979 1421,1973 1465,1973 1510,1973 1555,1970 1600,1970 1644,1967 1689,1967 1734,1967 1779,1964 1824,1964 1868,1961 1913,1961 1958,1958 2003,1955 2047,1955"/>
                <TextEquiv>
                    <Unicode>jetzt diesen Betrag zurück, weil "Liebelei"</Unicode>
                </TextEquiv>
            </TextLine>
            <TextLine id="tr_1_tl_7" custom="readingOrder {index:6;}">
                <Coords points="874,2091 1966,2067 2070,2056 2072,2008 876,2040"/>
                <Baseline points="883,2083 910,2083 955,2080 1000,2080 1044,2077 1089,2077 1134,2074 1179,2074 1224,2071 1268,2068 1313,2068 1358,2068 1403,2065 1447,2062 1492,2062 1537,2062 1582,2059 1627,2059 1671,2056 1716,2056 1761,2053 1806,2053 1850,2050 1895,2050 1940,2050 1985,2047 2030,2044 2074,2047"/>
                <TextEquiv>
                    <Unicode>in Amerika nicht geschützt ist und weil die</Unicode>
                </TextEquiv>
            </TextLine>
            <TextLine id="tr_1_tl_8" custom="readingOrder {index:7;}">
                <Coords points="884,2196 1093,2214 1340,2165 1802,2193 2011,2167 2013,2096 886,2135"/>
                <Baseline points="892,2173 895,2173 940,2173 985,2170 1029,2167 1074,2164 1119,2164 1164,2164 1209,2161 1253,2161 1298,2158 1343,2158 1388,2155 1432,2152 1477,2152 1522,2152 1567,2152 1612,2149 1656,2146 1701,2146 1746,2143 1791,2143 1836,2143 1880,2140 1925,2137 1970,2137 2015,2137"/>
                <TextEquiv>
                    <Unicode>Auszahlung irrtümlich erfolgt ist. Recht-</Unicode>
                </TextEquiv>
            </TextLine>
            <TextLine id="tr_1_tl_9" custom="readingOrder {index:8;}">
                <Coords points="882,2297 956,2325 1045,2267 1085,2294 1895,2238 1993,2267 1996,2174 886,2223"/>
                <Baseline points="892,2259 922,2262 967,2259 1012,2259 1056,2256 1101,2256 1146,2253 1191,2253 1235,2250 1280,2250 1325,2247 1370,2247 1415,2244 1459,2244 1504,2242 1549,2239 1594,2242 1638,2236 1683,2236 1728,2236 1773,2236 1818,2233 1862,2233 1907,2230 1952,2230 1997,2230"/>
                <TextEquiv>
                    <Unicode>lich liegt die Sache nach meiner Meinung</Unicode>
                </TextEquiv>
            </TextLine>
            <TextLine id="tr_1_tl_10" custom="readingOrder {index:9;}">
                <Coords points="887,2373 1546,2376 1623,2333 2030,2328 2033,2264 889,2320"/>
                <Baseline points="898,2352 916,2352 961,2352 1006,2349 1050,2349 1095,2346 1140,2346 1185,2343 1229,2340 1274,2340 1319,2337 1364,2337 1409,2334 1453,2334 1498,2334 1543,2331 1588,2331 1632,2328 1677,2325 1722,2325 1767,2322 1812,2322 1856,2319 1901,2319 1946,2316 1991,2316 2036,2313"/>
                <TextEquiv>
                    <Unicode>so, dass wir den Betrag in der Tat zurück-</Unicode>
                </TextEquiv>
            </TextLine>
            <TextLine id="tr_1_tl_11" custom="readingOrder {index:10;}">
                <Coords points="889,2452 969,2481 1204,2434 2004,2436 2043,2428 2045,2365 890,2404"/>
                <Baseline points="898,2442 928,2442 973,2439 1018,2439 1062,2439 1107,2436 1152,2433 1197,2433 1241,2430 1286,2430 1331,2427 1376,2427 1421,2427 1465,2424 1510,2424 1555,2421 1600,2418 1644,2418 1689,2418 1734,2415 1779,2415 1824,2415 1868,2412 1913,2412 1958,2409 2003,2409 2047,2409"/>
                <TextEquiv>
                    <Unicode>zahlen müssten, weil wir kein Recht haben,</Unicode>
                </TextEquiv>
            </TextLine>
            <TextLine id="tr_1_tl_12" custom="readingOrder {index:11;}">
                <Coords points="889,2545 2040,2520 2041,2455 1713,2442 1521,2489 1335,2455 1232,2496 890,2499"/>
                <Baseline points="898,2531 925,2531 970,2528 1015,2525 1059,2525 1104,2525 1149,2522 1194,2522 1238,2522 1283,2519 1328,2519 1373,2516 1418,2513 1462,2513 1507,2510 1552,2510 1597,2507 1641,2507 1686,2507 1731,2504 1776,2504 1821,2501 1865,2501 1910,2498 1955,2498 2000,2498 2044,2501"/>
                <TextEquiv>
                    <Unicode>diese Summe zu fordern. Die Direktion des</Unicode>
                </TextEquiv>
            </TextLine>
            <TextLine id="tr_1_tl_13" custom="readingOrder {index:12;}">
                <Coords points="884,2642 2069,2595 2070,2539 887,2571"/>
                <Baseline points="895,2621 907,2618 952,2621 997,2618 1041,2618 1086,2615 1131,2615 1176,2612 1221,2609 1265,2609 1310,2609 1355,2606 1400,2606 1444,2606 1489,2603 1534,2603 1579,2600 1624,2597 1668,2597 1713,2597 1758,2597 1803,2594 1847,2591 1892,2591 1937,2588 1982,2585 2027,2585 2071,2588"/>
                <TextEquiv>
                    <Unicode>Papst-Theaters will ev. das "Zwischenspiel"</Unicode>
                </TextEquiv>
            </TextLine>
            <TextLine id="tr_1_tl_14" custom="readingOrder {index:13;}">
                <Coords points="892,2731 1311,2750 1676,2732 1744,2697 1980,2729 2038,2710 2041,2648 894,2661"/>
                <Baseline points="901,2710 925,2710 970,2710 1015,2710 1059,2707 1104,2707 1149,2704 1194,2704 1238,2704 1283,2701 1328,2701 1373,2698 1418,2695 1462,2695 1507,2692 1552,2692 1597,2689 1641,2689 1686,2689 1731,2686 1776,2686 1821,2683 1865,2683 1910,2680 1955,2677 2000,2674 2044,2677"/>
                <TextEquiv>
                    <Unicode>erwerben. Ich würde, wenn Sie damit ein.</Unicode>
                </TextEquiv>
            </TextLine>
        </TextRegion>
    </Page>
</PcGts>
