2696 3385
2225 294 2352 447 9
2376 296 2548 464 90.
619 368 2447 511 Frage für den Fall einer Aufführung in Amerika den Prozessweg beschreiten
617 492 2481 621 und mich auf die Registrierung in Vasbington stützen, da ja Lederers Inter-
609 578 2335 688 pretation in Grunde keine offizielle Auslegung des Gesetzes bedeutet.
621 676 2223 791 Bitte lassen Sie mir die diesbezüglichen Anlagen wieder zugehen.
703 765 2505 870 Lindemann hat mich mit meinen Ansprüchen bezüglich des „Rinsamen Weg“ auf
629 841 2490 942 den Rechtsweg verwiesen, damit lehat er jede aussergerichtliche Verhandlung
621 934 2435 1052 ab. Was wollen wir nun tun? Ich halte es für selbstverständlich, dass Sie
629 1025 2466 1166 ihm Ihre Werke in Zukunft nur dann überlassen, wenn er wegen des „Einsamen
636 1138 2486 1250 Weg" eine Ordnung getroffen bat. Ich stehe aber jetzt vor der Frage, ob ich
636 1207 2486 1322 einen regelrechten Boykott gegen Lindemann durchführen kann. Ich rege diese
621 1300 2512 1427 Frage bei Ihnen deshalb an, weil ich gezwungen wäre, denjenigen Autoren, die
633 1401 2464 1513 wir den Bühnenvertrieb ihrer Werke anvertraut haben. Ihren Fall vorzulegen
624 1487 2488 1630 und sie um Zustimmung zu bitten, Lindemann auszusperren. Ich mute natürlich
636 1613 2395 1718 damit den Autoren zu, auf ein Aufführungsrecht in Düsseldorf eventl. zu
636 1699 2524 1781 gunsten ideeller Interessen zu verzichten. Ich weiss nun nicht, ob Ihnen das
631 1792 2555 1898 recht ist, da ich doch dabei von Ihrem Fall ausgehen müsste. Ich möchte jeden-
636 1850 2297 1972 falls diesen Schritt nicht tun, ohne Ihre Meinung darüber zu hören.
724 1924 2493 2084 Anliegend eilaube ich mir, Ihnen die diesjährige Abrechnung zu überrei-
633 2051 2533 2192 chen. Sie finden hier auch die Honorare für die in Druck befindlichen Neuauf-
595 2141 1176 2273 lagen gutgeschrieben:
903 2170 1993 2330 für „Anatol“ 4. - 5. Auflage 1. Zälfte. —
1047 2299 1678 2407 Bea, 2 Geldt den 2. Fehl,
1011 2349 1422 2423 „Liebelei“ 6.
507 2294 762 2486 Speupu
982 2397 1513 2514 „ Grüne Kakadu“ 4. “
535 2421 2414 2576 Das Ihnen zustehende Honorar von M. 1460.- (Sintausendvierhundertund-
617 2562 2426 2708 fünfzig Mark) lasse ich auf Ihr Conto bei der Bodenoreditanstalt in Wien
633 2651 920 2780 einzablen.
1025 2741 1785 2892 besten Grössen Ihr ergebener
1604 2851 1984 3033 Fischer
