2643 3487
1380 751 1652 896 G.H.F.P.
579 862 2533 1050 Ihren Brief habe ich bekommen; was sie vor¬
1787 962 2282 1050 Absichten und
394 1015 2496 1121 schlagen entspricht ganz meinen Wünschen.
455 1084 2435 1229 Das Buch muß einen geeigneten Illustrator
397 1174 2517 1319 finden; sobald das neue Rundschauheft heraus
391 1266 2498 1422 konnte soll es am einige Zeichner von Rang,
410 1385 2430 1512 verschickt werden, mit der Aufforderung.
399 1473 2525 1586 aus eventuell eine Probezeichnung zu machen.
534 1541 2451 1708 klimt hat abgelehnt; er wäre sicher der
415 1658 1438 1787 Geeignetste gewesen.
531 1753 2408 1888 Das Buch darf übrigens nicht mehr wie
415 1835 2427 1975 3 Mck kosten, dann ist mit Umflagen zu
402 1896 2480 2062 weihnen; das ist besser und auch rentable
399 2007 1533 2155 wie ein theures Buch.
550 2067 2477 2210 Wir haben meinen Jungen nach München
410 2173 2342 2321 begleitet, der arme Kerl muß bei der Hitze
415 2263 2530 2406 wegen ferienschluss nach Berlin. Hier ist eine
415 2385 2522 2493 Unertragliche Hitze, was nicht ausschließt, dan¬
420 2451 2448 2607 die Theaterinteressen um Reinhardt herum
428 2575 2382 2702 im vollen Betrieb sind. Hofmannsthal¬
434 2638 2527 2816 Vollmoeller, und Regisseure und Costumeschneider,
439 2760 1911 2916 habe ich sehr geschäftig gesehen
494 2863 2271 3009 Mebermorgen reise ich nach Bad Gaste
423 2935 2411 3093 (Hotel Elisabethhof) Mit herzlichen Grüße
629 3040 1047 3180 uns zu
2152 3061 2284 3154 ohne
