2743 3304
957 152 1789 341 S. FISCHER,VERLAG
723 334 1476 448 zweifelhaft, so ist jeden
1435 393 2217 514 BERene W., DEN 21/1. 1904
664 393 1096 518 antie gesichert.
321 480 562 553 TELEPHON:
703 491 1935 616 Von Louise Dumont ist noch BOL0WSTRASSE oo/01 ei
318 539 564 641 AMT VI, 1662
566 564 1783 705 Dr. Schmidt sagt mir, dass seines Wissens die
1514 637 1983 780 schliessen würde.
566 648 1417 771 Lindemann reist, was aber nicht
757 730 1521 846 Herrn Dr. Arthur Schnitzler
1396 771 1501 866 Ce Votre
1073 787 1178 859 G.H.F.P.F:
762 803 855 887 G.F.P.
1528 775 1814 866 Wien XVIII
575 766 662 882 G.H.F.P.
1826 794 2401 930 Schmidt, Ihren Wunsch
1426 853 1655 910 that he has
703 850 1185 962 nach Mannheim und
1414 871 1808 962 spöttelgasse 7
1698 882 2392 1035 Antwort von beiden Bühnen
1569 946 1662 1003 G.H.F.P.
575 914 1407 1066 Lautcipierend, schon vorher ge
578 1005 1210 1155 Lieber Herr Doktor!
666 1071 2419 1285 Lindemann war heute bei uns, wir haben ihn vorläufig hinzuhalten
707 1087 1369 1205 Bezüglich der Buchausgabe
1453 1205 1651 1260 jetzigen
593 1198 2399 1353 versucht und ihn gebeten, eine Pauschale für die sämtlichen Städte
1055 1214 1407 1285 legung in dem
596 1257 2399 1467 als Mindest-Garantie vorzuschlagen. Er will noch eine Anzahl klei-
1537 1291 1633 1355 a lors
591 1305 1471 1394 das Buch einige Tage vor dem 15.
1596 1376 1730 1435 dans la fois de
603 1357 2367 1567 nere Orte in seine Tournee einschliessen. Seine Antwort wird uns
1010 1403 1216 1467 H.C.F.P.
703 1510 2460 1696 Von Leipzig ist uns auf unsere Anfrage bereits Nachricht und
607 1539 1164 1655 dieser Tage zugehen.
1073 1530 1871 1626 er fast, als ob wir gut thäten.
994 1639 1951 1726 an die Kritik zu versenden und viel
623 1596 2422 1819 Vertrag zugegangen. Leipzig will nicht mehr wie 300 Mark garantie-
700 1680 973 1739 Aurfuhrung
1530 1721 2046 1792 Ihr Werk.Der einsam
616 1714 2431 1910 ren, wir wollen aber diese Garantiesumme annehmen, da wir der Mei-
1151 1744 1501 1810 zu übergeben.
891 1760 1126 1821 lichkeit
614 1799 2424 1999 nun sind, dass Garantiesummen vor der Berliner Erstaufführung mit
1805 1810 1921 1876 Dialy
1178 1824 1671 1889 teilfarben gemalt,
891 1849 1073 1912 laisen
1467 1903 1894 1980 Lchorismen, dass
625 1887 2419 2087 Recht etwas geringer sein dürfen. Leipzig schreibt übrigens, dass
2062 1976 2328 2044 einfluset
1719 1983 1980 2051 vortellhau
1180 2003 1692 2076 unie des Werkes nur
630 2028 2185 2167 sie eine grössere Garantie keineswegs bewilligen würden.
1230 2078 2085 2153 nt überlegen Sie sich diesen Pu
612 2065 2408 2269 Mit Direktor Löwe haben wir soeben telephoniert. Er wünschte
639 2167 2417 2344 das Aufführungsrecht bis nach der Berliner Auffürung reserviert,
650 2251 2447 2431 was wir in Anbetracht des bestimmten Angebots von Lindemann ableh-
1348 2267 1578 2333 an Grusse
1787 2337 1996 2399 ergebene
648 2342 2440 2544 nen konnten. Daraufhin hat Lindemann um Zusendung des Vertrags ge-
653 2424 2467 2599 beten, aber bezüglich der Garantiesumme, in Anbetracht des Risikos
657 2517 2462 2706 vor der Berliner Aufführung, um besonderes Entgegenkommen ersucht.
764 2597 2403 2799 Ich meine, dass wir vor der Berliner Aufführung bemüht sein
662 2692 2453 2881 müssen, relativ gute Garantiesummen zu erzielen. Bringt die Berlin
673 2781 2431 2940 Aufführung einen Erfolg, so werden die Provinzerfolge sicher nicht
666 2854 2497 3033 hinter den geleisteten Garantisen zurückbleiben. Ist der Erfolg in
