2196 3495
994 249 1273 343 0.0
471 632 1668 748 nicht existiert, so kann die Klage auf Freigabe
490 739 1651 838 nicht prinzipiell durchgefochten werden. Unter
496 819 1706 959 diesen Umständen scheint mir der einzig gangbare
496 932 1764 1016 We### doch nur der, dass der „Reigen“ nach wie vor in
504 1013 1668 1104 Oesterreich erscheint: Es würde sich empfehlen.
507 1109 1710 1199 dass eine Wiener Firma, der Sie Vertrauen schen¬
502 1206 1723 1306 ken, die Restbeständie aufkauft und das Buch dort:
520 1304 1057 1403 von neuem herausgibt.
633 1364 1704 1471 Ich habe von Singer & Co. gehört, dass von
526 1480 1734 1567 der „Griechischen Tänzerin“: noch 3300 Exemplare
529 1555 1767 1665 vorrätig sind, auch dafür soll das Honorar an Sie
528 1652 1736 1755 schon bezahlt sein. Was soll mit diesem Band ge¬
531 1772 762 1851 schehen?
728 1844 1203 1939 Mit vielen Grüssen
1224 1923 1575 2011 Ihr ergebener
1221 2063 1688 2249 S. Fischer
