3176 3368
1773 167 1968 268 212
1744 457 1869 554 211
1201 510 2512 682 S. FISCHER, VERLAG, BERLIN W., BÜLOUSTR. 90
1602 621 2116 769 THEATERABTEILUNG
1779 746 2496 936 BERene W., DEN 18/4. 1910
1383 1012 2176 1168 Herrn Dr. Arthur Schnitzler
2126 1089 2438 1242 Wien XVIII
1266 1287 1820 1419 Sehr geehrter Herr,
1450 1435 2530 1566 Herr Dr. Eirich möchte gern das Auffüh-
1342 1550 2509 1685 rungsrecht vom “Ruf des Lebens“ in ungari-
2272 1594 2379 1646 8
1360 1627 2519 1762 scher Sprache für die ungarischen Provinz-
1363 1711 2496 1846 bühnen erwerben; er hat uns dafür, namens
1357 1797 2494 1950 seines Klienten, 2/3 aller Einnahmen, mit
1376 1896 2501 2030 einer Garantie von 600 Kronen, angeboten.
1372 1992 2540 2117 Wir haben ihm darauf geantwortet, dass wir
1373 2059 2637 2174 die Hälfte aller Einnahmen, aber eine Garantie
1384 2140 2470 2293 von 1000 Mark beanspruchen. Dr. Birich
1375 2247 2600 2384 hat demgegenüber sein Anerbieten wiederholt,
1386 2319 2561 2441 das er, wie er schreibt, für vorteilhafter
1386 2421 2091 2558 erachtet wie das unsrige.
1495 2490 2696 2649 Wir sind indessen der Meinung, dass es doch
