2680 3272
1148 236 1288 341 13½
708 305 2003 471 S. FISCHER, VERLAG,’ BERLIN W., BÜLOMSTR. 91
1107 398 1626 511 THEATERABTEILUNG
1285 572 1942 729 BERene W., DEN 26. März. 06
933 790 1630 951 Herrn Dr. Arthur Schnitzler
1630 869 1924 994 Wien XVIII
1627 946 2005 1059 Spöttelgasse 7
1805 1044 1894 1147 G.H.F.P.
953 1062 1460 1229 Lieber Herr Doktor!
1187 1155 2096 1359 Herr Paul Brann wünscht den „Tapfern
919 1304 2117 1412 Cassian“ und ev. auch noch die andern Stücke aus
924 1402 2122 1502 den „Marionetten“, dieser kannen lernen möchte,
1134 1487 1211 1537 a
916 1467 2077 1600 für sein Ruppentheater zu erwerben. Herr Braun
914 1576 2093 1693 schreibt mir, dass er mit Ihnen correspondiert
933 1653 2120 1805 hat und dass Ihnen seine Pläne bekannt sind. Es
928 1765 2122 1894 entsteht nun die praktische Frage, ob wir den
938 1836 2159 1961 „Tapfern Cassian“ oder ein anderes Stück aus den
941 1919 2160 2066 „Marionetten“ einem Marienetten-Theater vergeben
946 2035 2167 2143 können, unabhängig von den Rechten, die wir etwa
953 2107 2146 2263 ständigen Bühnen übertragen. Diese prinzipielle
949 2193 2215 2321 Frage müssten wir doch erst mal feststellen, bevor
956 2284 2183 2462 ich mit Braun etwas abschliesse. Nach meiner Auf¬
