2659 3511
1364 578 1500 750 190
862 720 2158 883 S. FISCHER, VERLAG,’ BERLIN W., BÜLowSTR. 90
1436 922 2146 1050 BERene W., DEN 21/12. Dez. 93.
1159 1146 1854 1286 Herrn Dr. Arthur Schnitzler
1840 1234 2108 1349 Wien XVIII
1835 1319 2203 1431 Spöttelgasse 7
960 1435 1460 1553 Lieber Herr Doktor,
1065 1580 2228 1675 ich überreiche Ihnen zwei Anfragen zur freund¬
944 1663 1852 1772 lichen Kenntnisnahme und Erledigung.
1070 1752 2214 1870 Bezüglich des Aufführungstermins von „Komtess
918 1860 1790 1949 Mizzi? haben wir Vermerk genommen.
932 1914 1174 1992 à lʼannée de ses
1067 1936 2214 2046 Es tut mir sehr leid, dass Sie auch das Text¬
918 2029 2189 2123 buch zum „Tapfern Cassian“ gegeben haben. Dass der
922 2114 2233 2223 Musikverleger das Buch lieber in seinem Verlag hat,
930 2199 2209 2316 verstehe ich ganz gut, aber notwendig ist es nicht.
918 2315 2204 2385 Ich habe z. B. das Textbuch der „Königskinder“: von
918 2400 2261 2492 Rosmer, die Humperdinck komponiert hat, und das Text-
920 2485 2239 2595 buch der „Versunkenen Glocke“: die von Zöllner kom¬
912 2565 2178 2682 poniert ist. Ich habe diese beiden Textbücher aus
915 2654 2246 2801 dem Grunde, weil ich auch die Originalbücher verlegt
