2713 3288
1148 157 1264 274 87
1477 208 1818 370 VERLAG
942 242 1453 400 S. FISCHER,
1399 479 2254 659 BERLIN W., DEN 20. Mai 1901
300 501 915 676 TELEPHON: AMT VI, No. 1662.
1341 567 1794 705 BÜLÖWSTRASSE 91
1058 869 1598 998 Lieber Herr Doktor!
676 954 2438 1085 Sie haben wohl inzwischen die Freiexemplare von „Leutnant Gustel“
600 1070 2465 1191 bekommen und werden sicher auch gefunden haben, dass wir auch diesmal
605 1174 2436 1307 mit Coschall nicht viel Glück gehabt haben. Diesmal hat überdies Co-
610 1245 2479 1363 schell bei Anwendung einer neuen Technik, mit der er noch nicht recht
615 1329 2506 1462 vertraut war, die Schuld, dass die Reproduktionen schlecht ausgefallen
617 1419 2508 1571 sind, jedenfalls für das zur Anwendung gekommene Papier nicht geeignet
615 1511 2445 1654 waren. Ich bedaure sehr, dass ich zur Zeit der Drucklegung nicht in
620 1591 2482 1736 Berlin war, ich hätte sonst noch im letzten Moment ein anderes, sati-
613 1663 2537 1823 niertes Papier beschafft, obzwar damit nicht allzu viel gewonnen worden
625 1760 2574 1910 wäre. Es thut mir wirklich leid, dass wir auch bei diesem Buch technisch
620 1872 2523 1995 nichts Ordentliches zu Wege gebracht haben. Sollten wir die gedruckten
630 1944 2550 2106 8 Auflagen verkaufen, so wäre ich dafür, die Illustrationen ganz weg zu
627 2027 2521 2189 lassen und das Buch dafür in sehr viel besserer Ausstattung in kleine-
625 2172 1404 2281 rem Format herauszubringen.
714 2215 2436 2363 Das Honorar für die ersten vier Auflagen des „Lieutenant Gustel“
634 2295 2436 2445 haben wir Ihnen mit 800 Mark, das Honorar für die erste Hälfte der
639 2370 2494 2535 dritten Auflage von „Bertha Garlan" mit 300 Mark gutgeschrieben, und
644 2460 2433 2620 die gleiche Summe in Gesammtbetrage vonl 100 Mark für Ihre Rechnung
649 2569 2399 2705 der Allgemeinen Oesterreichischen Bodeneredit-Anstalt überwiesen.
642 2649 2426 2784 Ueber die Ihnen noch weiter zustehenden Freiexemplare von „Gustel“
651 2731 2487 2881 wollen Sie gefl. gelegentlich verfügen, Die neue Auflage von Bertha
649 2845 1804 2998 Garlan“ wird Anfang nächster Woche fertig.
1070 2927 1968 3048 Mit besten Grüssen Ihr ergebener
1688 2971 2085 3119 P. S. Fischer
