3230 3658
1315 680 1471 784 wer.
807 770 2043 883 S’FISCHER/VERLAG’BERLIN ’THEATERABTEILUNG
1631 815 2040 886 W57·BÜLÖWSTR90
797 850 1278 943 AMT: LUTZÖW 1662 & 6162
1659 953 1967 1076 den 5/6.13
842 995 951 1123 T/P
959 1196 1722 1356 Herrn Dr. Arthur Schnitzler
1733 1291 1897 1393 Wien
980 1489 1716 1604 sehr geehrter Herr Doktor!
1016 1638 2244 1753 Besten Dank für Ihren Brief an Herrn Fischer
938 1712 2169 1848 Wenn sie sich die Kontrolle der Uebersetzung
949 1803 2125 1952 des "Professor Bernhardi" vorbehalten wol-
1419 1905 1554 1959 8.
946 1904 2184 2033 len, so werden Sie aller Voraussicht nach in
964 1991 2108 2132 die Lage kommen, an einer ganzen Reihe von
962 2087 2253 2202 Stellen gegen Uebersetzung und Bearbeitung pro-
967 2158 2216 2294 testieren zu müssen. Es wäre daher vielleicht
980 2226 2245 2388 doch besser, wenn sie sich entschliessen könn-
982 2352 2213 2462 ten, dem Bearbeiter freie Hand zu lassen und
982 2445 2237 2568 ihm Spielraum zu einer theatralischen Fassung
987 2530 2289 2683 zu geben, Das Risiko, das Sie dadurch eingehen,
987 2610 2271 2748 müssten von Seiten der amerikanischen Unterneh-
990 2710 2260 2832 mer gedeckt werden. Wir würden daher, während
1003 2801 2232 2948 wir für die glatte Uebersetzung 5 % und Ein-
