2705 3624
1215 291 1387 412 219.
836 365 1768 477 —    —  —.  —
1290 680 1437 777 213
755 648 2053 865 FSCHER, VerLAG, BERLIN W., BÜLowSTR. 90
1157 853 1670 981 THEATERABTEILUNG
1338 1009 2108 1112 BERene W., DEN... 29. April 1910
1002 1278 1775 1411 Herrn Dr. Arthur Schnitzler
1731 1367 2051 1489 Wien XVIII
874 1524 1408 1634 Sehr geehrter Herr,
1054 1636 2132 1752 wir bestätigen Ihr Geehrtes vom 23. ds.
981 1768 2067 1843 und stehen wegen der Komplettierung des
984 1833 2174 1933 "Komtesse Mizzi"-Abends noch mit Stollberg"
1186 1922 1299 1975 8.
983 1936 2143 2027 Schmederer in Verhandlungen. Bezüglich des
989 2035 2098 2150 Termins der Erstaufführung schreiben uns
989 2129 1581 2232 die Herren Folgendes:
1164 2192 2103 2282 "Die Aufführung ist. Mitte
1070 2251 2122 2340 München gibt es bekanntlich keine gute
1086 2308 2104 2381 und keine schlechte Zeit. Es gibt nur
1081 2348 2133 2421 Stücke, in die Publikum hineingeht und
1093 2386 2161 2471 solche, die sich das Publikum nicht an-
1089 2437 2122 2521 sieht. Zu Schnitzler gehen sie immer."
1167 2512 2140 2631 Wir unsererseits können diesen Aus-
1005 2620 2153 2701 führungen nur beipflichten und wir nehmen
1005 2704 2132 2798 an, dass auch Sie sich von ihrer Richtig-
1005 2798 2098 2906 keit überzeugen. Wir setzen deshalb Ihr
