2649 3543
1029 388 1184 503 285.
567 438 1942 602 S. Fischer, Verlag, Berlin M., Bülowstrasse 9o
1193 570 1495 693 21/6. 1912
647 893 1400 1040 Herrn Dr. Arthur Schnitzler
1372 960 1515 1133 Wien
537 1133 1096 1266 Lieber Herr Dekter,
660 1217 2155 1394 der Zusendung Ihrer neuen Komödie sehe ich mit grösstem
552 1338 2127 1465 Vergnügen entgegen. Es wird sich wohl ohne Schwierigkeiten
548 1428 2181 1551 machen lassen, dass der Satz in 14 Tagen fertiggestellt wird
548 1519 1968 1653 und mehrere Monate zu Ihrer Verfügung stehen bleibt.
660 1635 2164 1758 Darf ich Sie bitten, mir zwei Jugendbildnisse, etwa aus
552 1700 2086 1817 Ihrem 20. und 30. Lebensjahr, zur Repreduktien in meinem
570 1804 2196 1929 "XVI. Jahrhuch" zu übersenden? Das verjährige XXV. Jahrbuch
552 1883 2250 1985 hat sich als ein starkes Propagandamittel erwiesen, wir machen
554 1961 2289 2097 den Versuch, es fortzusetzen, bringen in dem Buch in Zukunft nur
550 2050 2265 2196 Auszüge aus den neu erschienenen Büchern des Jahres und drucken
554 2140 2283 2283 auch ähnliche Aufsätze ab, die sich auf die Autoren des Verlages
554 2229 2274 2365 beziehen. In diesem Jahr möchten wir aus Anlass des 50. Geburts-
559 2341 2231 2479 tages von Ihnen und Hauptmann auch noch Jugendbildnisse in das
559 2438 984 2544 Buch aufnehmen.
943 2494 1569 2615 Mit herzlichen Grüssen
1627 2554 1745 2677 Ihr
1620 2634 1987 2839 fischer
