2435 3559
703 834 1610 934 ARTHUR SCHNITZLES
707 923 1616 1024 DIE THEATERSTÜCKE
993 1019 1325 1102 in vier Bänden
1024 1148 1298 1231 INHALT:
716 1233 1593 1320 1. Band: Anatol / Das Märchen /
779 1309 1606 1392 Liebelei / Freiwild / Das Ver-
780 1395 1036 1471 mächtnis.
716 1460 1601 1539 2. Band: Paracelsus / Die Gefährtin /
779 1519 1598 1623 Der grüne Kakadu / Der Schleier
785 1597 1595 1689 der Beatrice / Lebendige Stunden /
789 1668 1600 1752 Die Frau mit dem Dolche / Die
785 1744 1443 1831 letzten Masken / Literatur.
720 1814 1600 1908 3. Band: Der einsame Weg / Zwi-
788 1896 1595 1967 schenspiel / Der Ruppenspieler /
788 1961 1610 2059 Der tapfere Cassian / Zum großen
797 2031 1541 2111 Wurstel / Der Ruf des Lebens.
728 2114 1606 2198 4. Band: Komtesse Mizzi oder Der
794 2177 1598 2256 Familientag / Der junge Medar-
788 2253 1335 2340 dus / Das weite Land.
730 2362 1609 2433 Wir haben einen Prospekt für das Publikum
730 2424 1616 2487 über Schnitzlers Gesamtwerke herstellen lassen,
895 2484 1451 2559 den wir zu verlangen bitten.
