2196 3495
1061 493 1185 626 176
572 577 1869 732 S. FISCHER, VERLAG,’ BERLIN W., BÜLowSTR. 90
1143 789 1896 922 BERene W., DEN. 11. Sept. 08
903 1095 1590 1205 Herrn Dr. Arthur Schnitzler
1604 1166 1814 1296 Wien XVI
710 1356 1211 1467 Lieber Herr Doktor.
921 1443 1862 1583 ich sende Ihnen heute die Information
297 1554 500 1737 MwS
695 1540 1840 1693 über Singer. Ueber die Quelle der Information
695 1611 1869 1767 können Sie ganz beruhigt sein, sie ist absolut
705 1727 1917 1853 zuverlässig. Ich will aber sehen, dass ich hier
484 1745 566 1858 P.S
701 1814 1964 1956 noch etwas über Sinzer erfahre. Seien Sie in Ihrem
708 1925 1972 2020 Vertrag vorsichtig und bedingen Sie sich, dass Sie
335 2046 450 2203 Schludin
710 2019 1927 2149 von dem Vertrag sofort zurücktreten können. wenn
711 2116 1966 2230 gegen irgend einen Punkt des Vertrages verstossen
710 2198 1953 2324 wird. Dann kann Ihnen richts Schlimmes geschehen.
887 2287 1363 2407 Mit besten Grüssen
1414 2298 1761 2416 Ihr ergebener
1429 2393 1835 2570 F.fischer
