2648 3048
1420 28 1530 113 21
779 438 2113 588 behren sollen, so fügen wir uns gebürlich Ihres bek-
779 548 2096 668 sern Einsicht. Da Sie schreiben, dass ich schon xxx
769 631 2070 769 Drittel des Werkes in Händen hatte, scheint mir
758 731 2041 851 Frage der Striche überhaupt nicht sehr so nichtig,
778 819 2075 969 denn dann wird ja der Umfang bedeutend kleiser, als
784 934 1342 1034 wir angenommen haben.
897 1021 2038 1142 Mit dem Satz für die Rundschau wollen wir in
794 1096 2130 1204 8 Tagen beginnen. Ich werde vermutlich den Satz xxx
788 1199 2048 1310 für die Buchausgabe verwenden. Von dieser Schrift
789 1284 2126 1399 ist aber in der Druckerei nicht so viel Verrat, dass
803 1369 2130 1492 sehr viel mehr, als für jedes Heft notwendig ist, in
816 1442 2085 1560 voraus gesetzt werden kann. Das tangiert doch aber
801 1532 1903 1695 nicht Ihre Correcturen für die Buchausgabe.
1036 1653 1520 1750 Mit vielen Grüssen
1370 1718 1866 1863 Ihr ergebener
1470 1805 2041 1938 fiechlen.
