2819 3624
1331 349 1482 465 349
823 402 2200 578 S. Fischer, Verlag, Berlin M., Bülowstrasse 90
1509 555 1821 682 25/1. 1915
730 918 1514 1098 Herrn Dr. Arthur Schnitzler
1482 1038 1622 1163 Wien
730 1230 1156 1373 Lieber Freund,
846 1308 2466 1445 in der Abendausgabe des Berliner Tageblattes vom 21. d. M.
742 1454 2399 1579 habe ich die anliegende Notiz gefunden, die wohl inzwischen
742 1528 2445 1662 schon zu Ihrer Kenntnis gelangt ist. Ganz klar ist aus dieser
742 1588 2589 1743 Notiz nicht zu ersehen, ob Romain Rolland mit der Veröffentlichung
749 1722 2529 1826 Ihres Briefes nur seinerseits einleitende Bemerkungen verbunden
751 1819 2531 1911 hat oder ob er - was nicht anzunehmen ist - in Ihrem Briefe Aen-
751 1888 2508 1999 derungen und Korrekturen vorgenommen hat. Für alle Fälle stelle
753 1967 2609 2089 ich mich Ihnen zur Verfügung, wenn Sie das Bedürfnis haben sollten,
758 2096 2452 2205 in dieser Sache etwas zu veröffentlichen oder zu berichtigen.
758 2145 2561 2288 Auch würde evtl. die "Neue Rundschau" wenn Sie es für zweckmässig
751 2258 2152 2390 halten, von der Angelegenheit Notiz nehmen können.
1029 2357 1673 2471 Mit herzlichen Grüssen
1706 2429 1837 2533 Ihr
1731 2512 2320 2663 fische
441 3169 545 3310 F. 121
