2631 3383
1979 209 2315 368 Blatt 2
290 206 1245 383 S. Fischer, Verlag, Berlin, 190
275 562 960 724 Hoftheater in Stuttgart.
388 653 2278 822 Handl hat sich bereit erklärt, die vielerwähnte Monographie zu schrei-
290 773 2266 896 ben. Wenn Sie nichts dagegen einwenden, werde ich mit ihm für dieses Buch
295 891 668 989 abschliessen.
361 928 2205 1073 Durch die Presse geht die Nachricht, dass Sie zu der "Liebelei"-Auf-
290 1046 2207 1166 führung in der Komischen Oper nach Berlin kommen. Wollen Sie sich nicht
295 1146 2173 1277 einmal Berlin eingehend ansehen und gleich bis zum Conzert Ihrer Frau
300 1230 926 1363 Gemahlin hier bleiben?
714 1313 1345 1461 Mit herzlichen Grüssen
1399 1412 1500 1502 Ihr
1441 1515 1944 1763 S. Fischer
