2585 3543
481 538 2144 741 hier, ich bin mit einem zuverlässigen holländischen Vertreter
479 655 2144 843 in Verhandlung wegen Uebernahme meiner Vertretung und es wäre
492 741 2128 926 wohl doch zweckmässig, wenn Sie mit Ihren Werken dabei nicht
495 913 736 1030 fehlten.
689 899 2247 1073 Ich lege eine Anfrage aus Amerika bei uns bitte Sie, mich
504 1021 2266 1193 prinzipiell über Ihren Standpunkt zu dieser Sache zu informieren.
510 1107 2270 1258 Arthur Holitscher kennt Herrn Björckman und empfiehlt ihn als ei-
1403 1199 1586 1249 l'année:
510 1159 2327 1358 nen zuverlässigen, anständigen Menschen. Er kennt auch den amerika-
517 1263 2250 1430 nischen Verleger und meint, dass er durchaus geeignet und zuver-
524 1342 2241 1534 lässig wäre. Auch eine Anfrage aus Spanien lege ich bei, da ich
524 1441 2198 1620 nicht weiss, ob Sie in dieser Richtung schon etwas veranlasst
526 1622 721 1723 haben.
718 1620 1708 1821 Mit vielen Grüssen von uns zu Ihnen
1701 1719 1816 1821 Ihr
1583 1830 2046 2004 S. Fischer
