2758 3463
1242 521 1364 645 V.V.S.
980 563 1218 650 G.C.M.S.
992 625 1364 707 décrire nombre
632 749 2597 898 keine Bühnenagentur großen Styls; ich beschränke
637 813 2589 977 mich vielmehr lediglich auf die Anforen meines
637 903 2567 1076 Derlags, deren Interessen in materieller und
630 985 2587 1166 Kunstlerischer Hinsicht ich allein wahr¬
642 1056 2597 1242 nehmen will. Dass dieses im Rahmen meines
647 1146 2602 1317 Retriebs auf eine besondere, den individuellen
652 1240 2569 1416 Bedürfnissen entsprechende Art gesehen würde,
665 1304 2606 1500 liegt in der Natur der Sache. Ich will nicht
660 1394 2602 1562 in Abrede stellen, dass ich diese Einrichtung
667 1463 2425 1619 mehr Notwendigkeit als dem eigenen
937 1508 1074 1575 der
680 1575 2631 1711 triebe gehaschend Freffe. Die deutschen Verleger
275 1476 419 1748 be
665 1612 2636 1828 fangen an diese Geschäfte für ihre Antoven
677 1721 2552 1872 zu besorgen und es hat sich mehrfach der
345 1709 479 1890 P.S
660 1786 2616 1977 Fall ereignen müssen, daß ich den Buchverlad
682 1853 2649 2066 eines Werkes übernommen habe, dessen Bühnenstich
670 1989 2621 2150 Langen hat. Auf diese Weise erfolgt eine
652 2056 2644 2220 zersplitterung der Interessen und eine heillose
687 2123 2666 2326 Verwirrung. Zudem bin ich von einigen Antoren
692 2232 2629 2391 wiederholt darauf hingewiesen worden, auch den
680 2289 2567 2470 Verkehr mit den Bühnen zu übernehmen.
699 2358 2641 2564 Ich wurde Ihnen dieses Anerbieten nicht machen
692 2450 2661 2659 wenn ich Ihnen nicht alle jene Cantelen bieten
689 2544 2661 2745 könnte, wie jeder noch so große Bühnenagentur
692 2639 2676 2837 die Frühe ist viel einfacher wie die Bühmenagenten
340 2686 454 2817 be
697 2740 2686 2939 glauben machen wollen und mir will scheinen
707 2832 2676 3001 als ob sich diese Agenturen die gegeneine hohe
717 2936 2611 3063 Progision nichts weiter als Incasso besorgen. —
724 2971 2691 3150 längst überlebt hätten. Was meinen Sie dazu¬
873 3070 2544 3212 Sie und von Hauptmann richte ich diese
709 3137 836 3229 an
