1879 3575
427 829 1601 963 ortgeführt wird, das Recht, über die beiden
407 936 1125 1051 Bücher weiter zu verfügen.
580 1006 1619 1127 Wie wäre es, wenn Sie die "Griechische
405 1095 1642 1226 Tänzerin" mir für meine Bibliothek geben wür-
411 1192 1641 1324 den? Das wird wohl ein bischen zu klein sein,
410 1269 1676 1389 man könnte vielleicht noch eine andere Novelle
416 1387 725 1493 hinzufügen.
596 1431 1589 1581 Dir neuen Fahnenkorrekturen für "Me-
422 1543 1553 1668 dardus" können geheftet verden. Es werden
422 1657 1551 1746 sich nicht tadellose Exemplare herstellen
427 1745 1594 1839 lassen, aber sie werden immerhin zu verwen-
430 1814 1636 1931 den sein. Ich bin sehr neugierig, ob Sie den
421 1909 1587 2027 Akt, der auf der Bastei spielt, gestrichen
427 1983 1657 2104 haben, der kam mir doch etwas unruhig und für
432 2090 1679 2210 die Bühne unter Umständen entbehrlich vor. Ich
432 2183 1661 2281 freue mich sehr, dass Sie für die Buchausgabe
433 2263 1657 2363 nicht so viel streichen wollen, das Buch be-
432 2349 1501 2479 darf nicht der Striche, die Sie für die
1455 2437 1653 2550 schönes
430 2440 1124 2561 zu machen gezwungen sind.
443 2544 1010 2648 Buch, auf das ich nicht
662 2635 1023 2721 et herzlichen
1307 2754 1594 2847 Lische
