2929 3495
1300 348 1408 466 78
977 401 1984 631 S. FISCHER, VERLAG
2067 604 2179 724 3/3.
1553 654 2485 814 BERLIN W., DEN 19/7. 1900.
458 726 1077 879 TELEPHON: AMT VI, No. 1662.
1508 794 1969 904 BÜLÖWSTRASSE 91.
1082 942 1866 1147 Herrn Dr. Arthur Schnitzler
1846 1052 2102 1155 Wien.
907 1152 1506 1295 Lieber Herr Doktor!
2039 1192 2239 1300 nze für
1676 1157 1871 1328 G.M.D.
777 1278 2673 1415 Schönsten Dank für Ihr freundliches Entgegenkommen. Die Sache ist
666 1360 2598 1531 also abgemacht. Mit dem Abdruck beginnen wir im Januar. Honorar für das
1796 1435 1944 1498 G.H.F.P
671 1458 2668 1618 Abdrucksrecht in der Rundschau 1500 Mark, zahlbar bei Beginn des Abdrucks.
1914 1518 2029 1576 A.M.
807 1538 2653 1693 Ich rüste mich eben zu meiner Reise. Wir hatten die Absicht, auf die
679 1623 2598 1809 Mendel zu gehen; meiner Frau ist aber vom Arzt die Wagenfahrt nicht er¬
1588 1713 1759 1781 Monsieur
681 1686 2613 1871 laubt worden und so bin ich gezwungen, eine Bahnstation auf dem Brenner
689 1761 2705 1991 zu wählen. Ich gehe nach Gossensass, wo ich übrigens in einigen Tagen auch
694 1889 2580 2064 Wassermann treffe. Ich würde mich sehr freuen, wenn ich Sie auf Ihrer
696 1974 2658 2154 Tiroler Reise sehen könnte. Einen Teil des Manuscripts habe ich übrigens
699 2074 2550 2262 schon gelesen, ick hoffe, ich bin bald in der Lage, Ihnen von meinem
699 2189 1606 2345 Eindruck persönlich zu berichten.
1703 2212 1796 2330 G.
1010 2267 1538 2405 Mit besten Grüssen
1308 2305 2167 2553 Thr ergebene
1834 2487 1931 2563 G.H.F.P.
1708 2565 1804 2633 m
1894 2482 2500 2693 Ffische.
