<?xml version="1.0" encoding="UTF-8" standalone="yes"?>
<PcGts xmlns="http://schema.primaresearch.org/PAGE/gts/pagecontent/2013-07-15" xmlns:xsi="http://www.w3.org/2001/XMLSchema-instance" xsi:schemaLocation="http://schema.primaresearch.org/PAGE/gts/pagecontent/2013-07-15 http://schema.primaresearch.org/PAGE/gts/pagecontent/2013-07-15/pagecontent.xsd">
    <Metadata>
        <Creator>prov=READ-COOP:name=TrHtr:version=2.1.0:model_id=51170:date=26_07_2023_22:27</Creator>
        <Created>2023-05-02T08:09:33.262+02:00</Created>
        <LastChange>2023-07-26T22:27:14.346+02:00</LastChange>
        <TranskribusMetadata docId="1416742" pageId="54953772" pageNr="171" tsid="131084404" status="IN_PROGRESS" userId="64420" imgUrl="https://files.transkribus.eu/Get?id=JSPZZHIVFEAHHLGZEYIGCPVO&amp;fileType=view" xmlUrl="https://files.transkribus.eu/Get?id=SWHHHCLQYTIWUKCSRPGVVZFM" imageId="44457497"/>
    </Metadata>
    <Page imageFilename="1416742_0171.jpg" imageWidth="2747" imageHeight="3480">
        <ReadingOrder>
            <OrderedGroup id="ro_1711827161154" caption="Regions reading order">
                <RegionRefIndexed index="0" regionRef="tr_2"/>
                <RegionRefIndexed index="1" regionRef="tr_1"/>
            </OrderedGroup>
        </ReadingOrder>
        <TextRegion id="tr_2" custom="readingOrder {index:0;}">
            <Coords points="596,218 2438,218 2438,1529 596,1529"/>
            <TextLine id="tr_2_tl_1" custom="readingOrder {index:0;}">
                <Coords points="1788,323 1897,310 1931,328 2063,282 2139,319 2186,310 2223,326 2221,216 2191,228 2152,210 2129,219 1977,164 1952,139 1881,155 1838,198 1786,210"/>
                <Baseline points="1799,268 1844,271 1889,277 1933,280 1978,280 2023,280 2068,277 2113,280 2157,277 2202,280 2226,283"/>
                <TextEquiv>
                    <Unicode>6/10</Unicode>
                </TextEquiv>
            </TextLine>
            <TextLine id="tr_2_tl_2" custom="readingOrder {index:1;}">
                <Coords points="601,512 1571,426 2043,417 2214,474 2262,346 1774,287 1528,335 1212,269 895,339 615,282"/>
                <Baseline points="617,477 653,477 698,474 743,474 787,471 832,468 877,468 922,462 966,456 1011,456 1056,453 1101,450 1146,447 1190,447 1235,444 1280,441 1325,438 1369,435 1414,432 1459,426 1504,423 1548,420 1593,417 1638,414 1683,408 1728,408 1772,405 1817,402 1862,402 1907,399 1951,399 1996,399 2041,396 2086,390 2130,387 2175,385 2220,382 2265,379"/>
                <TextEquiv>
                    <Unicode>Das Copyright erlangen, wenn zwischen der Drucklegung und der</Unicode>
                </TextEquiv>
            </TextLine>
            <TextLine id="tr_2_tl_3" custom="readingOrder {index:2;}">
                <Coords points="583,590 906,590 1052,544 1376,558 1460,524 1508,551 1631,510 1754,542 1761,437 1171,508 843,481 585,537"/>
                <Baseline points="596,570 599,570 644,567 689,564 734,561 778,558 823,555 868,555 913,549 958,546 1002,543 1047,540 1092,537 1137,537 1181,534 1226,531 1271,528 1316,525 1360,522 1405,519 1450,516 1495,510 1540,507 1584,504 1629,501 1674,501 1719,498 1763,498"/>
                <TextEquiv>
                    <Unicode>Aufführung noch Zeit genug dazu sein wird.</Unicode>
                </TextEquiv>
            </TextLine>
            <TextLine id="tr_2_tl_4" custom="readingOrder {index:3;}">
                <Coords points="683,674 1790,585 2332,615 2339,508 1981,485 1899,540 1419,528 870,608 690,569"/>
                <Baseline points="698,647 731,647 775,647 820,644 865,638 910,635 955,632 999,629 1044,626 1089,623 1134,620 1178,617 1223,614 1268,614 1313,611 1357,608 1402,605 1447,602 1492,599 1537,596 1581,593 1626,590 1671,587 1716,584 1760,581 1805,579 1850,576 1895,573 1939,570 1984,567 2029,564 2074,561 2119,558 2163,555 2208,552 2253,552 2298,549 2342,549"/>
                <TextEquiv>
                    <Unicode>Für Oesterreich habe ich nach allen möglichen Verhandlungen</Unicode>
                </TextEquiv>
            </TextLine>
            <TextLine id="tr_2_tl_5" custom="readingOrder {index:4;}">
                <Coords points="597,777 2232,688 2282,681 2287,604 1904,578 1560,651 604,697"/>
                <Baseline points="611,743 632,743 677,743 722,737 767,734 811,734 856,728 901,725 946,722 990,719 1035,716 1080,710 1125,710 1169,707 1214,704 1259,701 1304,698 1349,695 1393,692 1438,686 1483,686 1528,683 1572,680 1617,680 1662,674 1707,671 1751,671 1796,665 1841,662 1886,662 1931,659 1975,656 2020,653 2065,650 2110,644 2154,644 2199,641 2244,638 2289,641"/>
                <TextEquiv>
                    <Unicode>nun doch mit Eirich ein Abkommen treffen müssen, ein Äbkonnen,</Unicode>
                </TextEquiv>
            </TextLine>
            <TextLine id="tr_2_tl_6" custom="readingOrder {index:5;}">
                <Coords points="606,847 2328,768 2410,752 2414,674 610,788"/>
                <Baseline points="620,829 626,832 671,829 716,829 761,826 805,823 850,820 895,814 940,811 984,808 1029,805 1074,802 1119,796 1163,796 1208,793 1253,790 1298,787 1343,781 1387,778 1432,775 1477,773 1522,770 1566,770 1611,767 1656,764 1701,761 1745,755 1790,752 1835,749 1880,749 1925,746 1969,743 2014,740 2059,734 2104,731 2148,728 2193,725 2238,722 2283,722 2327,716 2372,713 2417,707"/>
                <TextEquiv>
                    <Unicode>das ich freilich jederzeit widerrufen kann. Ich habe mir aber vor-</Unicode>
                </TextEquiv>
            </TextLine>
            <TextLine id="tr_2_tl_7" custom="readingOrder {index:6;}">
                <Coords points="617,934 2248,843 2391,815 2396,761 622,861"/>
                <Baseline points="629,922 650,922 695,916 740,916 784,910 829,910 874,907 919,901 964,898 1008,895 1053,892 1098,889 1143,886 1187,883 1232,880 1277,877 1322,874 1366,871 1411,868 1456,865 1501,862 1546,859 1590,856 1635,853 1680,850 1725,847 1769,844 1814,841 1859,838 1904,835 1948,832 1993,826 2038,826 2083,820 2127,820 2172,817 2217,814 2262,811 2307,805 2351,802 2396,799"/>
                <TextEquiv>
                    <Unicode>behalten, dass Eirich auf Verlangen alle Originalabrechnungen der</Unicode>
                </TextEquiv>
            </TextLine>
            <TextLine id="tr_2_tl_8" custom="readingOrder {index:7;}">
                <Coords points="619,1048 2321,918 2325,845 626,952"/>
                <Baseline points="635,1005 671,1008 716,1005 761,999 805,996 850,996 895,993 940,990 984,984 1029,981 1074,978 1119,975 1163,972 1208,969 1253,966 1298,964 1343,958 1387,958 1432,955 1477,952 1522,949 1566,946 1611,940 1656,940 1701,934 1745,931 1790,931 1835,925 1880,922 1925,922 1969,916 2014,913 2059,910 2104,907 2148,904 2193,901 2238,898 2283,895 2327,892"/>
                <TextEquiv>
                    <Unicode>österreichischen Bühnen vorlegen muss. Eirich ist das kleinere</Unicode>
                </TextEquiv>
            </TextLine>
            <TextLine id="tr_2_tl_9" custom="readingOrder {index:8;}">
                <Coords points="626,1130 1847,1059 2325,991 2330,929 633,1034"/>
                <Baseline points="641,1095 677,1092 722,1092 767,1089 811,1086 856,1083 901,1080 946,1077 990,1074 1035,1068 1080,1065 1125,1065 1169,1062 1214,1059 1259,1056 1304,1053 1349,1050 1393,1044 1438,1041 1483,1038 1528,1035 1572,1032 1617,1029 1662,1029 1707,1020 1751,1017 1796,1017 1841,1014 1886,1011 1931,1008 1975,1005 2020,1002 2065,999 2110,996 2154,993 2199,987 2244,984 2289,981 2333,978"/>
                <TextEquiv>
                    <Unicode>Uebel in Oesterreich, denn er hat die Macht und den Apparat in</Unicode>
                </TextEquiv>
            </TextLine>
            <TextLine id="tr_2_tl_10" custom="readingOrder {index:9;}">
                <Coords points="1515,1000 1526,1000 1530,995 1537,995 1549,1002 1560,995 1565,1000 1574,1000 1581,995 1590,998 1594,993 1606,993 1606,954 1594,954 1592,957 1587,952 1565,952 1560,957 1553,950 1546,950 1542,954 1528,950 1515,952"/>
                <Baseline points="1528,984 1572,984 1611,984"/>
                <TextEquiv>
                    <Unicode>G.F.P.</Unicode>
                </TextEquiv>
            </TextLine>
            <TextLine id="tr_2_tl_11" custom="readingOrder {index:10;}">
                <Coords points="626,1250 906,1177 2025,1139 2389,1086 2394,1018 635,1130"/>
                <Baseline points="644,1187 650,1184 695,1184 740,1181 784,1178 829,1175 874,1172 919,1169 964,1166 1008,1163 1053,1158 1098,1158 1143,1155 1187,1152 1232,1149 1277,1146 1322,1140 1366,1137 1411,1134 1456,1131 1501,1128 1546,1125 1590,1122 1635,1119 1680,1116 1725,1113 1769,1110 1814,1107 1859,1101 1904,1098 1948,1095 1993,1092 2038,1089 2083,1089 2127,1086 2172,1080 2217,1077 2262,1074 2307,1074 2351,1068 2396,1068"/>
                <TextEquiv>
                    <Unicode>Händen, um die kleinen fahrenden Bühnen zu überwachen, und da es</Unicode>
                </TextEquiv>
            </TextLine>
            <TextLine id="tr_2_tl_12" custom="readingOrder {index:11;}">
                <Coords points="631,1300 941,1321 1610,1214 2227,1223 2309,1121 633,1246"/>
                <Baseline points="644,1277 656,1277 701,1274 746,1274 790,1271 835,1268 880,1265 925,1259 969,1256 1014,1253 1059,1250 1104,1247 1149,1244 1193,1238 1238,1235 1283,1232 1328,1229 1372,1226 1417,1220 1462,1220 1507,1214 1551,1211 1596,1208 1641,1205 1686,1202 1731,1199 1775,1196 1820,1193 1865,1187 1910,1184 1954,1184 1999,1181 2044,1178 2089,1172 2133,1172 2178,1166 2223,1163 2268,1160 2313,1160"/>
                <TextEquiv>
                    <Unicode>sich bei diesen kleinen Bühnen fast immer nicht um Tantiemen,</Unicode>
                </TextEquiv>
            </TextLine>
            <TextLine id="tr_2_tl_13" custom="readingOrder {index:12;}">
                <Coords points="642,1396 2013,1330 2385,1255 2389,1209 649,1307"/>
                <Baseline points="656,1366 692,1363 737,1360 781,1354 826,1354 871,1352 916,1349 961,1343 1005,1340 1050,1337 1095,1334 1140,1331 1184,1328 1229,1325 1274,1322 1319,1319 1363,1316 1408,1310 1453,1307 1498,1304 1543,1304 1587,1298 1632,1295 1677,1292 1722,1289 1766,1286 1811,1283 1856,1280 1901,1274 1945,1274 1990,1271 2035,1268 2080,1262 2125,1259 2169,1259 2214,1253 2259,1250 2304,1247 2348,1244 2393,1241"/>
                <TextEquiv>
                    <Unicode>sondern um ein festes Aufführungshonorar handelt, so wird es nur</Unicode>
                </TextEquiv>
            </TextLine>
            <TextLine id="tr_2_tl_14" custom="readingOrder {index:13;}">
                <Coords points="642,1467 1057,1483 1196,1423 2380,1360 2385,1282 1282,1339 1091,1410 649,1396"/>
                <Baseline points="656,1450 686,1453 731,1450 775,1447 820,1444 865,1441 910,1438 955,1435 999,1432 1044,1429 1089,1426 1134,1423 1178,1420 1223,1414 1268,1411 1313,1408 1357,1405 1402,1399 1447,1396 1492,1393 1537,1393 1581,1390 1626,1384 1671,1381 1716,1378 1760,1375 1805,1372 1850,1366 1895,1363 1939,1360 1984,1357 2029,1354 2074,1352 2119,1349 2163,1343 2208,1340 2253,1340 2298,1334 2342,1334 2387,1331"/>
                <TextEquiv>
                    <Unicode>darauf ankommen, zu controlieren, ob Eirich auch wirklich alle</Unicode>
                </TextEquiv>
            </TextLine>
            <TextLine id="tr_2_tl_15" custom="readingOrder {index:14;}">
                <Coords points="660,1542 2120,1489 2432,1446 2437,1389 665,1467"/>
                <Baseline points="674,1519 692,1519 737,1516 781,1516 826,1516 871,1516 916,1516 961,1513 1005,1513 1050,1513 1095,1510 1140,1510 1184,1510 1229,1507 1274,1504 1319,1504 1363,1495 1408,1492 1453,1486 1498,1483 1543,1480 1587,1477 1632,1474 1677,1471 1722,1468 1766,1462 1811,1459 1856,1456 1901,1453 1945,1450 1990,1447 2035,1441 2080,1438 2125,1435 2169,1432 2214,1429 2259,1426 2304,1423 2348,1420 2393,1414 2438,1411"/>
                <TextEquiv>
                    <Unicode>verlegern vernahmet.. Ich habe mit andern österreichischen Bühnen-</Unicode>
                </TextEquiv>
            </TextLine>
            <TextLine id="tr_2_tl_16" custom="readingOrder {index:15;}">
                <Coords points="2091,1524 2182,1524 2207,1510 2284,1512 2305,1524 2330,1510 2426,1512 2426,1451 2410,1448 2353,1453 2303,1476 2266,1451 2164,1464 2120,1448 2091,1451"/>
                <Baseline points="2104,1504 2119,1504 2163,1507 2208,1504 2253,1504 2298,1504 2342,1504 2387,1501 2432,1501"/>
                <TextEquiv>
                    <Unicode>Durchantwortung erstattungen</Unicode>
                </TextEquiv>
            </TextLine>
        </TextRegion>
        <TextRegion id="tr_1" custom="readingOrder {index:1;}">
            <Coords points="596,1525 2504,1525 2504,3158 596,3158"/>
            <TextLine id="tr_1_tl_1" custom="readingOrder {index:0;}">
                <Coords points="656,1638 993,1672 1152,1603 2398,1594 2382,1510 658,1544"/>
                <Baseline points="668,1605 701,1605 746,1605 790,1605 835,1605 880,1605 925,1605 969,1605 1014,1602 1059,1602 1104,1599 1149,1599 1193,1599 1238,1599 1283,1596 1328,1596 1372,1596 1417,1593 1462,1593 1507,1593 1551,1593 1596,1593 1641,1593 1686,1593 1731,1593 1775,1590 1820,1587 1865,1584 1910,1584 1954,1584 1999,1581 2044,1581 2089,1578 2133,1578 2178,1578 2223,1578 2268,1578 2313,1578 2357,1575 2402,1575"/>
                <TextEquiv>
                    <Unicode>übernehmen, diese Sache einem weniger gut versierten Verlag für</Unicode>
                </TextEquiv>
            </TextLine>
            <TextLine id="tr_1_tl_2" custom="readingOrder {index:1;}">
                <Coords points="660,1713 941,1749 1089,1694 2328,1697 2364,1622 663,1647"/>
                <Baseline points="674,1695 713,1695 758,1695 802,1692 847,1692 892,1692 937,1692 981,1692 1026,1692 1071,1689 1116,1689 1160,1689 1205,1689 1250,1689 1295,1689 1340,1689 1384,1686 1429,1683 1474,1683 1519,1683 1563,1683 1608,1683 1653,1683 1698,1683 1742,1683 1787,1677 1832,1677 1877,1677 1922,1674 1966,1671 2011,1671 2056,1671 2101,1671 2145,1668 2190,1668 2235,1668 2280,1665 2324,1665 2369,1668"/>
                <TextEquiv>
                    <Unicode>Oesterreich zu übergeben, da wie gesagt, auf die Ueberwachung</Unicode>
                </TextEquiv>
            </TextLine>
            <TextLine id="tr_1_tl_3" custom="readingOrder {index:2;}">
                <Coords points="660,1827 2432,1781 2455,1688 1453,1683 660,1756"/>
                <Baseline points="674,1784 713,1784 758,1784 802,1784 847,1781 892,1781 937,1781 981,1781 1026,1781 1071,1778 1116,1778 1160,1778 1205,1778 1250,1775 1295,1775 1340,1775 1384,1772 1429,1769 1474,1769 1519,1769 1563,1769 1608,1769 1653,1766 1698,1766 1742,1766 1787,1763 1832,1763 1877,1763 1922,1763 1966,1760 2011,1760 2056,1760 2101,1760 2145,1760 2190,1757 2235,1757 2280,1754 2324,1754 2369,1754 2414,1751 2459,1751"/>
                <TextEquiv>
                    <Unicode>der ziehenden Truppen in Oesterreich alles ankommt. Prag und Graz</Unicode>
                </TextEquiv>
            </TextLine>
            <TextLine id="tr_1_tl_4" custom="readingOrder {index:3;}">
                <Coords points="665,1911 1376,1924 1496,1863 1779,1874 1781,1795 1560,1783 1458,1831 1102,1842 667,1820"/>
                <Baseline points="677,1877 710,1874 755,1874 799,1874 844,1871 889,1871 934,1871 978,1871 1023,1868 1068,1868 1113,1868 1158,1868 1202,1868 1247,1868 1292,1865 1337,1862 1381,1862 1426,1862 1471,1859 1516,1859 1560,1859 1605,1856 1650,1856 1695,1856 1740,1856 1784,1856"/>
                <TextEquiv>
                    <Unicode>werden wir aber von hier aus verrechnen.</Unicode>
                </TextEquiv>
            </TextLine>
            <TextLine id="tr_1_tl_5" custom="readingOrder {index:4;}">
                <Coords points="747,2009 2332,1954 2412,1940 2414,1858 749,1927"/>
                <Baseline points="761,1963 805,1963 850,1960 895,1960 940,1960 984,1960 1029,1957 1074,1957 1119,1957 1163,1954 1208,1954 1253,1954 1298,1951 1343,1951 1387,1948 1432,1948 1477,1948 1522,1948 1566,1948 1611,1948 1656,1945 1701,1945 1745,1945 1790,1942 1835,1942 1880,1942 1925,1942 1969,1939 2014,1939 2059,1936 2104,1936 2148,1936 2193,1933 2238,1933 2283,1931 2327,1931 2372,1931 2417,1931"/>
                <TextEquiv>
                    <Unicode>Ich nehme an, dass sie für Russland noch nicht abgeschlossen</Unicode>
                </TextEquiv>
            </TextLine>
            <TextLine id="tr_1_tl_6" custom="readingOrder {index:5;}">
                <Coords points="665,2091 2382,2043 2385,1952 667,1991"/>
                <Baseline points="677,2053 689,2053 734,2053 778,2053 823,2053 868,2050 913,2050 958,2050 1002,2044 1047,2044 1092,2044 1137,2044 1181,2044 1226,2041 1271,2041 1316,2041 1360,2041 1405,2038 1450,2038 1495,2038 1540,2035 1584,2035 1629,2035 1674,2035 1719,2035 1763,2032 1808,2032 1853,2029 1898,2029 1942,2026 1987,2029 2032,2029 2077,2026 2122,2023 2166,2023 2211,2020 2256,2020 2301,2020 2345,2017 2390,2017"/>
                <TextEquiv>
                    <Unicode>haben, und würde bitten mir in diesem Falle Ihr Stück auch für</Unicode>
                </TextEquiv>
            </TextLine>
            <TextLine id="tr_1_tl_7" custom="readingOrder {index:6;}">
                <Coords points="1713,2088 1735,2088 1742,2084 1756,2093 1767,2086 1774,2091 1776,2088 1790,2088 1792,2091 1806,2088 1806,2052 1792,2052 1779,2043 1770,2043 1761,2050 1754,2047 1747,2052 1724,2038 1710,2038"/>
                <Baseline points="1725,2080 1769,2080 1811,2083"/>
                <TextEquiv>
                    <Unicode>man.</Unicode>
                </TextEquiv>
            </TextLine>
            <TextLine id="tr_1_tl_8" custom="readingOrder {index:7;}">
                <Coords points="670,2177 2328,2150 2457,2107 2460,2045 670,2104"/>
                <Baseline points="683,2142 716,2139 761,2139 805,2139 850,2139 895,2139 940,2136 984,2136 1029,2133 1074,2133 1119,2133 1163,2130 1208,2130 1253,2130 1298,2130 1343,2127 1387,2127 1432,2127 1477,2127 1522,2125 1566,2125 1611,2122 1656,2122 1701,2122 1745,2122 1790,2122 1835,2119 1880,2119 1925,2119 1969,2116 2014,2116 2059,2116 2104,2113 2148,2113 2193,2113 2238,2113 2283,2113 2327,2110 2372,2107 2417,2104 2462,2101"/>
                <TextEquiv>
                    <Unicode>Russland zu übergeben. Ich stehe mit August Scholz, dem Ueberset-</Unicode>
                </TextEquiv>
            </TextLine>
            <TextLine id="tr_1_tl_9" custom="readingOrder {index:8;}">
                <Coords points="667,2243 2155,2248 2398,2216 2444,2152 667,2198"/>
                <Baseline points="680,2232 704,2232 749,2232 793,2229 838,2229 883,2229 928,2229 972,2226 1017,2223 1062,2223 1107,2223 1152,2220 1196,2220 1241,2220 1286,2220 1331,2217 1375,2217 1420,2217 1465,2214 1510,2214 1554,2211 1599,2214 1644,2211 1689,2211 1734,2211 1778,2208 1823,2208 1868,2208 1913,2208 1957,2205 2002,2202 2047,2202 2092,2202 2136,2202 2181,2199 2226,2199 2271,2199 2316,2196 2360,2196 2405,2196 2450,2193"/>
                <TextEquiv>
                    <Unicode>zer des „Nachtasyl von Gorki, in Verbindung. Herr Scholz war in</Unicode>
                </TextEquiv>
            </TextLine>
            <TextLine id="tr_1_tl_10" custom="readingOrder {index:9;}">
                <Coords points="1849,2264 1945,2264 1947,2225 1931,2223 1922,2214 1913,2214 1906,2221 1897,2216 1890,2223 1883,2218 1877,2221 1852,2218"/>
                <Baseline points="1862,2256 1907,2256 1951,2253"/>
                <TextEquiv>
                    <Unicode>eben</Unicode>
                </TextEquiv>
            </TextLine>
            <TextLine id="tr_1_tl_11" custom="readingOrder {index:10;}">
                <Coords points="674,2328 2423,2332 2441,2241 2063,2218 1956,2273 1647,2216 676,2275"/>
                <Baseline points="686,2319 701,2319 746,2319 790,2319 835,2319 880,2316 925,2316 969,2316 1014,2316 1059,2313 1104,2313 1149,2310 1193,2310 1238,2310 1283,2310 1328,2307 1372,2307 1417,2304 1462,2304 1507,2304 1551,2301 1596,2301 1641,2301 1686,2301 1731,2298 1775,2298 1820,2295 1865,2295 1910,2295 1954,2292 1999,2292 2044,2292 2089,2292 2133,2292 2178,2289 2223,2289 2268,2289 2313,2286 2357,2286 2402,2283 2447,2286"/>
                <TextEquiv>
                    <Unicode>Russland und hat mit einer offiziellen Instanz eine grundlegende</Unicode>
                </TextEquiv>
            </TextLine>
            <TextLine id="tr_1_tl_12" custom="readingOrder {index:11;}">
                <Coords points="676,2441 1480,2396 1631,2448 1770,2389 1929,2432 2412,2387 2414,2307 679,2366"/>
                <Baseline points="692,2408 716,2408 761,2408 805,2408 850,2405 895,2405 940,2405 984,2405 1029,2405 1074,2402 1119,2402 1163,2399 1208,2399 1253,2399 1298,2399 1343,2396 1387,2396 1432,2393 1477,2393 1522,2393 1566,2390 1611,2390 1656,2387 1701,2387 1745,2387 1790,2387 1835,2387 1880,2387 1925,2384 1969,2384 2014,2381 2059,2378 2104,2381 2148,2378 2193,2378 2238,2375 2283,2375 2327,2372 2372,2372 2417,2372"/>
                <TextEquiv>
                    <Unicode>Vereinbarung getroffen, nach welcher ein möglichst weitgehender</Unicode>
                </TextEquiv>
            </TextLine>
            <TextLine id="tr_1_tl_13" custom="readingOrder {index:12;}">
                <Coords points="1688,2439 1708,2444 1717,2437 1726,2446 1740,2435 1763,2441 1774,2435 1802,2444 1836,2430 1854,2435 1870,2428 1895,2446 1913,2439 1915,2389 1895,2389 1870,2405 1852,2396 1833,2403 1797,2389 1745,2400 1729,2394 1713,2407 1690,2405"/>
                <Baseline points="1701,2426 1737,2426 1781,2426 1826,2423 1871,2420 1916,2417"/>
                <TextEquiv>
                    <Unicode>stehil</Unicode>
                </TextEquiv>
            </TextLine>
            <TextLine id="tr_1_tl_14" custom="readingOrder {index:13;}">
                <Coords points="674,2521 1995,2517 2403,2482 2441,2389 676,2437"/>
                <Baseline points="686,2495 701,2498 746,2498 790,2498 835,2498 880,2498 925,2495 969,2495 1014,2495 1059,2492 1104,2492 1149,2489 1193,2489 1238,2486 1283,2486 1328,2486 1372,2486 1417,2483 1462,2483 1507,2480 1551,2480 1596,2480 1641,2480 1686,2477 1731,2477 1775,2477 1820,2477 1865,2474 1910,2474 1954,2474 1999,2471 2044,2468 2089,2468 2133,2468 2178,2468 2223,2465 2268,2465 2313,2462 2357,2462 2402,2459 2447,2459"/>
                <TextEquiv>
                    <Unicode>Schutz nach der urheberrechtlichen Seite und eine Controlle der</Unicode>
                </TextEquiv>
            </TextLine>
            <TextLine id="tr_1_tl_15" custom="readingOrder {index:14;}">
                <Coords points="670,2615 2298,2612 2501,2571 2503,2469 2316,2519 670,2530"/>
                <Baseline points="683,2584 713,2587 758,2587 802,2584 847,2584 892,2584 937,2584 981,2581 1026,2581 1071,2581 1116,2578 1160,2578 1205,2578 1250,2575 1295,2575 1340,2572 1384,2572 1429,2572 1474,2572 1519,2569 1563,2569 1608,2569 1653,2566 1698,2566 1742,2563 1787,2563 1832,2563 1877,2563 1922,2563 1966,2560 2011,2560 2056,2560 2101,2557 2145,2557 2190,2554 2235,2554 2280,2554 2324,2554 2369,2554 2414,2551 2459,2548 2504,2551"/>
                <TextEquiv>
                    <Unicode>Einnahmen von den russischen Theatern ermöglicht ist. Ludwig Fulda</Unicode>
                </TextEquiv>
            </TextLine>
            <TextLine id="tr_1_tl_16" custom="readingOrder {index:15;}">
                <Coords points="667,2710 2300,2692 2407,2658 2410,2587 670,2610"/>
                <Baseline points="680,2677 713,2677 758,2677 802,2677 847,2677 892,2674 937,2674 981,2671 1026,2671 1071,2668 1116,2668 1160,2668 1205,2665 1250,2665 1295,2665 1340,2662 1384,2662 1429,2662 1474,2659 1519,2659 1563,2656 1608,2656 1653,2656 1698,2656 1742,2656 1787,2653 1832,2653 1877,2650 1922,2650 1966,2650 2011,2650 2056,2647 2101,2644 2145,2644 2190,2644 2235,2641 2280,2641 2324,2641 2369,2641 2414,2641"/>
                <TextEquiv>
                    <Unicode>hat sich für sein neuen Werk dieser Organisation angeschlossen.</Unicode>
                </TextEquiv>
            </TextLine>
            <TextLine id="tr_1_tl_17" custom="readingOrder {index:16;}">
                <Coords points="674,2774 852,2826 1471,2758 1991,2794 2391,2758 2394,2681 674,2728"/>
                <Baseline points="686,2769 695,2766 740,2766 784,2763 829,2763 874,2763 919,2760 964,2763 1008,2760 1053,2760 1098,2757 1143,2757 1187,2757 1232,2757 1277,2754 1322,2754 1366,2751 1411,2751 1456,2751 1501,2748 1546,2748 1590,2748 1635,2745 1680,2742 1725,2742 1769,2742 1814,2742 1859,2742 1904,2739 1948,2739 1993,2736 2038,2736 2083,2733 2127,2733 2172,2733 2217,2730 2262,2730 2307,2730 2351,2730 2396,2730"/>
                <TextEquiv>
                    <Unicode>Ich bitte Sie mich für alle Fälle hierüber zu benachrichtigen,</Unicode>
                </TextEquiv>
            </TextLine>
            <TextLine id="tr_1_tl_18" custom="readingOrder {index:17;}">
                <Coords points="674,2911 1790,2863 1765,2756 1615,2804 1467,2760 1378,2804 1013,2797 847,2833 679,2776"/>
                <Baseline points="689,2853 722,2856 767,2853 811,2853 856,2853 901,2853 946,2850 990,2850 1035,2850 1080,2847 1125,2847 1169,2844 1214,2844 1259,2844 1304,2844 1349,2844 1393,2841 1438,2841 1483,2841 1528,2838 1572,2838 1617,2835 1662,2835 1707,2832 1751,2832 1796,2826"/>
                <TextEquiv>
                    <Unicode>damit ich Ihnen Näheres mitteilen kann.</Unicode>
                </TextEquiv>
            </TextLine>
            <TextLine id="tr_1_tl_19" custom="readingOrder {index:18;}">
                <Coords points="927,2997 1920,2961 1986,2936 1988,2845 1779,2908 1683,2863 1515,2902 1451,2876 1132,2911 1054,2888 929,2924"/>
                <Baseline points="940,2969 961,2966 1005,2963 1050,2963 1095,2963 1140,2963 1184,2963 1229,2963 1274,2963 1319,2960 1363,2960 1408,2957 1453,2957 1498,2957 1543,2957 1587,2951 1632,2948 1677,2945 1722,2942 1766,2945 1811,2942 1856,2942 1901,2939 1945,2939 1990,2930"/>
                <TextEquiv>
                    <Unicode>Mit herzlichen Grüssen Ihr ergebener</Unicode>
                </TextEquiv>
            </TextLine>
            <TextLine id="tr_1_tl_20" custom="readingOrder {index:19;}">
                <Coords points="1742,3070 1795,3070 1883,3011 1929,3029 1956,3011 2006,3038 2063,3015 2088,3025 2091,2945 2063,2931 2013,2938 1975,2968 1945,2947 1922,2961 1886,2954 1863,2965 1854,2956 1829,2963 1813,2947 1786,2970 1776,2961 1749,2970"/>
                <Baseline points="1760,3008 1781,3008 1826,3008 1871,3005 1916,3002 1960,3002 2005,3002 2050,2996 2095,2987"/>
                <TextEquiv>
                    <Unicode>Fischer</Unicode>
                </TextEquiv>
            </TextLine>
            <TextLine id="tr_1_tl_21" custom="readingOrder {index:20;}">
                <Coords points="583,3091 645,3107 690,3088 722,3097 752,3088 781,3102 827,3084 854,3100 872,3081 952,3091 954,3013 925,3002 891,3022 804,3034 749,3018 715,3025 688,3006 672,3018 585,3018"/>
                <Baseline points="596,3089 599,3089 644,3083 689,3083 734,3080 778,3080 823,3083 868,3080 913,3074 958,3074"/>
                <TextEquiv>
                    <Unicode>to me.</Unicode>
                </TextEquiv>
            </TextLine>
            <TextLine id="tr_1_tl_22" custom="readingOrder {index:21;}">
                <Coords points="633,3193 774,3193 788,3179 820,3182 868,3145 975,3145 977,3107 893,3081 856,3102 824,3081 781,3102 761,3091 729,3102 690,3088 638,3088"/>
                <Baseline points="647,3148 665,3145 710,3145 755,3145 799,3145 844,3139 889,3139 934,3133 978,3136"/>
                <TextEquiv>
                    <Unicode>d. Herren</Unicode>
                </TextEquiv>
            </TextLine>
        </TextRegion>
    </Page>
</PcGts>
