2984 3448
1394 271 1498 375 41
1143 357 1957 515 FISCHER, VerLAG.
1399 464 1559 616 P.S.
1551 568 2543 776 Berlin W., den 9. Februar 1897
1643 700 2076 829 Steglitzer Strasse 49 I.
1754 766 2226 882 Telephon: Amt VI, 1662.
1136 905 1298 999 Herrn
1306 895 2383 1067 Dr. Arthur Schnitzler.
2096 1019 2330 1138 Wien.
1060 1080 1972 1293 Lieber Herr Dokvort
852 1164 951 1326 G.
852 1219 2489 1392 Der Vertrag mit einer auch mir gegenüberpseudonymen Person
1693 1349 1927 1409 mais le
639 1321 2576 1491 ist juristisch nicht fassbar. Ich verzichte daher auf einen förmlichen
639 1455 2543 1582 Contrakt und mache mich Ihnen gegenüber als Vertreter der psudonymen
1004 1544 1181 1607 faire.
641 1551 2155 1693 Verfasserin zu folgenden Bedingungen rechtsverbindlich:
877 1584 2477 1757 Ich verpflichte mich, im Laufe dieses Jahres „Mimi“ als
887 1724 2553 1851 Buch erscheinen zu lassen und den Reingewinn aus diesem Werk
870 1785 2576 1942 mit der Verfasserin zu theilen. Abrechnung erfolgt im Septem-
890 1886 2243 1995 ber eines jeden Jahres, zuerst im September 1898.
806 1965 2560 2145 2. Für den Abdruck in der Rundschau erhält die Verfasserin kein
892 2076 1128 2211 Hoperar.
943 2117 2512 2269 Hier bemerke ich zu Ihrer Information, dass die Rundschau
651 2256 2507 2383 noch immer mit einem Defizit arbeitet und dass wir vorläufig diesen
649 2314 2685 2494 honorarlosen Modus bei neu einzuführenden Werken noch beibehalten
651 2436 864 2563 müssen.
895 2446 2517 2626 Darf ich Sie noch bei dieser Gelegenheit daran erinnern,
654 2601 2517 2756 dass Sie mir Ihre Photographie versprochen haben. Vielleicht lassen
649 2690 1797 2844 Sie mir Ihr Bild bei Gelegenheit zugehen.
948 2791 1493 2928 Mit besten Grüssen
1782 2857 2162 2976 Ihr ergebener
1851 2892 2391 3057 Fischly
1995 2991 2142 3121 hier
882 2961 1949 3143 Ich verpflichte mich.
1445 3090 2104 3186 le dieses Jahres
1245 3095 1422 3230 Hälfte
740 3090 1093 3255 Neuen de
1445 3174 1556 3242 Ein
