2458 3594
803 321 978 438 300
436 372 1840 572 S. Fischer, Verlag, Berlin M., Bülowstrasse 90
1076 516 1382 664 31/X. 1912
472 857 1249 976 Herrn Dr. Arthur Schnitzler
1236 932 1409 1056 Wien
256 1129 813 1251 Lieber Herr Doktor,
409 1217 2151 1390 ich bin von Miss Kaiser über den Erfolg von "Anatol" in Newyork
282 1358 2108 1499 unterrichtet, die anliegenden Besprechungen hat sie mir heute zuge-
285 1429 514 1533 schickt.
414 1494 2171 1650 Sie wissen ja, dass "Anatol" in Amerika frei ist. Wir haben, wie
282 1601 2137 1711 Ihnen ebenfalls bekannt ist und was Sie uns mit Ihrem Briefe vom 19.
277 1691 2139 1820 April bestätigt haben, eine Abmachung für die "moralischen Rechte"
282 1791 2190 1901 des Anatol-Zyklus für Newyork getroffen, mit 15 Dollar pro Aufführung,
285 1898 2166 1981 die zwischen Ihnen und dem Uebersetzer zu teilen wären, und mit einer
287 1981 2112 2086 bereits verrechneten Garantiezahlung von 100 Dollars. Diese Verein-
287 2071 2095 2173 barung ist, wie Ihnen ebenfalls mitgeteilt wurde, später erweitert
290 2139 2108 2254 worden auf die Städte Philadelphia, Baltimore, Washington, Chicago,
285 2263 2052 2349 Boston, Detroit, Pittsburg, und zwar mitteiner Vorauszahlung von
285 2336 2125 2434 300 Dollars, die bis heute noch nicht verrechnet sind. Ich lege den
290 2451 2142 2524 Vertrag zur Einsichtnahme bei. In diesem Vertrag ist, wie Sie sehen,
294 2524 2246 2609 von einem Honorar von 15 Dollar pro Aufführung die Rede. Da es sich hier
294 2616 2190 2718 um eine spätere Vereinbarung handelt, so werde ich mich auf den Stand-
290 2704 2188 2801 punkt stellen, dass die 15 Dollar für jede Aufführung nicht zu teilen
299 2782 2161 2894 sind, sondern Ihnen allein gebühren. Sie müssen dabei bedenken, dass
290 2899 2229 3008 sich die ganze Vereinbarung nur auf moralische Rechte bezieht, dass wir
290 2969 1205 3096 also damit zufrieden sein können.
