<?xml version="1.0" encoding="UTF-8" standalone="yes"?>
<PcGts xmlns="http://schema.primaresearch.org/PAGE/gts/pagecontent/2013-07-15" xmlns:xsi="http://www.w3.org/2001/XMLSchema-instance" xsi:schemaLocation="http://schema.primaresearch.org/PAGE/gts/pagecontent/2013-07-15 http://schema.primaresearch.org/PAGE/gts/pagecontent/2013-07-15/pagecontent.xsd">
    <Metadata>
        <Creator>prov=READ-COOP:name=TrHtr:version=2.1.0:model_id=51170:date=26_07_2023_22:28</Creator>
        <Created>2023-05-02T08:10:24.539+02:00</Created>
        <LastChange>2023-07-26T22:28:43.030+02:00</LastChange>
        <TranskribusMetadata docId="1416742" pageId="54954769" pageNr="406" tsid="131084821" status="IN_PROGRESS" userId="64420" imgUrl="https://files.transkribus.eu/Get?id=ZTRIKFDXZGAOKHPOULASSJFQ&amp;fileType=view" xmlUrl="https://files.transkribus.eu/Get?id=UOZGTTCZYLOYHYQJNLNOXXYJ" imageId="44458494"/>
    </Metadata>
    <Page imageFilename="1416742_0406.jpg" imageWidth="2568" imageHeight="3576">
        <ReadingOrder>
            <OrderedGroup id="ro_1711827338057" caption="Regions reading order">
                <RegionRefIndexed index="0" regionRef="tr_1"/>
                <RegionRefIndexed index="1" regionRef="tr_2"/>
            </OrderedGroup>
        </ReadingOrder>
        <TextRegion id="tr_1" custom="readingOrder {index:0;}">
            <Coords points="874,487 2316,487 2316,1795 874,1795"/>
            <TextLine id="tr_1_tl_1" custom="readingOrder {index:0;}">
                <Coords points="1362,577 1430,584 1449,574 1474,579 1483,569 1503,567 1506,412 1480,423 1451,423 1433,436 1414,422 1363,438"/>
                <Baseline points="1370,543 1373,540 1417,543 1462,543 1507,537"/>
                <TextEquiv>
                    <Unicode>207</Unicode>
                </TextEquiv>
            </TextLine>
            <TextLine id="tr_1_tl_2" custom="readingOrder {index:1;}">
                <Coords points="864,676 1832,614 1934,645 2030,597 2166,605 2168,553 1907,517 1516,580 871,576"/>
                <Baseline points="874,656 916,656 961,653 1005,650 1050,650 1095,647 1140,644 1185,644 1229,641 1274,638 1319,635 1364,632 1408,632 1453,629 1498,626 1543,623 1588,623 1632,617 1677,617 1722,614 1767,611 1811,611 1856,608 1901,602 1946,599 1990,596 2035,594 2080,591 2125,591 2170,591"/>
                <TextEquiv>
                    <Unicode>S. FISCHER, VERLAG,’ BERLIN W., BÜLowSTR. 90</Unicode>
                </TextEquiv>
            </TextLine>
            <TextLine id="tr_1_tl_3" custom="readingOrder {index:2;}">
                <Coords points="1456,864 1740,819 1840,848 2163,814 2197,798 2202,715 2014,710 1662,764 1597,728 1462,768"/>
                <Baseline points="1468,823 1486,820 1531,820 1576,817 1620,814 1665,814 1710,808 1755,808 1799,805 1844,799 1889,796 1934,796 1979,794 2023,791 2068,791 2113,788 2158,785 2202,785"/>
                <TextEquiv>
                    <Unicode>BERene W., DEN 26. Jan. 1910</Unicode>
                </TextEquiv>
            </TextLine>
            <TextLine id="tr_1_tl_4" custom="readingOrder {index:3;}">
                <Coords points="1057,1133 1282,1159 1329,1130 1472,1132 1563,1094 1756,1115 1759,1049 1633,1000 1566,1026 1466,1004 1258,1073 1064,1036"/>
                <Baseline points="1068,1116 1089,1116 1134,1113 1179,1110 1223,1110 1268,1104 1313,1101 1358,1098 1402,1095 1447,1095 1492,1092 1537,1089 1582,1086 1626,1083 1671,1080 1716,1077 1761,1080"/>
                <TextEquiv>
                    <Unicode>Herrn Dr. Arthur Schnitzler</Unicode>
                </TextEquiv>
            </TextLine>
            <TextLine id="tr_1_tl_5" custom="readingOrder {index:4;}">
                <Coords points="1767,1179 1788,1188 1837,1171 1882,1179 1910,1167 1936,1177 1968,1164 1983,1174 1996,1164 2044,1175 2048,1115 2022,1115 1971,1085 1941,1085 1908,1104 1887,1099 1837,1124 1770,1115"/>
                <Baseline points="1776,1164 1782,1167 1826,1167 1871,1164 1916,1161 1961,1158 2005,1155 2050,1155"/>
                <TextEquiv>
                    <Unicode>Wien XVIII</Unicode>
                </TextEquiv>
            </TextLine>
            <TextLine id="tr_1_tl_6" custom="readingOrder {index:5;}">
                <Coords points="1684,1282 1704,1294 1762,1266 1780,1278 1824,1263 1873,1261 1908,1276 2057,1265 2061,1174 1954,1184 1895,1167 1881,1180 1838,1172 1779,1190 1689,1179"/>
                <Baseline points="1695,1232 1704,1232 1749,1229 1793,1229 1838,1226 1883,1226 1928,1223 1973,1217 2017,1217 2062,1214"/>
                <TextEquiv>
                    <Unicode>Spöttelgasse 7</Unicode>
                </TextEquiv>
            </TextLine>
            <TextLine id="tr_1_tl_7" custom="readingOrder {index:6;}">
                <Coords points="1020,1432 1224,1402 1243,1419 1325,1417 1449,1376 1524,1388 1527,1325 1438,1329 1370,1308 1334,1325 1218,1310 1072,1342 1025,1331"/>
                <Baseline points="1032,1388 1035,1388 1080,1385 1125,1382 1170,1379 1214,1379 1259,1376 1304,1373 1349,1373 1393,1370 1438,1367 1483,1364 1528,1361"/>
                <TextEquiv>
                    <Unicode>Lieber Herr Doktor!</Unicode>
                </TextEquiv>
            </TextLine>
            <TextLine id="tr_1_tl_8" custom="readingOrder {index:7;}">
                <Coords points="1093,1530 1522,1492 1819,1534 2297,1466 2301,1412 1826,1380 1096,1469"/>
                <Baseline points="1104,1507 1137,1504 1182,1501 1226,1498 1271,1495 1316,1495 1361,1492 1405,1489 1450,1489 1495,1486 1540,1483 1585,1480 1629,1480 1674,1477 1719,1474 1764,1471 1808,1471 1853,1468 1898,1468 1943,1465 1987,1462 2032,1459 2077,1459 2122,1456 2167,1456 2211,1453 2256,1453 2301,1453"/>
                <TextEquiv>
                    <Unicode>Ich habe festgestellt, dass der Globus-Verlag</Unicode>
                </TextEquiv>
            </TextLine>
            <TextLine id="tr_1_tl_9" custom="readingOrder {index:8;}">
                <Coords points="1020,1612 2140,1568 2192,1553 2195,1506 1791,1535 1483,1493 1127,1565 1023,1542"/>
                <Baseline points="1029,1602 1032,1599 1077,1599 1122,1596 1167,1593 1211,1590 1256,1590 1301,1588 1346,1585 1390,1582 1435,1579 1480,1579 1525,1576 1570,1573 1614,1570 1659,1567 1704,1567 1749,1564 1793,1564 1838,1561 1883,1558 1928,1558 1973,1555 2017,1552 2062,1549 2107,1546 2152,1546 2196,1546"/>
                <TextEquiv>
                    <Unicode>(das ist das Warenhaus Wertheim, das auch eine</Unicode>
                </TextEquiv>
            </TextLine>
            <TextLine id="tr_1_tl_10" custom="readingOrder {index:9;}">
                <Coords points="1020,1696 1391,1710 1464,1675 1835,1689 1884,1659 2049,1684 2194,1652 2195,1603 1798,1613 1736,1582 1548,1634 1284,1642 1206,1607 1021,1657"/>
                <Baseline points="1029,1695 1035,1692 1080,1692 1125,1689 1170,1689 1214,1683 1259,1680 1304,1677 1349,1677 1393,1674 1438,1671 1483,1668 1528,1668 1573,1665 1617,1662 1662,1659 1707,1659 1752,1656 1796,1653 1841,1653 1886,1650 1931,1647 1976,1644 2020,1644 2065,1641 2110,1638 2155,1635 2199,1635"/>
                <TextEquiv>
                    <Unicode>Verlagsabteilung betreibt) die Restverräte der</Unicode>
                </TextEquiv>
            </TextLine>
            <TextLine id="tr_1_tl_11" custom="readingOrder {index:10;}">
                <Coords points="1023,1796 1683,1757 1832,1798 2074,1735 2310,1761 2315,1667 1488,1730 1354,1694 1026,1746"/>
                <Baseline points="1032,1785 1062,1782 1107,1782 1152,1779 1196,1776 1241,1773 1286,1770 1331,1770 1376,1767 1420,1764 1465,1764 1510,1761 1555,1758 1599,1758 1644,1755 1689,1752 1734,1749 1779,1749 1823,1746 1868,1743 1913,1740 1958,1740 2002,1737 2047,1734 2092,1734 2137,1731 2182,1728 2226,1728 2271,1725 2316,1728"/>
                <TextEquiv>
                    <Unicode>„Griechischen Tänzerin“ erwerben hat. Ich habe über</Unicode>
                </TextEquiv>
            </TextLine>
        </TextRegion>
        <TextRegion id="tr_2" custom="readingOrder {index:1;}">
            <Coords points="758,1767 2316,1767 2316,3162 758,3162"/>
            <TextLine id="tr_2_tl_1" custom="readingOrder {index:0;}">
                <Coords points="1021,1886 1438,1864 1736,1905 1834,1843 2273,1847 2276,1785 1556,1824 1472,1790 1025,1843"/>
                <Baseline points="1032,1877 1068,1877 1113,1874 1158,1871 1202,1871 1247,1868 1292,1862 1337,1862 1382,1859 1426,1856 1471,1853 1516,1853 1561,1850 1605,1847 1650,1844 1695,1844 1740,1841 1785,1838 1829,1838 1874,1835 1919,1832 1964,1829 2008,1829 2053,1829 2098,1823 2143,1820 2187,1820 2232,1817 2277,1817"/>
                <TextEquiv>
                    <Unicode>die Höhe der Vorräte eine Auskunft nicht bekommen</Unicode>
                </TextEquiv>
            </TextLine>
            <TextLine id="tr_2_tl_2" custom="readingOrder {index:1;}">
                <Coords points="1028,1981 1939,1929 2053,1962 2267,1920 2270,1863 1031,1936"/>
                <Baseline points="1038,1967 1062,1967 1107,1964 1152,1961 1196,1961 1241,1958 1286,1955 1331,1955 1376,1952 1420,1949 1465,1949 1510,1946 1555,1943 1599,1940 1644,1937 1689,1937 1734,1934 1779,1931 1823,1928 1868,1925 1913,1925 1958,1925 2002,1922 2047,1919 2092,1916 2137,1913 2182,1913 2226,1910 2271,1910"/>
                <TextEquiv>
                    <Unicode>können, dem Herrn, den ich ausserdem noch hinge¬</Unicode>
                </TextEquiv>
            </TextLine>
            <TextLine id="tr_2_tl_3" custom="readingOrder {index:2;}">
                <Coords points="1036,2077 2190,2040 2312,2010 2314,1952 1039,2015"/>
                <Baseline points="1047,2056 1062,2056 1107,2056 1152,2053 1196,2050 1241,2047 1286,2044 1331,2044 1376,2044 1420,2041 1465,2038 1510,2038 1555,2035 1599,2032 1644,2029 1689,2026 1734,2023 1779,2023 1823,2020 1868,2020 1913,2020 1958,2017 2002,2014 2047,2011 2092,2008 2137,2005 2182,2002 2226,1999 2271,1999 2316,1999"/>
                <TextEquiv>
                    <Unicode>sohiokt habe, hat ein junger Mann gesagt, dass für</Unicode>
                </TextEquiv>
            </TextLine>
            <TextLine id="tr_2_tl_4" custom="readingOrder {index:3;}">
                <Coords points="1033,2156 1136,2179 1566,2125 2158,2114 2195,2040 1835,2031 1693,2087 1349,2106 1281,2074 1036,2114"/>
                <Baseline points="1044,2149 1077,2149 1122,2146 1167,2146 1211,2143 1256,2140 1301,2137 1346,2134 1390,2134 1435,2131 1480,2128 1525,2128 1570,2125 1614,2122 1659,2119 1704,2116 1749,2116 1793,2113 1838,2110 1883,2107 1928,2107 1973,2104 2017,2104 2062,2098 2107,2095 2152,2095 2196,2092"/>
                <TextEquiv>
                    <Unicode>dieses Buch auch die Verlagsrechte übernommen</Unicode>
                </TextEquiv>
            </TextLine>
            <TextLine id="tr_2_tl_5" custom="readingOrder {index:4;}">
                <Coords points="2015,2161 2077,2168 2104,2156 2125,2163 2142,2151 2153,2160 2171,2150 2226,2155 2236,2148 2258,2156 2260,2103 2244,2095 2228,2106 2205,2100 2189,2111 2177,2104 2137,2127 2119,2119 2101,2129 2095,2121 2017,2122"/>
                <Baseline points="2026,2152 2038,2152 2083,2152 2128,2149 2173,2143 2217,2143 2262,2146"/>
                <TextEquiv>
                    <Unicode>DATES DES ACTES</Unicode>
                </TextEquiv>
            </TextLine>
            <TextLine id="tr_2_tl_6" custom="readingOrder {index:5;}">
                <Coords points="1769,2166 1808,2161 1838,2172 1874,2160 1897,2168 1994,2163 1993,2127 1954,2117 1928,2130 1915,2122 1871,2121 1861,2132 1832,2122 1767,2122"/>
                <Baseline points="1776,2152 1820,2152 1865,2152 1910,2152 1955,2155 1996,2155"/>
                <TextEquiv>
                    <Unicode>Immeuble</Unicode>
                </TextEquiv>
            </TextLine>
            <TextLine id="tr_2_tl_7" custom="readingOrder {index:6;}">
                <Coords points="1046,2286 2231,2242 2289,2226 2292,2150 1051,2200"/>
                <Baseline points="1056,2244 1092,2244 1137,2241 1182,2238 1226,2235 1271,2232 1316,2232 1361,2226 1405,2223 1450,2223 1495,2220 1540,2217 1585,2214 1629,2211 1674,2211 1719,2208 1764,2208 1808,2205 1853,2202 1898,2202 1943,2199 1989,2200 1989,2200 2026,2193 2071,2193 2116,2187 2161,2187 2205,2185 2250,2182 2295,2182"/>
                <TextEquiv>
                    <Unicode>wurden und dass ein Neudruck in Aussicht genossen</Unicode>
                </TextEquiv>
            </TextLine>
            <TextLine id="tr_2_tl_8" custom="readingOrder {index:7;}">
                <Coords points="1046,2351 1756,2301 2014,2326 2124,2283 2250,2301 2252,2247 1049,2283"/>
                <Baseline points="1056,2334 1092,2331 1137,2331 1182,2328 1226,2325 1271,2325 1316,2322 1361,2319 1405,2316 1450,2313 1495,2310 1540,2307 1585,2307 1629,2304 1674,2304 1719,2301 1764,2298 1808,2295 1853,2295 1898,2292 1943,2289 1987,2289 2032,2286 2077,2283 2122,2283 2167,2280 2211,2274 2256,2277"/>
                <TextEquiv>
                    <Unicode>sei. Nun, das braucht ja nicht zu stimmen, aber</Unicode>
                </TextEquiv>
            </TextLine>
            <TextLine id="tr_2_tl_9" custom="readingOrder {index:8;}">
                <Coords points="1055,2435 2249,2406 2281,2326 1059,2357"/>
                <Baseline points="1065,2435 1074,2432 1119,2426 1164,2423 1208,2417 1253,2414 1298,2414 1343,2411 1388,2408 1432,2405 1477,2402 1522,2402 1567,2399 1611,2396 1656,2396 1701,2393 1746,2393 1790,2390 1835,2387 1880,2384 1925,2382 1970,2379 2014,2379 2059,2376 2104,2376 2149,2373 2193,2370 2238,2367 2283,2364"/>
                <TextEquiv>
                    <Unicode>jedenfalls haben Sie daraufhin Veranlassung, den</Unicode>
                </TextEquiv>
            </TextLine>
            <TextLine id="tr_2_tl_10" custom="readingOrder {index:9;}">
                <Coords points="1054,2528 2198,2487 2265,2469 2267,2422 1822,2446 1710,2414 1057,2471"/>
                <Baseline points="1062,2522 1104,2519 1149,2519 1193,2513 1238,2510 1283,2510 1328,2507 1373,2504 1417,2504 1462,2498 1507,2498 1552,2492 1596,2492 1641,2489 1686,2486 1731,2483 1776,2483 1820,2480 1865,2477 1910,2477 1955,2474 1999,2471 2044,2471 2089,2468 2134,2465 2179,2465 2223,2462 2268,2462"/>
                <TextEquiv>
                    <Unicode>Globus-Verlag Ihren Standpunkt zur Verlagsfrage</Unicode>
                </TextEquiv>
            </TextLine>
            <TextLine id="tr_2_tl_11" custom="readingOrder {index:10;}">
                <Coords points="1065,2623 1715,2591 1926,2628 2103,2579 2247,2609 2310,2592 2317,2468 2176,2518 1067,2566"/>
                <Baseline points="1074,2605 1107,2608 1152,2608 1196,2605 1241,2602 1286,2599 1331,2596 1376,2596 1420,2593 1465,2590 1510,2590 1555,2587 1599,2584 1644,2582 1689,2579 1734,2579 1779,2579 1823,2576 1868,2573 1913,2570 1958,2567 2002,2567 2047,2564 2092,2561 2137,2561 2182,2561 2226,2558 2271,2552 2316,2552"/>
                <TextEquiv>
                    <Unicode>mitzuteilen; und vielleicht gelingt es Ihnen auch</Unicode>
                </TextEquiv>
            </TextLine>
            <TextLine id="tr_2_tl_12" custom="readingOrder {index:11;}">
                <Coords points="747,3158 872,3225 1080,3246 1430,3161 1498,3207 1646,3218 1757,3181 1770,3019 1295,3030 1185,2991 1064,3061 820,3051 759,3016"/>
                <Baseline points="758,3152 785,3149 829,3146 874,3143 919,3143 964,3140 1008,3137 1053,3134 1098,3128 1143,3122 1188,3122 1232,3116 1277,3113 1322,3110 1367,3104 1411,3104 1456,3098 1501,3095 1546,3092 1590,3086 1635,3083 1680,3080 1725,3080 1770,3077"/>
                <TextEquiv>
                    <Unicode>dingungen in dieser Höhe zu stellen.</Unicode>
                </TextEquiv>
            </TextLine>
        </TextRegion>
    </Page>
</PcGts>
