2216 3480
1242 267 1415 392 212
1051 476 1181 582 166
556 552 1849 696 S. FISCHER,VERLAG, BERLIN W., BÜLowSTR. 90
1141 743 1817 879 BERLin W., DEN 28. März 08
537 973 1305 1126 Herre xxx Arthur Sohnitsler
1463 1073 1647 1178 Wien.
596 1196 1160 1340 Herr Doktor!
776 1287 1902 1402 Besüglich der russischen Uebersetzungen
594 1328 1847 1510 würde ich xxx grösster Vorsicht empfehlen. Sie
601 1448 1922 1589 alle Cautelen schaffen, damit die Russen
297 1435 377 1539 1
602 1534 1917 1685 nicht früher mit dem Buch herauskommen, wie wir.
611 1620 1827 1754 Fünf bis sechs Tage früher würde keine Rolle
619 1712 1962 1842 spielen, aber wenn Sie darüber nicht ausdrücklich
622 1801 1907 1934 ###s findendes gegen eine hohe Conventional-
627 1894 1966 2034 strafe abmachen, so sind Sie doch in Gefahr, dass
636 1969 1944 2114 das Bush in Bussland schon im April herauskommt.
627 2064 1939 2189 Die Sache wird dort sehr amerikanisch betrieben,
634 2159 1909 2278 das übersetzen und Brucken geht, wenn es sich
649 2244 1902 2355 um atu Concurrenz-Bravurstück handelt, wunder-
647 2311 1909 2446 lich schnell. Das Juniheft erscheint Ende Mai:
642 2396 1929 2553 da xxx Zuniheft umbrechen, so wird die
647 2496 1977 2655 Bushangegabe erst Ende Mai spätestens Anfang Juni
1257 3025 1992 3241 am engaben.
1961 3086 2181 3261 27.
721 3119 945 3241 [?]
