2804 3576
1427 478 1584 590 224.
954 546 2253 669 S. FISCHER, VERLAG,’ BERLIN W.,„ BÜLowSTR. 90
1492 722 2224 873 BERcelN W, DEN 10/9. 1910
1038 988 1812 1169 Herrn Dr. Arthur Schnitzler
1658 1109 1763 1264 Sie
1010 1285 1563 1384 Sehr geehrter Herr,
1102 1330 2080 1510 von den schwedischen Verleger Albert
1013 1463 2135 1608 Bonnier erhalten wir die anliegende Zu-
1017 1598 2171 1699 schrift, die wir Ihnen zur gefl. Kenntnis-
1012 1660 2106 1776 nahme und Rückäusserung übermitteln. Da
1012 1744 2179 1873 Sie, wie uns Herr Linden vor einiger Zeit
1012 1847 2163 1956 mitteilte, mit ihm wegen der Autorisation
1017 1952 2138 2048 für die Uebersetzung der Novollen direkt
1012 2020 2206 2127 verhandelt haben, wissen wir nicht, wie die
1017 2101 2171 2227 Sache eigentlich steht. Die Dame, von der
1012 2201 2036 2316 Bonnier schreibt, ist vermutlich ein
1012 2295 2174 2402 Fräulein Alennius, die vor einigen Wochen
1013 2358 2184 2492 gleichfalls wegen der Uebersetzung einzel-
1005 2481 2201 2578 ner Novellen angefragt hatte, der wir aber
1012 2549 2179 2681 eine Autorisation nicht erteilt haben. In
