2256 3527
1173 256 1361 394 212
1008 357 1191 472 204
580 638 1844 789 sogar zu weniger günstigen Bedingungen empfoh-
586 794 714 885 len.
663 817 1846 957 Bleibt also nur die Frage der Controlle in
586 912 1821 1072 Ungarn. Eirich hat unsere Vertretung nur für
600 1000 1862 1155 die Aufführungen der Stücke in Ungarn in deut-
606 1100 1829 1231 scher Sprache. Wir können ihn aber, wenn der
598 1173 1930 1304 Vertrag mit Valentin abgeschlossen ist, auch mit
615 1251 1949 1412 der Kontrolle für den „Buf des Lebens“ in ungari¬
618 1366 1914 1495 scher Sprachebetrauen und es braucht den gegen-
621 1464 1618 1590 wärtigen Vertrag nicht zu tangieren.
673 1548 1930 1680 Mit Schott Söhne sind wir in Verhandlung, die
628 1605 1864 1761 Sache wird sich wohl, da wir der Firma einen
635 1696 1967 1864 ungewöhnlich hohen Rabatt angeboten haben, glatt
633 1852 937 1974 erledigen.
1100 1892 1573 2012 Hochachtungsvoll
1218 1979 1498 2101 ergebenst
1138 2080 1608 2204 S. FISCHER, VERLAG
1156 2181 1613 2269 THEATERABTEILUNG
1058 2211 1161 2306 ppas
1116 2239 1731 2371 Carl Leben
