2926 3592
1221 268 1310 386 be
1221 359 1341 462 54
1459 419 1775 575 VERLAG
972 436 1437 601 S. FISCHER,
1315 563 1435 659 ..
2225 651 2426 802 189.8.
1449 656 2184 814 BERLIN W., den 9. Februar
359 750 812 901 Telephon: Amt VI, No. 1662.
1672 800 1808 877 rasse 91.
1557 802 1643 886 Bülow
1162 1020 2407 1229 Herrn Dr. Arthur Schnitzler.
1938 1147 2230 1253 Wien.
982 1296 1526 1432 Lieber Herr Doktor!
857 1394 2484 1547 Die Novellen habe ich bekommen, es wäre aber sehr gut, wenn
589 1492 2431 1643 Sie noch etwas hinzufügen könnten, das Buch wird sonst zu dünn. Ich
975 1528 1075 1588 auch
604 1595 2026 1768 werde den Satz schon so splendid wie möglich halten.
853 1641 2505 1811 Ich mache Ihnen heute zur Vereinfachung unseres Abrechnungs-
608 1739 2520 1909 Modus folgenden Vorschlag: Ich möchte für die Dramen das Halbe Honorar
623 1803 2479 2002 immer gleich bei Erscheinen im vorhinein bezahlen, die andere Hälfte
625 1923 2546 2098 nach Verkauf der ersten halben Auflage. Bei Prosaarbeiten will ich im-
627 2012 2536 2177 mer gleich zwei Auflagen drucken, die eine Auflage gleich bezahlen und
625 2103 2539 2251 die zweite nach Verkauf der ersten. Wenn Sie damit einverstanden sind,
639 2179 2488 2376 so lasse ich das halbe Honorar für die neuen Auflagen von „Anatol,
649 2280 2534 2441 „Freiwild“ und Sterben” (.,Sterben“ habe ich nur in einer Auflage
661 2409 1748 2577 1000 Exempl.- gedruckt) gleich folgen.
891 2431 2577 2608 Von „Freiwild“ habe ich 9 Ueberschuss-Exemplare, von „Ster-
659 2527 2582 2721 ben’' 6 Ueberschuss-Exempl. geliefert bekommen. Ich stelle Ihnen diese
654 2666 1899 2797 Exempl. auf Wunsch unberechnet zur Verfügung.
2474 2704 2582 2819 G.C.F.P.
1123 2752 1645 2912 Mit besten Grüssen
1863 2802 2251 2931 Ihr ergebener
1875 2881 2426 3025 Kischer
881 2991 2721 3209 Soll „Anatol“ an eine Auswahl von
695 3073 2625 3281 Zeitungen zur Kegension verschickt werden
2081 3178 2263 3257 der
2285 3154 2541 3300 einde
1406 3212 1885 3331 ler versend
1004 3238 1382 3331 arte mit
1765 3243 1997 3317 Ihr H
915 3288 1497 3394 von „Freudil“
711 3264 860 3382 Kath
