2213 3479
976 683 1088 773 G.H.P.
1131 668 1224 765 G.C.P.
403 745 1743 832 sich,sneisgerade Nedekinds „Kassersänger" das ja die
426 774 1814 888 sos xxx Sosicht aufführen wird nach dieser Auf-
448 858 1831 965 neale xxxführnne noch für einige lit. Nations oder für
437 935 1799 1006 ###eid xxxjsse Essserspiels des Herrn S. Allan untersu¬
403 974 1864 1086 erfälln xxx brinses: falle die Aufführung der Sopiety Erfolg
431 1038 1777 1131 xxx hat und gute Kritiken briast. Natürlich sind
356 1103 1779 1204 seines durch ekeine grossen Einnahmen zu erkarten, und die
364 1133 1864 1271 ###ndl oder Verfasser müssen bereit sein, mit den enslischen
500 1230 1808 1310 Tehräu Gebersstauen und Saarbeitern die Sinnabsen zu
416 1290 1734 1379 kein und lafleichen Teilen zu teilen, sie das bei den
474 1310 1868 1431 ###, xxx der Fall ist. Hier wird s. 8. eine
691 1405 1835 1487 Asentorgebühr von 15 (oder wenn Langen es wün¬
691 1450 1874 1543 schen sollte von 20)4 erhoben, von denen mir die
694 1517 1883 1616 Hälfte zukommt; die übrigbleibenden 85 resp. 80
616 1575 1896 1680 xxx werden zwischen Autor- und Uebersetzern (in diesen
679 1648 1866 1739 Fall Nr. Whelen; Vorstand der Stade Society and
696 1698 1846 1803 Ornsature Mr. Trees, und Krs. Bernard 8baw) zu
664 1758 1861 1855 gleichen Teilen geteilt. Die Stage Society sel-
677 1814 1868 1926 ber zahlt keine Prozente; Einnahmen können sich
691 1877 1844 1995 erst aus anderweitigen Vorstellungen resp. Pu-
696 1950 1174 2064 blikation ergeben.
536 2017 1846 2150 Den „Kammersänger“ hat mein Vertreter vermittelt. Er
480 2092 1700 2254 fügt noch weiter hinzu, was ich wörtlich sitiere:
782 2170 1829 2275 „Ich schrieb Ihnen schon wegen des „Grünen
711 2251 1909 2327 Kakadu“. Seitdem habe ich nun erfahren, dass der-
709 2297 1838 2402 selbe bereits übersetzt worden ist und soviel
711 2355 1818 2443 ich weiss, dem obenerwähnten Gourtthester in
711 2428 1786 2503 London gehört, das ihn seltsauerweise nicht
711 2473 1855 2587 herausbrinst, Dieses Theater hatte vor einiger
705 2546 1879 2637 Zeit eine Reihe Sohnitzlersachen erworben, aber
719 2600 1889 2695 nur einen der Sinakter aus des „Lebendigen Stun-
717 2661 1887 2770 den den in Hosoital spielenden berausgebracht.
