2951 3528
1088 378 1971 531 S. FISCHER. VERLAG
1560 615 2459 827 BERene W. DEN 8/11. 1899.
506 672 1047 830 LEPHON: AAT VI, No. 1662.
1527 753 1974 891 BÜLÖWSTRASSE 91.
1108 930 1869 1106 Herrn Dr. Arthur Schnitzler
1844 1029 2020 1203 Wien.
638 1213 1193 1407 Lieber Herr Doktor!
810 1343 2641 1527 Die in Ihrer letzten Zuschrift erwähnten Correkturen geben Sie wohl
656 1489 1361 1627 der Druckerei direkt auf.
820 1555 2625 1747 Bevor Sie den „Reigen“ einem Wiener Verlag übergeben, würde ich em-
667 1624 2722 1862 pfehlen, erst abzuwarten, welchen Eindruck die Dedikations-Exemplare machen.
672 1752 2684 1933 Auch möchte ich mir noch die Entscheidung vortehalten, bis ein Exemplar im
669 1872 2618 2040 Druck vorliegt, man bekommt zuweilen von dem gedruckten Exemplar einen
674 2015 1165 2145 anderen Eindruck.
894 1989 2625 2224 Ich kann nicht sagen, dass die letzten von Coachell gelieferten
692 2153 2628 2337 Zeichnungen meinen Erwartungen entsprechen; sie sind ja hübsch, aber es
690 2250 2697 2446 fehlt ihnen vor allen Dingen an jeden Stimmungsgehalt. Es sind gegenständ-
695 2352 2582 2559 liche Darstellungen ohne Poesie. Nur die neue Umschlagzeichnung macht
700 2436 2707 2646 davon eine besondere Ausnahme. Ich hoffe aber, das Buch wird so geschmack-
715 2584 2710 2743 voll ausgestattet und immerhin durch viele schöne Zeichnungen so gut deko-
712 2676 2115 2886 rativ wirken, dass Sie damit zufrieden sein werden.
868 2766 2715 2924 Die Idee einer Mappe zu „Liebelei“ oder der Illustrationen zum Buch
715 2883 2653 3057 ist neulich zwischen Coschall und mir besprochen worden; aber gerade in
723 3016 2171 3202 der „Liebelei“ muss der Kapfindungsgehalt des Werkes,
