2616 3416
900 631 2026 785 ser Zeitung haben wir eine Genourrenz für die
895 750 2082 851 Rundschau nicht zu befürchten. Wollen Sie, dass
897 848 2030 964 ich an die New-Yorker Staatszeitung schreibe,
909 931 2063 1041 so will ich es tun. An Honorar werden Sie dort
912 997 2039 1130 nieht viel zu erwarten haben, Sie hätten aber
916 1105 2051 1250 den Vorteil, dass das Buch dann nicht nur ein
921 1203 2100 1297 Jahr, sondern auf die ganze Dauer der gesetzli-
921 1276 2118 1400 ehen Frist geschützt ist. Das Copyright, das wir
922 1380 2081 1525 für Ihren Roman erwirken können, würde nur auf
928 1468 1499 1605 ein Jahr möglich sein.
1010 1554 2135 1690 Darf ich Sie bitten, uns recht bald den zwei-
943 1650 1959 1773 ten Teil des Manuscripts zu schicken? *)
1032 1723 2057 1871 Ich danke Ihnen herzlichst, dass Sie dem
945 1812 2036 1956 Wohlwollen, dessen ich mich von Ihrer Seite
949 1923 2109 2054 schon seit Jahren zu erfreuen habe, neuerdings
952 2020 1721 2149 wieder Ausdruck gegeben haben.
1247 2084 1822 2175 Mit herzlichen Grüssen
1471 2141 1825 2251 Ihr gebener
1511 2215 1975 2332 Fischer
1007 2346 2032 2471 Ich würde auch bitten, wir den Titel des
1014 2429 1526 2529 Romans mitzuteilen.
