<?xml version="1.0" encoding="UTF-8" standalone="yes"?>
<PcGts xmlns="http://schema.primaresearch.org/PAGE/gts/pagecontent/2013-07-15" xmlns:xsi="http://www.w3.org/2001/XMLSchema-instance" xsi:schemaLocation="http://schema.primaresearch.org/PAGE/gts/pagecontent/2013-07-15 http://schema.primaresearch.org/PAGE/gts/pagecontent/2013-07-15/pagecontent.xsd">
    <Metadata>
        <Creator>prov=READ-COOP:name=TrHtr:version=2.1.0:model_id=51170:date=26_07_2023_22:27</Creator>
        <Created>2023-05-02T08:09:25.290+02:00</Created>
        <LastChange>2023-07-26T22:27:00.401+02:00</LastChange>
        <TranskribusMetadata docId="1416742" pageId="54953554" pageNr="130" tsid="131084326" status="IN_PROGRESS" userId="64420" imgUrl="https://files.transkribus.eu/Get?id=TXCFPHGJYUWFVALVHOUZOLAU&amp;fileType=view" xmlUrl="https://files.transkribus.eu/Get?id=RNXTVIFSRJQFHKQMLGYUQGPA" imageId="44457279"/>
    </Metadata>
    <Page imageFilename="1416742_0130.jpg" imageWidth="2929" imageHeight="3495">
        <ReadingOrder>
            <OrderedGroup id="ro_1711827128704" caption="Regions reading order">
                <RegionRefIndexed index="0" regionRef="tr_2"/>
                <RegionRefIndexed index="1" regionRef="tr_1"/>
            </OrderedGroup>
        </ReadingOrder>
        <TextRegion id="tr_2" custom="readingOrder {index:0;}">
            <Coords points="990,875 2119,875 2119,1582 990,1582"/>
            <TextLine id="tr_2_tl_1" custom="readingOrder {index:0;}">
                <Coords points="1076,954 1291,974 1611,941 1889,951 1892,855 1782,852 1653,907 1503,855 1145,896 1079,869"/>
                <Baseline points="1086,949 1131,949 1175,949 1220,946 1265,946 1310,943 1355,940 1399,937 1444,934 1489,937 1534,934 1578,934 1623,934 1668,931 1713,928 1757,931 1802,928 1847,928 1892,925"/>
                <TextEquiv>
                    <Unicode>F. FONTANE 8 CO. BERLIN</Unicode>
                </TextEquiv>
            </TextLine>
            <TextLine id="tr_2_tl_2" custom="readingOrder {index:1;}">
                <Coords points="1283,1017 1355,999 1385,1013 1418,999 1459,1006 1479,993 1595,1010 1697,993 1699,959 1610,940 1570,959 1526,952 1489,966 1418,951 1395,963 1311,955 1283,973"/>
                <Baseline points="1292,993 1298,990 1343,993 1387,993 1432,990 1477,990 1522,987 1566,987 1611,984 1656,984 1701,984"/>
                <TextEquiv>
                    <Unicode>VERLAGS-ABTEILUNG</Unicode>
                </TextEquiv>
            </TextLine>
            <TextLine id="tr_2_tl_3" custom="readingOrder {index:2;}">
                <Coords points="1829,1026 1845,1024 1859,1031 1937,1031 1937,1002 1912,996 1906,998 1901,993 1892,996 1882,991 1878,995 1853,982 1829,979"/>
                <Baseline points="1838,1023 1850,1020 1895,1020 1940,1020"/>
                <TextEquiv>
                    <Unicode>Adresse:</Unicode>
                </TextEquiv>
            </TextLine>
            <TextLine id="tr_2_tl_4" custom="readingOrder {index:3;}">
                <Coords points="1006,1046 1024,1051 1043,1046 1054,1046 1057,1051 1100,1046 1101,1017 1090,1017 1079,1012 1068,1018 1054,1015 1042,1023 1034,1020 1028,1012 1007,1012"/>
                <Baseline points="1014,1041 1059,1041 1104,1038"/>
                <TextEquiv>
                    <Unicode>Telephon</Unicode>
                </TextEquiv>
            </TextLine>
            <TextLine id="tr_2_tl_5" custom="readingOrder {index:4;}">
                <Coords points="1787,1053 1796,1051 1853,1079 1865,1076 1884,1092 1988,1068 1989,1020 1944,1032 1857,1031 1829,1018 1817,1026 1787,1026"/>
                <Baseline points="1796,1047 1814,1050 1859,1047 1904,1047 1948,1047 1993,1044"/>
                <TextEquiv>
                    <Unicode>Lützowstrasse 84b</Unicode>
                </TextEquiv>
            </TextLine>
            <TextLine id="tr_2_tl_6" custom="readingOrder {index:5;}">
                <Coords points="982,1119 1017,1122 1045,1111 1065,1125 1087,1122 1100,1134 1137,1117 1137,1037 1106,1049 1026,1051 998,1034 982,1035"/>
                <Baseline points="990,1068 1035,1068 1080,1068 1125,1068 1140,1068"/>
                <TextEquiv>
                    <Unicode>Amt VI. 1506</Unicode>
                </TextEquiv>
            </TextLine>
            <TextLine id="tr_2_tl_7" custom="readingOrder {index:6;}">
                <Coords points="1473,1192 1591,1202 1632,1180 1721,1210 1793,1186 1831,1208 1887,1192 1956,1210 2113,1175 2118,1106 1914,1101 1655,1139 1602,1119 1476,1126"/>
                <Baseline points="1483,1178 1492,1175 1537,1175 1581,1175 1626,1175 1671,1175 1716,1175 1760,1172 1805,1169 1850,1166 1895,1155 1940,1155 1984,1155 2029,1152 2074,1149 2119,1149"/>
                <TextEquiv>
                    <Unicode>BERene W 35, den 12/IX.1900</Unicode>
                </TextEquiv>
            </TextLine>
            <TextLine id="tr_2_tl_8" custom="readingOrder {index:7;}">
                <Coords points="1013,1434 1070,1442 1150,1402 1371,1396 1462,1428 1638,1398 1639,1337 1599,1330 1559,1349 1402,1321 1286,1357 1144,1326 1084,1340 1017,1311"/>
                <Baseline points="1023,1396 1059,1396 1104,1393 1149,1393 1193,1393 1238,1393 1283,1390 1328,1387 1372,1387 1417,1387 1462,1384 1507,1384 1552,1384 1596,1384 1641,1384"/>
                <TextEquiv>
                    <Unicode>Herrn S.Fischer Verlag</Unicode>
                </TextEquiv>
            </TextLine>
            <TextLine id="tr_2_tl_9" custom="readingOrder {index:8;}">
                <Coords points="1555,1555 1660,1556 1702,1539 1765,1548 1787,1536 1872,1555 1931,1537 1959,1545 1995,1534 1997,1484 1953,1473 1901,1486 1870,1470 1843,1486 1754,1484 1730,1500 1671,1487 1638,1498 1595,1471 1556,1482"/>
                <Baseline points="1563,1534 1596,1534 1641,1534 1686,1534 1731,1534 1775,1531 1820,1531 1865,1528 1910,1528 1954,1528 1999,1528"/>
                <TextEquiv>
                    <Unicode>Bülowstrasse 91</Unicode>
                </TextEquiv>
            </TextLine>
            <TextLine id="tr_2_tl_10" custom="readingOrder {index:9;}">
                <Coords points="1719,1594 1763,1608 1788,1589 1806,1592 1839,1577 1884,1589 1903,1575 1991,1605 1992,1536 1950,1539 1936,1550 1892,1541 1862,1553 1843,1545 1798,1561 1757,1551 1719,1555"/>
                <Baseline points="1728,1572 1772,1572 1817,1572 1862,1572 1907,1569 1951,1569 1996,1569"/>
                <TextEquiv>
                    <Unicode>̃- â — —„ — — • —</Unicode>
                </TextEquiv>
            </TextLine>
        </TextRegion>
        <TextRegion id="tr_1" custom="readingOrder {index:1;}">
            <Coords points="1011,1672 2280,1672 2280,2899 1011,2899"/>
            <TextLine id="tr_1_tl_1" custom="readingOrder {index:0;}">
                <Coords points="1133,1781 2119,1732 2239,1766 2240,1671 2210,1661 1420,1716 1136,1671"/>
                <Baseline points="1143,1748 1166,1748 1211,1748 1256,1746 1301,1746 1346,1743 1390,1746 1435,1740 1480,1740 1525,1740 1569,1737 1614,1737 1659,1737 1704,1737 1748,1734 1793,1734 1838,1734 1883,1731 1928,1731 1972,1731 2017,1731 2062,1728 2107,1728 2151,1728 2196,1725 2241,1722"/>
                <TextEquiv>
                    <Unicode>Jn höfl. Beantwortung Jhrer gfl.gestrigen</Unicode>
                </TextEquiv>
            </TextLine>
            <TextLine id="tr_1_tl_2" custom="readingOrder {index:1;}">
                <Coords points="1002,1870 2024,1843 2152,1881 2256,1867 2259,1792 2107,1755 1881,1810 1285,1818 1236,1787 1151,1829 1004,1818"/>
                <Baseline points="1011,1856 1050,1859 1095,1856 1140,1856 1184,1853 1229,1853 1274,1850 1319,1850 1363,1847 1408,1847 1453,1847 1498,1844 1543,1844 1587,1841 1632,1841 1677,1841 1722,1841 1766,1838 1811,1835 1856,1835 1901,1835 1945,1835 1990,1832 2035,1829 2080,1829 2125,1829 2169,1829 2214,1826 2259,1829"/>
                <TextEquiv>
                    <Unicode>Anfragereichen wir Jhnen das Circular von Paul</Unicode>
                </TextEquiv>
            </TextLine>
            <TextLine id="tr_1_tl_3" custom="readingOrder {index:2;}">
                <Coords points="1007,2006 1166,1966 1429,1999 1581,1941 2174,1947 2185,1873 1989,1904 1610,1875 1294,1920 1010,1895"/>
                <Baseline points="1017,1957 1023,1954 1068,1954 1113,1954 1158,1951 1202,1948 1247,1948 1292,1948 1337,1945 1381,1945 1426,1945 1471,1942 1516,1942 1560,1942 1605,1940 1650,1937 1695,1937 1740,1937 1784,1937 1829,1934 1874,1934 1919,1931 1963,1931 2008,1931 2053,1928 2098,1928 2142,1925 2187,1922"/>
                <TextEquiv>
                    <Unicode>Heinze wieder zurück und bemerken dazu, dass</Unicode>
                </TextEquiv>
            </TextLine>
            <TextLine id="tr_1_tl_4" custom="readingOrder {index:3;}">
                <Coords points="1009,2072 2212,2060 2245,1975 1010,2019"/>
                <Baseline points="1017,2059 1038,2059 1083,2059 1128,2056 1172,2053 1217,2053 1262,2053 1307,2050 1352,2047 1396,2047 1441,2047 1486,2044 1531,2044 1575,2044 1620,2041 1665,2041 1710,2038 1754,2038 1799,2035 1844,2035 1889,2035 1934,2032 1978,2032 2023,2029 2068,2029 2113,2026 2157,2026 2202,2026 2247,2023"/>
                <TextEquiv>
                    <Unicode>dieses Rundschreiben auch an unsre Autoren ge¬</Unicode>
                </TextEquiv>
            </TextLine>
            <TextLine id="tr_1_tl_5" custom="readingOrder {index:4;}">
                <Coords points="1012,2196 2064,2140 2182,2171 2198,2099 2035,2063 1773,2115 1013,2134"/>
                <Baseline points="1020,2169 1038,2169 1083,2166 1128,2163 1172,2163 1217,2160 1262,2160 1307,2157 1352,2157 1396,2154 1441,2151 1486,2151 1531,2151 1575,2148 1620,2145 1665,2145 1710,2145 1754,2145 1799,2142 1844,2142 1889,2142 1934,2139 1978,2139 2023,2136 2068,2134 2113,2134 2157,2131 2202,2128"/>
                <TextEquiv>
                    <Unicode>gangen ist,und wir allen denjenigen, die uns</Unicode>
                </TextEquiv>
            </TextLine>
            <TextLine id="tr_1_tl_6" custom="readingOrder {index:5;}">
                <Coords points="1018,2279 2228,2278 2240,2201 2097,2163 1801,2214 1020,2231"/>
                <Baseline points="1026,2268 1035,2268 1080,2268 1125,2265 1169,2262 1214,2259 1259,2259 1304,2259 1349,2256 1393,2256 1438,2256 1483,2253 1528,2253 1572,2253 1617,2250 1662,2247 1707,2247 1751,2244 1796,2241 1841,2241 1886,2238 1931,2238 1975,2235 2020,2235 2065,2232 2110,2232 2154,2232 2199,2229 2244,2229"/>
                <TextEquiv>
                    <Unicode>um Rat gefragt haben, von einer Zusendung ih-</Unicode>
                </TextEquiv>
            </TextLine>
            <TextLine id="tr_1_tl_7" custom="readingOrder {index:6;}">
                <Coords points="1015,2383 2011,2377 2235,2352 2248,2295 2041,2259 1952,2309 1343,2290 1017,2347"/>
                <Baseline points="1023,2369 1041,2369 1086,2366 1131,2363 1175,2363 1220,2363 1265,2360 1310,2360 1355,2360 1399,2357 1444,2354 1489,2354 1534,2354 1578,2351 1623,2351 1668,2348 1713,2348 1757,2345 1802,2345 1847,2342 1892,2342 1937,2339 1981,2339 2026,2339 2071,2336 2116,2336 2160,2333 2205,2333 2250,2328"/>
                <TextEquiv>
                    <Unicode>rer Bücher abgeraten haben. Eine Litteraturge-</Unicode>
                </TextEquiv>
            </TextLine>
            <TextLine id="tr_1_tl_8" custom="readingOrder {index:7;}">
                <Coords points="1017,2488 2239,2465 2254,2389 1569,2430 1401,2392 1089,2422 1021,2384"/>
                <Baseline points="1026,2474 1047,2477 1092,2474 1137,2474 1181,2471 1226,2471 1271,2468 1316,2468 1360,2465 1405,2462 1450,2462 1495,2462 1540,2459 1584,2456 1629,2456 1674,2453 1719,2453 1763,2453 1808,2453 1853,2450 1898,2447 1942,2450 1987,2444 2032,2444 2077,2441 2122,2441 2166,2438 2211,2438 2256,2435"/>
                <TextEquiv>
                    <Unicode>schichte, deren Verfasser sich von den Autoren</Unicode>
                </TextEquiv>
            </TextLine>
            <TextLine id="tr_1_tl_9" custom="readingOrder {index:8;}">
                <Coords points="1015,2584 2184,2576 2232,2571 2234,2505 1787,2530 1705,2488 1081,2546 1017,2515"/>
                <Baseline points="1023,2572 1029,2572 1074,2572 1119,2572 1164,2572 1208,2569 1253,2569 1298,2569 1343,2566 1387,2566 1432,2563 1477,2563 1522,2560 1566,2560 1611,2557 1656,2554 1701,2554 1746,2551 1790,2551 1835,2548 1880,2548 1925,2545 1969,2545 2014,2542 2059,2542 2104,2539 2148,2536 2193,2536 2238,2533"/>
                <TextEquiv>
                    <Unicode>Waschzettel geben lässt, der ausserdem seinen</Unicode>
                </TextEquiv>
            </TextLine>
            <TextLine id="tr_1_tl_10" custom="readingOrder {index:9;}">
                <Coords points="1017,2720 1770,2662 1893,2720 2043,2664 2275,2676 2276,2606 1809,2618 1699,2585 1545,2631 1020,2650"/>
                <Baseline points="1026,2677 1071,2677 1116,2677 1161,2674 1205,2674 1250,2671 1295,2671 1340,2671 1384,2668 1429,2668 1474,2665 1519,2665 1563,2662 1608,2662 1653,2659 1698,2659 1743,2656 1787,2653 1832,2653 1877,2650 1922,2650 1966,2647 2011,2647 2056,2644 2101,2644 2145,2644 2190,2638 2235,2638 2280,2635"/>
                <TextEquiv>
                    <Unicode>Stoff so wenig beherrscht, wie aus dem Circulari¬</Unicode>
                </TextEquiv>
            </TextLine>
            <TextLine id="tr_1_tl_11" custom="readingOrder {index:10;}">
                <Coords points="1018,2832 1457,2775 1721,2830 2193,2805 2223,2717 1893,2722 1820,2689 1679,2730 1021,2748"/>
                <Baseline points="1029,2787 1062,2787 1107,2787 1152,2784 1196,2781 1241,2781 1286,2778 1331,2775 1375,2775 1420,2775 1465,2772 1510,2772 1554,2769 1599,2766 1644,2766 1689,2763 1734,2763 1778,2760 1823,2760 1868,2760 1913,2757 1957,2757 2002,2754 2047,2751 2092,2748 2136,2748 2181,2745 2226,2745"/>
                <TextEquiv>
                    <Unicode>hervorgeht, eine solche Litteraturgeschichte</Unicode>
                </TextEquiv>
            </TextLine>
            <TextLine id="tr_1_tl_12" custom="readingOrder {index:11;}">
                <Coords points="1026,2912 1443,2883 1599,2915 1787,2866 2113,2905 2245,2874 2248,2813 1028,2854"/>
                <Baseline points="1035,2889 1041,2889 1086,2889 1131,2886 1175,2886 1220,2883 1265,2883 1310,2880 1355,2880 1399,2877 1444,2874 1489,2874 1534,2874 1578,2874 1623,2871 1668,2868 1713,2865 1757,2865 1802,2862 1847,2862 1892,2859 1937,2859 1981,2859 2026,2856 2071,2853 2116,2850 2160,2850 2205,2847 2250,2847"/>
                <TextEquiv>
                    <Unicode>hat unsrer Meinung nach nicht den geringsten</Unicode>
                </TextEquiv>
            </TextLine>
        </TextRegion>
    </Page>
</PcGts>
