2585 3496
773 589 1932 704 Heute erhalte ich von dem Kapellmeister Franz
679 686 1929 812 Neumann die Nachricht, dass er sich mit Ihrer Zu-
684 770 2020 887 stimmung mit der „Komposition der„Liebelei“ beschäf-
1413 851 1542 909 mme
689 878 1986 993 tigt; er will die Erlaubnis haben, den Originaltext
689 956 2043 1076 unter seine Musik zu setzen. Ich möchte von Ihnen nur
701 1062 2005 1169 eine Bestätigung darüber haben, um auch hinsichtlich
703 1135 1574 1260 des Textbuches orientiert zu sein.
1023 1251 1508 1366 Mit besten Grüssen
1522 1310 1640 1410 Ihr:
1349 1413 1804 1604 S. Fischer
