2929 3495
1235 309 1331 460 7
1586 392 1930 524 VERLAG
1042 397 1546 592 S. FISCHER,
1510 612 2487 769 BERene W., DEN 15/9. 1900.
423 681 1025 860 TELEPHON: AMT VI, No. 1662.
1475 756 1928 896 BÜLÖWSTRASSE 91.
1915 845 2113 964 G.C.H.F.P.
2191 865 2353 1002 gehlehte
1604 893 2168 1047 Schnitzler
956 903 1531 1078 Herrn Dr, Arthu
1984 992 2219 1149 Wien.
602 1108 1369 1280 Lieber Herr Doktor!
936 1212 1424 1305 nun xxxmächst xxx
825 1214 2495 1417 Ich erkläre mich gern bereit, dem Herrn Paul Heinze für seine
1961 1303 2629 1417 Is Freiexemplare zuzusen-
1882 1343 1976 1419 e a
1882 1381 2277 1465 lʼhonneur avec les
632 1354 1829 1495 Geschichte der deutschen Litteratur Ihre We
648 1361 799 1440 G.H.F.P.
1698 1404 1829 1465 que les sommes sont
643 1397 2629 1601 den; ich halte es indessen nicht für ratsam, die eigentümliche Art dieses
645 1498 2626 1652 Herrn, Bücher zu machen, zu unterstützen. Herr Heinze ist schon durch ein
660 1596 2601 1766 früheres Werk im Buchhandel unvorteilhaft bekannt und mir will scheinen,
665 1660 2631 1827 es würde sich nicht empfehlen, die zumeist auf die Eitelkeit der schrift-
663 1743 2538 1920 stellernden Dilettanten berechnete, litterarhistorisch nicht ernst zu
670 1852 2601 2052 nehmende Arbeit Heinzes zu unterstützen. Ich habe mich darüber noch mal
665 1913 2669 2107 bei Fontane & Co. informiert und lege zu Ihrer Kenntnisnahme deren Antwort
1903 2021 2070 2082 persönlich
681 2047 2570 2219 bei. Sollten Sie dennoch wünschen, dass ich Herrn Heinze Ihre Bücher
678 2135 1941 2335 schicke, so erkläre ich mich dazu gern bereit.
1938 2168 2431 2249 chaffen betrachtet zu scherz
949 2156 2619 2381 Ich lese in den Zeitungen, dass die Ablehnung Ihres „Schleier
1225 2239 1356 2292 G.C.F.S
686 2295 2543 2492 der Beatrice“ von Schlenther zu einer Kundgebung der Wiener Kritiker
698 2376 2720 2545 geführt hat. Sollten Sie die Absicht haben, dieses Buch zu veröffentlichen,
698 2454 2702 2629 so scheint mir der gegenwärtige Zeitpunkt besonders geeignet das
1262 2515 1371 2568 M. rn
691 2525 2725 2732 werk dem Sublikum der zu bieten
1141 2631 1713 2745 Mit besten Grüssen
1758 2621 2138 2778 Ihr ergebener
999 2702 1083 2773 G.C.F.
1946 2697 2613 2882 H. W. & M.
