2116 3049
600 437 1851 561 S. FISCHER,VERLAG, BERLIN W., BÜLowSTR. 90
1128 649 1885 770 BERene W., DEN 21. Dec. 66
713 921 1426 1041 Herrn Dr. Arthur Schnitzler
1411 1035 1684 1128 Nian xviir
1308 1107 1679 1246 Spöttelgasse 7
664 1215 1162 1334 Lieder Herr Doktor,
729 1329 1800 1426 wir druchen von „Liebelei“ die 7. Auflage.
597 1409 1913 1524 Das Seniorar von K. 500.- (Eünfhundert kark) überset¬
621 1493 1864 1627 sen wir gleichseitig Ihren Gonto bei der k. I. Prie.
620 1620 1772 1723 Allgemeinen Oesterr. Bodenkreditanstalt, Tien.
729 1694 1875 1828 Ich habe nie erlaubt, das honorar auf 35 % zu
610 1782 1885 1897 erhöhen, weil ich auch nach anderer Seite eine sol¬
611 1867 1328 1993 che Concesston gemacht habe.
731 1967 1529 2081 Mit schönsten Nothnachtsgrüssen
1409 2021 1753 2160 Ihr ergedener
1349 2150 1759 2328 J.fischer.
