2661 3578
1759 630 2195 757 von Miss Kaiser
468 724 2244 885 dass Amen den "Anatol" für das Neue Theater in Newyork gegen eine
468 841 2218 960 Tantieme von 5 % für Ihren Teil, mit einer Garantiezahlung von
471 892 2310 1056 M. 276, 77 auf Ihren Teil, erworben hat; diese Summe wird in unserer
480 1035 1340 1150 nächsten Abrechnung figurieren.
560 1075 2293 1239 Die Anfrage von Mauribe Browne beantworte ich gleichzeitig, wir
492 1181 2350 1331 stellen ihm anheim, "Liebelei" und "Anatol" entweder von Miss Kaiser
2214 1249 2319 1347 zu
494 1267 2164 1403 oder auf Grund der englischen Uebersetzung von Granville Bark-
504 1354 1902 1492 erwerben, zu den Bedingungen, die er selbst angibt.
609 1450 2359 1584 Wir haben von einem schwedischen Verlag das Anerbieten bekommen,
499 1511 2319 1661 für eine Novellensammlung, enthaltend "Das Schicksal des Freiherrn
513 1626 2352 1755 von Leisenbogh", "Die Toten schweigen" und "Leutnant Gustl" M. 150.-
513 1698 2324 1846 für eine Auflage von 1500 Exemplaren und M. 50.- für jedes weitere
511 1790 2350 1951 Tausend zu bekommen. Schweden ist ein kleines Land, und da der Ver-
520 1883 2321 2026 leger auch noch den Uebersetzer honorieren muss, so würde ich vor-
527 1984 2232 2115 schlagen, dass wir ihm alle Rechte für ein Pauschalhonorar von
522 2087 1851 2218 M. 300.- abtreten. Sind Sie damit einverstanden?
658 2141 2378 2296 Die Einbandmuster, die Ihnen für die "Gesammelten Werke" vorge-
539 2218 2321 2392 legt wurden, bezogen sich hauptsächlich auf die Zeichnung. Papier
541 2314 2424 2460 und Druck waren nicht gut gewählt, das wird, wie ich Ihnen versichern
541 2410 2410 2546 kann, alles viel besser werden. Im übrigen werde wir neben dem Papp-
555 2504 2335 2677 band, der nur den Bedürfnissen der anspruchsloseren Bücherkäufer
548 2600 2385 2759 genügen soll, aucheinankalbleder- und Ganzlederband für verwöhntere
548 2694 2434 2856 Bücherfreunde führen. Sie können sich darauf verlassen, dass die Aus-
565 2776 2284 2912 stattung dieser Bände mit der grössten Sorgfalt behandelt wird.
719 2856 2413 3015 Nächste Woche gelangt zunächst "Masken und Wunder" zur Versen-
569 2947 2350 3097 dung; bitte geben Sie uns Ihre Dispositionen wegen der Versendung
572 3034 1951 3183 der Rezensions- und Freiexemplare rechtzeitig auf.
