2891 3671
1882 108 1990 261 P
900 359 1771 487 S. Fischer = Verlag = Berlin
512 450 2150 647 Fortsetzung Brief Dr. Arthur Schnitzler Blatt II
462 696 2251 819 Verträge abgeschlossen haben, nur spiche Stücke hervorholen, von
470 795 1835 886 denen sie wissen, dass sie Entgegenkommen finden.
571 873 2408 1009 Es wäre also den Interessen der Autoren nicht damit gedient, hjedes
460 940 2337 1082 Entgegenkommen zu versagen. Vir werden darum auch künftig, wenn Sie
462 1058 2440 1191 uns nicht einen Gegenauftrag erteilen, je nach Lage eine mässige Herab-
467 1161 2352 1250 setzung gewähren, wobei wir Ihre Interessen selbstverständlich stets
467 1264 2300 1378 wahrnehmen werden. In Fällen, wo eine Verkürzung der Tantieme eine
462 1353 2288 1442 innere Berechtigung nicht haben sollte, würden wir gegebenen Falls
455 1414 2271 1557 Ihrem Wunsche gemäss darauf dringen, dass der gesparte Betrag den
460 1528 2344 1633 engagementslosen Schauspielern zugewendet wird. Wir sagen aber nicht
458 1616 2344 1715 zuviel, wenn uns bisher noch keine Bühne begegnet ist, deren Kassen-
458 1707 2394 1835 rapporte bei bereits gespielten Stücken diese Massnahme gerechtfertigt
445 1766 642 1899 hätte.
1496 1884 1951 2007 Hochachtungsvoll
1547 1975 1828 2106 ergebenst
1483 2069 1985 2170 S. FISCHER, VERLAG
1510 2145 1966 2236 THEATERABTEILUNG
1557 2197 1815 2354 Gen.
