2763 3160
1106 253 1184 396 B
1320 356 1651 455 Abschrift.
639 437 1063 570 Schauspielhaus
1467 435 1741 527 Dusseldorf
1412 409 2146 605 Berlin, den 2. August 1904
653 646 1279 798 Herrn Gustav Lindemann
1247 738 2003 876 z. Zt. Osterode bei Ilfeld.
692 791 1155 890 Herrn S. Fischer
653 879 1191 1023 Sehr geehrter Herr!
1900 839 2086 1010 Berlin
1833 980 1980 1058 Bülow
757 1000 2459 1120 Bevor wir Ihre werte Zuschrift vom 28. v. M. erledigen, erlau-
656 1097 2443 1198 ben wir uns die Frage, wann und in welcher Form Sie gedenken, die
897 1175 1233 1237 geehrter Herr
656 1182 2493 1281 noch immer in Schwebe befindliche Angelegenheit betreffend Schnitz-
653 1256 2302 1387 ler „Der einsame Weg zum Abschluss zu bringen.
757 1373 2362 1477 Sie erinnern sich, dass sie in zwei Depeschen das Werk auf
651 1438 2470 1566 Grund der Vorverhandlungen -contractgiltig angenommen haben. Erst
653 1534 2502 1644 nach der Berliner Premiere haben Sie bezüglich der vereinbarten
653 1626 2438 1730 Garantiesumme Schwierigkeiten gemacht, und als wir Ihnen auch in
658 1713 2420 1831 diesem Punkte noch freiwillig entgegenkamen, schrieben Sie, dass
1863 1794 2505 1911 später aber auf die
660 1817 1835 1909 Sie einstweilen nicht abschliessen wollten,
662 1897 2493 1994 Sache wieder zurückkommen würden. Nun haben sich Ihre Pläne und Un-
665 1971 2496 2084 ternehmungen derart verändert, dass wir vorerst um Auskunft bitten,
656 2068 2507 2180 wann und in welcher Form sie die contractgiltig übernommenen Ver-
1815 2153 2401 2259 zu erfüllen gedenken.
656 2155 1782 2266 pflichtungen bezüglich des „Einsamen Weg
1725 2236 2394 2353 Hochachtungsvoll
906 2252 1355 2362 xxx dieser Angelegen=
1546 2247 1635 2358 Pour
1782 2332 2247 2440 Theaterabteilung
1803 2404 2346 2532 S. Fischer, Verlag.
961 2420 1693 2542 wie es Ihnen nunmehr anheim,
980 2502 2440 2617 hiesige Schauspielhaus in Be gez. Carl Schur.zusenden,
644 2521 764 2634 die
1672 2599 2514 2716 ich mich direkt an die Autoren
1532 2647 1635 2714 wert
784 2601 1490 2728 würden. Sie sie mir vor, - xxx
1700 2765 1780 2896 och
1753 2884 1861 3052 ære.
