2872 3380
710 424 2294 769 Auflage drucken lassen.
838 634 2665 892 Um nun eine glatte Abrechnung
657 769 2644 1037 zu haben, sende ich Ihnen für die
652 910 2680 1168 erste Auflage von 1150 sapl. das
685 1048 2667 1293 Honorar von 400 Mk. mitfolgen
782 1214 2644 1392 Sterben, Anatol und Märchen
598 1339 2621 1571 sind in den letzten Monaten nur in
621 1472 2683 1643 Vesterreich in bemerkenswerther Weise
623 1592 2660 1837 verkauft worden. Die Abrechnung
639 1748 2665 1960 über diese Bücher, sowie unsere gegen¬
641 1901 2627 2139 seitige Verrechnung werde ich Ihne
608 2013 2662 2264 ganz genau im August v. s. geben
649 2141 2471 2345 können. Wie stehts mit den
646 2238 2665 2504 geplanten Novellenbuch, werden wir
652 2391 2616 2619 im Herbst damit herauskommen könne.
815 2501 2614 2777 Ich verspreche mir von einem solchen
631 2673 2578 2910 Werke eine starken Aufschwung Ihr
1735 2856 2527 2971 el erinnere mich,
641 2839 1035 3061 Buchau
