3230 3658
2203 420 2434 546 Blatt 2
603 443 1356 598 FISCHER,VERLAG, BERLIN,
667 629 2481 777 Convention tritt sehr bald in Kraft, bitte lassen Sie mich wissen,
677 732 2591 839 ob Sie uns den Vertrieb Ihrer Bühnenwerke auch für Russland übergeben.
670 830 2484 939 Haben Sie wegen des Uebersetzers in Russland besondere Wünsche, so
667 925 2102 1044 können diese von Fall zu Fall berücksichtigt werden.
832 1025 2501 1175 Ich lege auch noch einen Brief bei, der sich auf den "Reigen"
682 1118 925 1237 bezieht.
870 1185 2462 1328 Von Herrn Theodor Reich ist uns das in Frage stehende Buch
679 1268 2541 1411 noch nicht angeboten worden. Handelt es sich um ein wertvolles Buch,
682 1380 1499 1485 so würde ich es gern bringen.
1027 1445 1654 1590 Mit herzlichen Grüssen
1676 1518 1804 1664 Ihr
1580 1659 2033 1847 S. Fischer
