<?xml version="1.0" encoding="UTF-8" standalone="yes"?>
<PcGts xmlns="http://schema.primaresearch.org/PAGE/gts/pagecontent/2013-07-15" xmlns:xsi="http://www.w3.org/2001/XMLSchema-instance" xsi:schemaLocation="http://schema.primaresearch.org/PAGE/gts/pagecontent/2013-07-15 http://schema.primaresearch.org/PAGE/gts/pagecontent/2013-07-15/pagecontent.xsd">
    <Metadata>
        <Creator>prov=READ-COOP:name=TrHtr:version=2.1.0:model_id=51170:date=26_07_2023_22:34</Creator>
        <Created>2023-05-02T08:11:02.798+02:00</Created>
        <LastChange>2023-07-26T22:34:39.541+02:00</LastChange>
        <TranskribusMetadata docId="1416742" pageId="54955383" pageNr="626" tsid="131085539" status="IN_PROGRESS" userId="64420" imgUrl="https://files.transkribus.eu/Get?id=BLAGXCDGQKMQXVCAUUJZOLDK&amp;fileType=view" xmlUrl="https://files.transkribus.eu/Get?id=TEAAXQEPCXIVAALFXLHYYZRH" imageId="44459108"/>
    </Metadata>
    <Page imageFilename="1416742_0626.jpg" imageWidth="2327" imageHeight="3607">
        <ReadingOrder>
            <OrderedGroup id="ro_1711827507285" caption="Regions reading order">
                <RegionRefIndexed index="0" regionRef="tr_1"/>
            </OrderedGroup>
        </ReadingOrder>
        <TextRegion id="tr_1" custom="readingOrder {index:0;}">
            <Coords points="525,1021 2048,1021 2048,2980 525,2980"/>
            <TextLine id="tr_1_tl_1" custom="readingOrder {index:0;}">
                <Coords points="516,1115 597,1108 637,1131 682,1107 766,1158 900,1093 1022,1119 1078,1090 1179,1102 1182,1012 1158,1005 962,1022 864,993 744,1024 675,998 522,1007"/>
                <Baseline points="525,1098 558,1098 603,1098 647,1098 692,1101 737,1101 782,1098 827,1095 871,1092 916,1089 961,1083 1006,1080 1051,1077 1095,1074 1140,1071 1185,1071"/>
                <TextEquiv>
                    <Unicode>die Buchausgebe.</Unicode>
                </TextEquiv>
            </TextLine>
            <TextLine id="tr_1_tl_2" custom="readingOrder {index:1;}">
                <Coords points="785,1196 864,1231 1009,1176 1232,1167 1331,1210 1425,1158 1759,1181 1976,1134 1979,1067 1751,1114 1525,1078 1029,1119 888,1096 787,1148"/>
                <Baseline points="794,1191 818,1188 862,1185 907,1182 952,1179 997,1176 1042,1173 1086,1173 1131,1170 1176,1167 1221,1164 1266,1164 1310,1164 1355,1161 1400,1158 1445,1155 1489,1155 1534,1152 1579,1149 1624,1146 1669,1143 1713,1143 1758,1140 1803,1137 1848,1137 1893,1134 1937,1131 1982,1131"/>
                <TextEquiv>
                    <Unicode>Ich kann mit Björkmärs mitts</Unicode>
                </TextEquiv>
            </TextLine>
            <TextLine id="tr_1_tl_3" custom="readingOrder {index:2;}">
                <Coords points="563,1281 780,1313 868,1265 1102,1286 1191,1243 1344,1281 1470,1232 1816,1251 1928,1234 1933,1143 1761,1181 1427,1160 1334,1210 1007,1176 861,1234 566,1201"/>
                <Baseline points="573,1272 591,1274 636,1272 680,1269 725,1269 770,1266 815,1260 859,1260 904,1257 949,1257 994,1254 1039,1248 1083,1245 1128,1245 1173,1242 1218,1242 1263,1239 1307,1236 1352,1233 1397,1233 1442,1233 1486,1230 1531,1230 1576,1227 1621,1224 1666,1224 1710,1221 1755,1209 1800,1206 1845,1203 1890,1203 1934,1203"/>
                <TextEquiv>
                    <Unicode>abmachen, bevor ich nicht weiß welche</Unicode>
                </TextEquiv>
            </TextLine>
            <TextLine id="tr_1_tl_4" custom="readingOrder {index:3;}">
                <Coords points="565,1370 699,1413 1244,1313 1781,1317 1948,1287 1952,1229 1501,1231 1346,1279 1193,1239 1102,1286 871,1263 780,1313 570,1286"/>
                <Baseline points="576,1352 609,1349 653,1349 698,1346 743,1343 788,1340 833,1343 877,1340 922,1337 967,1334 1012,1328 1057,1328 1101,1322 1146,1319 1191,1316 1236,1310 1280,1310 1325,1307 1370,1301 1415,1298 1460,1298 1504,1295 1549,1295 1594,1292 1639,1289 1684,1286 1728,1280 1773,1277 1818,1272 1863,1269 1908,1263 1952,1263"/>
                <TextEquiv>
                    <Unicode>Rechte Gilin von Ihnen übernauen</Unicode>
                </TextEquiv>
            </TextLine>
            <TextLine id="tr_1_tl_5" custom="readingOrder {index:4;}">
                <Coords points="575,1456 1520,1387 1919,1427 1954,1300 1301,1317 1219,1377 1055,1334 761,1391 582,1362"/>
                <Baseline points="588,1421 612,1415 656,1412 701,1415 746,1412 791,1406 836,1406 880,1406 925,1403 970,1403 1015,1403 1060,1400 1104,1400 1149,1397 1194,1397 1239,1391 1283,1388 1328,1379 1373,1379 1418,1376 1463,1373 1507,1370 1552,1367 1597,1364 1642,1364 1687,1361 1731,1358 1776,1355 1821,1349 1866,1349 1910,1346 1955,1349"/>
                <TextEquiv>
                    <Unicode>hält, und auf welcher Stüdke und auch</Unicode>
                </TextEquiv>
            </TextLine>
            <TextLine id="tr_1_tl_6" custom="readingOrder {index:5;}">
                <Coords points="570,1492 718,1532 845,1501 886,1520 954,1477 1164,1496 1277,1472 1281,1422 1186,1442 1112,1405 1029,1434 757,1418 718,1449 658,1425 570,1458"/>
                <Baseline points="579,1486 612,1486 656,1486 701,1486 746,1484 791,1484 836,1478 880,1478 925,1478 970,1475 1015,1475 1060,1472 1104,1472 1149,1469 1194,1463 1239,1460 1283,1460"/>
                <TextEquiv>
                    <Unicode>welchen Zeitraum.</Unicode>
                </TextEquiv>
            </TextLine>
            <TextLine id="tr_1_tl_7" custom="readingOrder {index:6;}">
                <Coords points="874,1587 1193,1546 1250,1592 1434,1527 1525,1570 1616,1530 1902,1522 1904,1479 1723,1463 1632,1413 1460,1423 1298,1497 1260,1467 1043,1506 955,1477 878,1515"/>
                <Baseline points="886,1555 922,1552 967,1549 1012,1549 1057,1549 1101,1546 1146,1540 1191,1537 1236,1537 1280,1537 1325,1537 1370,1531 1415,1525 1460,1525 1504,1525 1549,1525 1594,1522 1639,1525 1684,1519 1728,1516 1773,1510 1818,1507 1863,1501 1908,1504"/>
                <TextEquiv>
                    <Unicode>Ein Veitag mit Blöckman</Unicode>
                </TextEquiv>
            </TextLine>
            <TextLine id="tr_1_tl_8" custom="readingOrder {index:7;}">
                <Coords points="597,1692 1176,1611 1329,1651 1592,1596 1923,1625 1930,1522 1616,1528 1537,1568 1394,1530 1248,1592 1153,1554 604,1587"/>
                <Baseline points="609,1660 633,1651 677,1648 722,1645 767,1642 812,1639 856,1636 901,1630 946,1627 991,1627 1036,1624 1080,1621 1125,1615 1170,1612 1215,1609 1260,1606 1304,1603 1349,1603 1394,1600 1439,1597 1484,1597 1528,1591 1573,1588 1618,1585 1663,1582 1707,1579 1752,1573 1797,1570 1842,1561 1887,1561 1931,1564"/>
                <TextEquiv>
                    <Unicode>schiene und am vorteilhaftesten,</Unicode>
                </TextEquiv>
            </TextLine>
            <TextLine id="tr_1_tl_9" custom="readingOrder {index:8;}">
                <Coords points="613,1735 1234,1685 1442,1707 1651,1652 1859,1689 1880,1602 1678,1627 1592,1596 1472,1642 1396,1611 1336,1651 1217,1611 1136,1664 1078,1627 948,1670 857,1635 616,1687"/>
                <Baseline points="624,1728 627,1728 671,1725 716,1722 761,1716 806,1713 850,1710 895,1707 940,1704 985,1701 1030,1696 1074,1693 1119,1690 1164,1687 1209,1684 1254,1684 1298,1681 1343,1675 1388,1675 1433,1672 1478,1669 1522,1666 1567,1660 1612,1657 1657,1654 1701,1651 1746,1648 1791,1645 1836,1642 1881,1642"/>
                <TextEquiv>
                    <Unicode>es wird jetzt darauf unkommen,</Unicode>
                </TextEquiv>
            </TextLine>
            <TextLine id="tr_1_tl_10" custom="readingOrder {index:9;}">
                <Coords points="627,1825 878,1785 960,1825 1253,1752 1430,1790 1754,1766 1969,1699 1974,1644 633,1742"/>
                <Baseline points="638,1803 674,1800 719,1797 764,1791 809,1785 853,1782 898,1776 943,1776 988,1773 1033,1770 1077,1767 1122,1764 1167,1758 1212,1752 1257,1749 1301,1746 1346,1743 1391,1740 1436,1734 1481,1734 1525,1731 1570,1725 1615,1719 1660,1719 1704,1713 1749,1713 1794,1710 1839,1707 1884,1701 1928,1698 1973,1698"/>
                <TextEquiv>
                    <Unicode>Ihr Werk für die englische Spruche in</Unicode>
                </TextEquiv>
            </TextLine>
            <TextLine id="tr_1_tl_11" custom="readingOrder {index:10;}">
                <Coords points="688,1909 988,1842 1195,1909 1353,1871 1454,1904 1807,1785 1961,1799 1964,1733 1831,1713 1749,1768 1436,1790 1251,1754 959,1825 881,1788 695,1826"/>
                <Baseline points="701,1863 713,1857 758,1857 803,1854 848,1851 892,1848 937,1845 982,1842 1027,1842 1071,1839 1116,1833 1161,1830 1206,1827 1251,1824 1295,1821 1340,1815 1385,1812 1430,1809 1475,1806 1519,1803 1564,1800 1609,1797 1654,1794 1698,1788 1743,1785 1788,1782 1833,1779 1878,1776 1922,1776 1967,1776"/>
                <TextEquiv>
                    <Unicode>mer zweilüssigen Hand zu kin¬</Unicode>
                </TextEquiv>
            </TextLine>
            <TextLine id="tr_1_tl_12" custom="readingOrder {index:11;}">
                <Coords points="666,1971 814,1986 904,1936 959,1924 1003,1940 1045,1919 1060,1935 1117,1940 1122,1883 1043,1857 1017,1868 967,1854 952,1868 940,1854 923,1866 876,1849 785,1895 728,1886 695,1911 670,1905"/>
                <Baseline points="677,1934 722,1931 767,1928 812,1925 856,1922 901,1916 946,1913 991,1913 1036,1910 1080,1908 1125,1905"/>
                <TextEquiv>
                    <Unicode>dentrieren.</Unicode>
                </TextEquiv>
            </TextLine>
            <TextLine id="tr_1_tl_13" custom="readingOrder {index:12;}">
                <Coords points="862,2028 1287,1986 1349,2021 1534,2021 1720,1959 1962,1955 1967,1868 1881,1883 1816,1850 1613,1938 1372,1869 1152,1931 869,1923"/>
                <Baseline points="874,2012 892,2006 937,2003 982,2003 1027,2000 1071,2000 1116,2000 1161,1997 1206,1994 1251,1991 1295,1988 1340,1985 1385,1985 1430,1979 1475,1976 1519,1973 1564,1976 1609,1976 1654,1967 1698,1961 1743,1955 1788,1952 1833,1946 1878,1943 1922,1943 1967,1949"/>
                <TextEquiv>
                    <Unicode>die Affaire Kanser-Anatol</Unicode>
                </TextEquiv>
            </TextLine>
            <TextLine id="tr_1_tl_14" custom="readingOrder {index:13;}">
                <Coords points="635,2146 888,2074 1234,2102 1818,2031 1990,2066 2014,1976 1816,1948 1362,2029 1284,1991 823,2033 642,2000"/>
                <Baseline points="647,2093 671,2093 716,2087 761,2084 806,2078 850,2078 895,2075 940,2075 985,2072 1030,2072 1074,2069 1119,2069 1164,2066 1209,2060 1254,2057 1298,2057 1343,2054 1388,2048 1433,2045 1478,2045 1522,2045 1567,2045 1612,2039 1657,2036 1701,2036 1746,2033 1791,2030 1836,2027 1881,2027 1925,2027 1970,2027 2015,2030"/>
                <TextEquiv>
                    <Unicode>ist uns nicht entzeugen, auf 2 Brief¬</Unicode>
                </TextEquiv>
            </TextLine>
            <TextLine id="tr_1_tl_15" custom="readingOrder {index:14;}">
                <Coords points="639,2160 881,2189 1217,2126 1706,2122 1935,2100 1938,2036 1232,2102 888,2072 642,2117"/>
                <Baseline points="650,2155 686,2152 731,2152 776,2152 821,2152 865,2149 910,2146 955,2146 1000,2143 1045,2140 1089,2137 1134,2134 1179,2128 1224,2125 1269,2122 1313,2122 1358,2122 1403,2122 1448,2120 1492,2117 1537,2114 1582,2114 1627,2111 1672,2108 1716,2105 1761,2102 1806,2096 1851,2093 1896,2090 1940,2090"/>
                <TextEquiv>
                    <Unicode>hat Miss Kaiser nicht geunterstet,</Unicode>
                </TextEquiv>
            </TextLine>
            <TextLine id="tr_1_tl_16" custom="readingOrder {index:15;}">
                <Coords points="623,2245 725,2227 804,2267 1134,2212 1170,2245 1415,2193 1654,2227 1730,2184 1948,2181 1952,2115 1217,2124 881,2191 792,2152 625,2210"/>
                <Baseline points="633,2233 656,2230 701,2227 746,2224 791,2221 836,2221 880,2218 925,2218 970,2218 1015,2215 1060,2212 1104,2206 1149,2203 1194,2200 1239,2197 1283,2197 1328,2194 1373,2194 1418,2188 1463,2188 1507,2185 1552,2182 1597,2179 1642,2179 1687,2176 1731,2176 1776,2170 1821,2170 1866,2164 1910,2161 1955,2155"/>
                <TextEquiv>
                    <Unicode>in ihrer letzten Abrechnung hat sie</Unicode>
                </TextEquiv>
            </TextLine>
            <TextLine id="tr_1_tl_17" custom="readingOrder {index:16;}">
                <Coords points="623,2317 1764,2284 1974,2219 1881,2167 1661,2220 1263,2201 1193,2245 1131,2215 625,2270"/>
                <Baseline points="633,2311 636,2311 680,2308 725,2305 770,2302 815,2299 859,2293 904,2293 949,2290 994,2287 1039,2287 1083,2290 1128,2287 1173,2281 1218,2278 1263,2275 1307,2269 1352,2269 1397,2266 1442,2260 1486,2260 1531,2257 1576,2254 1621,2251 1666,2248 1710,2248 1755,2248 1800,2248 1845,2245 1890,2239 1934,2233 1979,2230"/>
                <TextEquiv>
                    <Unicode>Über die 10 % für sich nicht ex Im¬</Unicode>
                </TextEquiv>
            </TextLine>
            <TextLine id="tr_1_tl_18" custom="readingOrder {index:17;}">
                <Coords points="640,2406 926,2410 1041,2358 1265,2396 1485,2348 1556,2393 1847,2320 1979,2344 1985,2253 1799,2296 1652,2262 1143,2332 888,2296 644,2336"/>
                <Baseline points="650,2394 686,2385 731,2379 776,2376 821,2373 865,2370 910,2367 955,2364 1000,2361 1045,2358 1089,2358 1134,2358 1179,2355 1224,2355 1269,2352 1313,2352 1358,2349 1403,2346 1448,2343 1492,2340 1537,2337 1582,2334 1627,2332 1672,2332 1716,2326 1761,2326 1806,2323 1851,2317 1896,2314 1940,2305 1985,2299"/>
                <TextEquiv>
                    <Unicode>abgezogen. Fuzwischen haben nur</Unicode>
                </TextEquiv>
            </TextLine>
            <TextLine id="tr_1_tl_19" custom="readingOrder {index:18;}">
                <Coords points="651,2508 917,2451 1134,2467 1195,2437 1231,2477 1260,2453 1403,2467 1444,2432 1532,2427 1535,2362 1425,2386 1368,2355 1281,2398 1179,2399 1040,2358 821,2420 656,2401"/>
                <Baseline points="662,2460 686,2457 731,2457 776,2454 821,2451 865,2448 910,2445 955,2442 1000,2439 1045,2439 1089,2436 1134,2433 1179,2433 1224,2433 1269,2430 1313,2430 1358,2424 1403,2421 1448,2418 1492,2415 1537,2415"/>
                <TextEquiv>
                    <Unicode>ihr mit Müze gedroht.</Unicode>
                </TextEquiv>
            </TextLine>
            <TextLine id="tr_1_tl_20" custom="readingOrder {index:19;}">
                <Coords points="809,2535 1028,2532 1060,2565 1253,2511 1785,2504 1981,2470 1983,2430 1842,2442 1773,2406 1687,2442 1618,2410 1405,2467 911,2451 811,2494"/>
                <Baseline points="818,2532 821,2532 865,2526 910,2523 955,2523 1000,2523 1045,2520 1089,2517 1134,2514 1179,2514 1224,2511 1269,2508 1313,2505 1358,2502 1403,2499 1448,2493 1492,2490 1537,2487 1582,2484 1627,2481 1672,2481 1716,2478 1761,2475 1806,2472 1851,2469 1896,2463 1940,2460 1985,2454"/>
                <TextEquiv>
                    <Unicode>daß sich die meitnus größere</Unicode>
                </TextEquiv>
            </TextLine>
            <TextLine id="tr_1_tl_21" custom="readingOrder {index:20;}">
                <Coords points="661,2621 1513,2608 1718,2553 1751,2584 1981,2539 1986,2467 1165,2520 1064,2561 664,2534"/>
                <Baseline points="671,2603 686,2603 731,2603 776,2603 821,2600 865,2597 910,2597 955,2597 1000,2594 1045,2588 1089,2588 1134,2585 1179,2582 1224,2582 1269,2579 1313,2576 1358,2573 1403,2570 1448,2570 1492,2567 1537,2564 1582,2558 1627,2555 1672,2555 1716,2552 1761,2549 1806,2546 1851,2544 1896,2541 1940,2535 1985,2538"/>
                <TextEquiv>
                    <Unicode>Anzicht der Bühnen in Deutschland</Unicode>
                </TextEquiv>
            </TextLine>
            <TextLine id="tr_1_tl_22" custom="readingOrder {index:21;}">
                <Coords points="663,2721 759,2673 895,2714 1186,2701 1238,2654 1334,2694 1568,2632 2019,2652 2038,2561 1594,2556 1282,2627 1164,2590 878,2640 668,2621"/>
                <Baseline points="674,2681 695,2678 740,2675 785,2672 830,2672 874,2666 919,2666 964,2660 1009,2657 1054,2654 1098,2657 1143,2657 1188,2654 1233,2651 1277,2648 1322,2645 1367,2642 1412,2639 1457,2636 1501,2633 1546,2630 1591,2630 1636,2627 1681,2624 1725,2624 1770,2621 1815,2618 1860,2618 1905,2621 1949,2618 1994,2624 2039,2630"/>
                <TextEquiv>
                    <Unicode>zu einer Aufführung ein Pufessor Bern¬</Unicode>
                </TextEquiv>
            </TextLine>
            <TextLine id="tr_1_tl_23" custom="readingOrder {index:22;}">
                <Coords points="671,2766 983,2799 1096,2739 1174,2783 1363,2723 1460,2764 1642,2701 1711,2739 1905,2723 1912,2621 1704,2675 1578,2630 1341,2690 892,2714 757,2675 675,2711"/>
                <Baseline points="680,2758 704,2756 749,2753 794,2753 839,2750 883,2750 928,2747 973,2744 1018,2741 1062,2741 1107,2738 1152,2735 1197,2732 1242,2729 1286,2726 1331,2720 1376,2720 1421,2717 1466,2714 1510,2714 1555,2711 1600,2708 1645,2699 1690,2699 1734,2699 1779,2696 1824,2690 1869,2690 1913,2687"/>
                <TextEquiv>
                    <Unicode>haide noch nicht entschlossen hat</Unicode>
                </TextEquiv>
            </TextLine>
            <TextLine id="tr_1_tl_24" custom="readingOrder {index:23;}">
                <Coords points="680,2831 854,2866 1277,2802 1365,2840 1482,2790 1647,2818 1814,2763 2026,2782 2031,2721 1635,2704 1511,2766 1367,2723 973,2800 683,2769"/>
                <Baseline points="689,2830 731,2827 776,2827 821,2827 865,2827 910,2827 955,2827 1000,2824 1045,2821 1089,2818 1134,2815 1179,2809 1224,2806 1269,2803 1313,2800 1358,2797 1403,2794 1448,2791 1492,2788 1537,2785 1582,2779 1627,2776 1672,2773 1716,2770 1761,2767 1806,2764 1851,2761 1896,2758 1940,2756 1985,2756 2030,2767"/>
                <TextEquiv>
                    <Unicode>kann nur darin liegen, daß sie im</Unicode>
                </TextEquiv>
            </TextLine>
            <TextLine id="tr_1_tl_25" custom="readingOrder {index:24;}">
                <Coords points="682,2933 733,2955 869,2899 967,2954 1028,2904 1239,2921 1279,2887 1406,2923 1723,2844 2041,2866 2047,2795 1799,2764 1647,2819 1594,2780 1368,2840 1274,2800 831,2873 687,2835"/>
                <Baseline points="692,2902 704,2902 749,2902 794,2899 839,2899 883,2899 928,2902 973,2896 1018,2893 1062,2890 1107,2887 1152,2884 1197,2881 1242,2878 1286,2872 1331,2872 1376,2869 1421,2869 1466,2866 1510,2863 1555,2857 1600,2851 1645,2848 1690,2845 1734,2842 1779,2842 1824,2839 1869,2839 1913,2839 1958,2839 2003,2839 2048,2839"/>
                <TextEquiv>
                    <Unicode>dem Stoff Anstoß nehmen. Sie müssen</Unicode>
                </TextEquiv>
            </TextLine>
            <TextLine id="tr_1_tl_26" custom="readingOrder {index:25;}">
                <Coords points="735,3007 1226,3021 1458,2938 1704,3005 1857,2997 2036,2950 2040,2885 1728,2842 1499,2871 1436,2924 1088,2892 967,2954 888,2900 738,2912"/>
                <Baseline points="746,2970 788,2970 833,2968 877,2965 922,2965 967,2965 1012,2959 1057,2956 1101,2953 1146,2950 1191,2947 1236,2944 1280,2941 1325,2938 1370,2941 1415,2938 1460,2935 1504,2932 1549,2929 1594,2926 1639,2926 1684,2923 1728,2923 1773,2923 1818,2920 1863,2923 1908,2923 1952,2923 1997,2923 2042,2929"/>
                <TextEquiv>
                    <Unicode>dabei bedencken, daß die größere</Unicode>
                </TextEquiv>
            </TextLine>
        </TextRegion>
    </Page>
</PcGts>
