2470 3591
435 602 2282 728 setzung mit allen Rechten gefordert. In einem früheren Fall habe ich
426 686 1714 833 mit Ladyschnïkow ganz gute Erfahrungen gemacht.
570 749 2189 905 Die "Hirtenflöte" ist offenbar in Russland nach dem Abdruck
442 840 2296 1019 in der Rundschau übersetzt und veröffentlicht worden, was gewöhnlich
449 977 1700 1098 bei wichtigen Veröffentlichungen der Fall ist.
579 1058 2224 1205 Die amerikanische "Anatol"-Affäre liegt so, dass Miss Kaiser
1463 1114 1894 1182 pro Aufführung
456 1124 2301 1270 für 8 Städte inclusive Chicago 150 Dollars’kontraktlich zugesichert
449 1212 2282 1391 hat, bei einer Garantie von 300 Dollars. Wir haben den Gegenvertrag
458 1328 2298 1456 noch nicht vollziehen können, weil ja vorher, auf Ihre Veranlassung,
458 1398 2243 1526 mit Mr. Browne prinzipiell vereinbart wurde, dass er "Anatol" in
470 1479 2340 1624 Chicago zu 10 % Tantieme aufführt. Weder Browne noch die Kaiser wolle
472 1559 2333 1735 für Chicago zurücktreten, indessen hoffe ich doch, dass sich zwischen
472 1656 2298 1810 Ames und Browne ein Modus finden wird, wonach die Abmachung mit der
475 1770 2236 1905 Kauser ratifiziert werden kann. Die Correspondenz darüber ist in
477 1910 719 2017 Schwebe.
707 1942 2294 2070 Ich kenne Ihre Vereinbarung mit Granville Karker nicht. Hat
493 2038 2289 2187 er aber wegen "Anstol" mit Ihnen einen Vertrag geschlossen, so hat
495 2108 2333 2268 er doch kein Recht, ohne Ihre Zustimmung seine Uebersetzung zu einem
493 2205 2336 2366 Libretto für eine Operette umarbeiten zu lassen. Da aber andererseit
509 2284 2336 2445 "Anatol" in England nicht geschützt ist, so ist doch sehr die Frage,
502 2396 1626 2540 ob im Prozessfall etwas auszurichten ist.
751 2468 2326 2608 Von Ihren Wünschen bezüglich "Professor Bernhardi" haben wir
502 2554 2333 2712 Notiz genommen. Die Buchausgabe soll doch wohl mit der Erstaufführung
516 2666 1698 2810 in Wien, also Anfang Dezember herauskommen?
1317 2740 1942 2896 Mit herzlichen Grüssen
1915 2815 2012 2912 Ihr
1840 2887 2261 3085 F. Fischer
