2552 3607
1283 619 1421 714 luin
777 683 2011 788 S'FISCHER/VERLAG/BERLIN'THEATERABTEILUNG
1604 753 2011 850 W 57. BÜLÖWSTR90
769 767 1244 877 AMT: LUTZÖW 1662 & 6162
1663 917 1992 1044 den 25/2.13
893 1114 1669 1240 Herrn Dr. Arthur Schnitzler
1738 1195 1930 1329 Vien
987 1278 1723 1405 Sehr geehrter Herr Doktor!
1045 1402 2104 1528 Wir haben den Deutschen Schauspielhaus
880 1512 2038 1626 den „Anatol-Zyklus" mit 10 % Tantiene und
1238 1580 1493 1639 ouvertre ses aussiurs
870 1602 2040 1711 M 1000.- Garantie angeboten und sind dann
885 1688 2104 1806 auf Vorstellung von Seiten der Direktion auf
874 1797 2086 1892 M 750.- heruntergegangen. Vir werden jedoch
886 1889 2096 1964 bei Abschluss des Vertrages genau festlegen
880 1965 2115 2069 bis zu welcher Minimaleinnahme der Zyklus ge-
891 2062 1432 2167 spielt werden muss.
987 2140 2094 2264 Niss Kauzer hat auf den Brief, den Herr
843 2239 2046 2338 Fischer an sie schrieb, weder etwas hören
893 2314 2126 2436 lassen noch die Tantiemenhälften eingesandt.
996 2404 2128 2528 Für „Professor Bernhardi“ verwendet sich
1373 2489 2174 2606 r Stænrik Hennings. Charlotten-
896 2508 1270 2626 In Kopenhagen
885 2587 2164 2702 lund, Auch von der Studentenvorstellung wissen
890 2670 2131 2793 wir. Diese darf jedoch nur stattfinden, wenn
