2657 3529
379 691 1081 829 bequemer Weise erledigen.
537 738 2211 883 Die vier Bände "Theater" müssen Anfang September herauskommen.
388 860 2180 994 Die Drucklegung wird auch so beschleunigt, dass Sie bis August die
377 932 2124 1074 Kerrektur aller vier Bände in Händen haben. Der erste Band liegt
386 1041 2104 1177 Ihnen wehl schon komplett vor. Ich würde Sie, wenn Sie sich auf
394 1128 2151 1282 das Korrekturenlesen überhaupt einlassen, um schnelle Rücksendung
394 1230 1030 1380 der Korrekturen bitten.
579 1273 2128 1455 Wir bedauern sehr, dass wir Sie in diesem Sommer im Salz-
403 1411 1197 1565 kammergut nicht sehen werden.
992 1444 1620 1638 Mit herzlichen Grüssen
1730 1545 2200 1790 S. Fischer
577 1703 2068 1923 Den Brief von Miss Kaiser erbitte gelegentlich zurück.
