2616 3288
1319 176 1490 294 a.2
282 343 2066 503 S. FISCHER, VERLAG, BERLIN, Herrn Dr. Arthur Schnitzler, Wien Blatt
427 525 2272 775 Textbuches behalte. Ich weiss, dass die Musikwerleger auf das Textbuch ein
417 745 2299 855 grosses Gewicht legen. Sollte das Uebersinkommen mit dem Musikverleger ohne
409 814 2341 958 Ausschaltung des Textbuches nicht durchzuführen sein, so müsste der Musikver-
417 914 2270 1064 leger sich mit mir in Verbindung setzen, damit wir die Basis für eine Ver¬
419 995 2270 1159 ständigung schaffen. Ich habe es in ähnlichen Fällen schon mehrfach getan.
422 1061 2390 1211 Sie können über dasselbe Werk, das Sie mir übetragen haben, rechtsverbindliche
431 1169 2397 1309 Verpflichtungen einem andern Verleger gegenüber nicht eingehen. Die ganze Frage
424 1260 2392 1392 spitzt sich darauf zu, ob der Musikverleger oder der ursprüngliche Verleger des
434 1353 2356 1488 Dramas Anspruch auf den Gewinn aus dem Textbuch hat. Ihre Interessen brauchen
436 1432 2380 1601 dapei nicht tangiert zu werden, denn Sie haben unter allen Umständen einen An¬
434 1557 2356 1691 teil am Textbuch-Gewinn; die Frage ist nur, ob Sie diesen Gewinn von mir oder
449 1652 1351 1792 vom Musikverleger zu beziehen haben.
556 1723 2412 1858 Ich würde demnach zur Vereinfachung der Verhandlungen empfehlen, die Frage
419 1814 2370 1951 des Textbuches aus Ihrem Vertrag auszuschalten, und unter Bezugnahme auf meine
865 1919 966 1971 A.P.
417 1929 1581 2091 Rechte den Musikverleger an mich zu verweisen.
814 2037 1297 2172 Mit besten Grüssen
1481 2054 1834 2233 Ihr ergebener
1669 2199 2098 2385 S.fischer.
