2610 3512
1248 702 1368 807 186
681 773 1967 950 S. FISCHER, VERLAG, BERLIN W., BÜLowSTR. 90
1062 875 1574 1020 THEATERABTEILUNG
1256 1000 1936 1132 BERene W., DEN 4. Nov. 08
807 1349 1498 1492 Herrn Dr. Arthur Schnitzler
1501 1458 1621 1558 Wien
869 1600 1359 1707 Lieber Herr Doktor.
1923 1712 2059 1801 Hütsch,
1764 1696 1863 1775 2 vol,
1761 1766 1860 1813 déciter ses
973 1714 1769 1824 ich lasse Ihnen die Abrechnungen
783 1813 1954 1924 wieder zugehen. Wenn Sie die Abrechnung vom 28.
898 1892 1963 1993 1908 genau ansehen, so werden Sie finden.
794 1928 903 2023 Juli,
898 1971 1034 2030 3.
791 2002 2010 2100 dass Entsch Ihnen sehr viele Posten aus dem Jahre
790 2064 1994 2194 1907, aus Ratibor und Zürich sogar aus den Jah¬
798 2171 2040 2305 ren 1905 und 1906 in dieser Abrechnung verrechnet.
798 2239 2015 2383 Daraus geht hervor, was mir Herr Justizrat Jonas
798 2336 2088 2477 bestätigt hat, dass Entsch die Praxis betrieben hat.
799 2422 2036 2540 ältere Posten nach und nach einzustellen, dagegen
801 2516 2106 2636 neuere nach Belieben fortzulassen. Nach unsere Fest-
798 2610 2043 2732 stellungen fehlen in der Verrechnung vom 28. Juli
803 2699 2025 2852 die auf der Anlage verzeichneten Posten. Die mit
