2636 3463
958 193 1116 295 252
643 220 1696 410 S. Fischer, Verlag, Berlin W., Búlowstraße 90
1723 335 2211 458 den 20. Juni 1911
1703 455 2131 578 meatewald amul
1111 545 1736 680 nesatth medotfsred it
773 630 1138 775 remedegre TAl
580 720 1308 863 Herrn Dr. Arthur Schnitzler
1318 785 1556 953 Wien IX
273 980 778 1148 Lieber Herr Doktor,
398 1051 2171 1256 das Märchen von dem aus seiner Bahn gewichenen Stern Dionysta hatte
270 1213 2166 1366 ich mit grosser Freude gelesen. Das ist Ihnen prachtvoll gelungen, herz-
275 1336 765 1451 lichen Dank dafür.
568 1346 2191 1538 Buch würde sich zur Illustrierung sehr gut eignen, ich weiss
725 1468 2206 1616 das machen sollte. Es müsste ein Künstler sein, der Phan-
560 1511 683 1633 wer
278 1576 2211 1711 tasie und Stil hat, damit die Darstellungen nicht im Dekorativen stecken
278 1646 2209 1806 bleiben. Wenn ich an Vogeler-Worpswede denke, dem man die Aufgabe schon
288 1728 2251 1898 zutrauen könnte, so bin ich doch nicht sicher, ob er bei seiner ganz aufs
290 1836 2189 1961 Poetische gestellten Art das Mass der Dinge erreicht. Es ist in seinen
288 1903 2246 2064 Darstellungen immer etwas sehr Inniges, aber klein empfundenes zu spüren.
293 2011 2209 2146 Finden wir nicht einen sehr geeigneten Künstler, so beschränken wir uns
305 2076 2231 2256 vielleicht auf einen sehr guten Druck mit einem Umschlagbild von Vogeler
303 2186 2191 2326 oder von Walser. Verzichten wir auf die Illustrierung, so wird es sehr
303 2199 2311 2396 gut möglich sein, Ihr Buch gleichzeitig mit dem "Weiten Land" Mitte Oktober
305 2384 770 2509 herauszubringen.
443 2426 2234 2579 Ihre Hovelle wird im August- oder Septemberheft der Rundschau abge-
318 2556 528 2699 druckt.
475 2569 2221 2771 Anliegend erhalten Sie das Verzeichnis der Bühnen, die "Das weite
335 2729 2176 2849 Land" angenommen haben. Sobald Sie uns ein gestrichenes Exemplar zu-
343 2784 2266 2931 schicken, werden wir die Bühnen auf die Einheitlichkeit für die Darstel-
