2766 3399
1606 300 1775 440 ERL/
1020 288 1244 487 S. FIS
396 499 2149 701 Fredürab 618 nachneb elv.nehrew niea Jnnaded Jdolellelv nendl elb
1473 509 2508 681 BERene W., DEN 22. Juni 1901
1470 632 1962 777 LOMSPRASSE gl. fin
384 664 996 794 TELEPHON: AMT VI, No. 1662.
1104 937 1832 1045 Herrn Dr. Arthur Schnitzler
1797 912 2279 1094 wien.
1222 1001 1763 1104 von Ihnen des Empfang
2001 1070 2149 1195 G.C.F.P
1237 1052 1869 1210 nigung xxx ein xxx
2134 1065 2255 1197 P.P.
819 1161 1431 1318 Lieber Herr Doktor!
757 1163 2651 1429 Soeben habe ich „Das Märchen“ bekommen. Sie können mir dieéerecturen
696 1320 2609 1542 ruhig überlassen, das Buch wird sehr aufmerksam gelesen werden und stö-
1141 1382 1293 1441 ber 20
701 1404 2643 1628 rende Fehler sollen auch ganz gewiss nicht vorkommen. Ich denke den Satz
1202 1468 1320 1522 dans les
1342 1500 2621 1647 e zu bringen mit Ihren andern Dramen, wie „Lie-
1340 1556 2621 1697 mein lassen wir vielleicht am besten über-
720 1576 1340 1731 belei- und „kakâstimmy“
715 1667 2690 1788 haupt weg, denn die Regiebemerkungen unterscheiden sich in dem kleineren
718 1751 2685 1859 Satz schon deutlich genug vom Dialog. Es liest sich dann auch viel besser
723 1844 2451 2001 und ich mache das jetzt bei allen Dramen so. xxx bis 10. Juli in###
757 1928 2528 2068 Inzwischen hat der „Leutnant Gustel durch Ihre Affaire einen
720 2011 2594 2137 starken Anstoss bekommen; das Buch beginnt besonders in Wien guten Ab-
730 2092 2577 2228 satz zu finden. Ich glaube mit Paul Rotand, dessen heute im „Tag" ab-
720 2183 2643 2338 gedruckten Brief ich beilage, dass Ihnen die Lösung Ihrew Verhältnisses
730 2267 2564 2417 zur österreichischen Armee keine sonderlichen Schmerzen bereitet. Wäre
730 2363 2655 2498 bei diesem Buch aber sehr leid thut, das sind die gänzlich missglückten
735 2461 2658 2569 Illustrationen von Coschall. Sollte die Nachfrage nach „Leutnant Gustel“
730 2555 2397 2705 anhalten, so hätte ich fast Last, die noch auf Lager befindlich
738 2648 2638 2773 tausend Exemplare einzustampfen und das Buch in kleinen Format und hüb-
735 2712 2574 2840 schen Druck ohne Illustrationen herauszugeben. Ich dachte dabei an etwas
720 2815 1783 2975 Ausstattung ähnlich der von Bierbaum habe.
