2568 3576
1438 235 1631 354 212
1284 270 1454 440 206
1042 410 1962 587 S. FISCHER, VERLAG
461 405 708 743 Sere
1028 613 1433 734 Von seiner Stadt
864 678 2463 802 BERUIN W., DEN 14. Jan. 1910
471 715 853 822 TELEPHON:
468 781 713 888 AMT VI, 1662
1456 776 1890 883 BÜLÖWSTRASSE 90
708 795 1468 920 Ablauf zündigen. Ich habe xxx
687 878 1647 997 tun kann, und ich habe xxx dllen D
1130 972 1279 1095 G.C.H.F.P
993 972 1079 1095 H.
1754 1069 1869 1163 G.H.F.P.
895 1048 1659 1233 Herrn Dr. Arthur Schnitaler
1699 1137 2001 1265 Wien XVIII.
1521 1261 1925 1412 Spöttelgasse 7
781 1407 1340 1566 Lieber Herr Doktor!
869 1533 2316 1673 Ich versuche festzustellen, ob von der „Griechischen
655 1631 2477 1768 Tänzerin" noch grössere Vorräte existieren, resp. ob das Buch noch
1011 1748 1116 1796 Ce
662 1773 2426 1871 in grösserem Umfange im Handel ist. Ich fürchte nämlich, es gibt
666 1855 2407 1962 eine heillose Confusion, wenn das Buch noch im Verkehr ist, und
662 1946 2533 2029 wenn daneben ein zweites Buch mit demselben Titel bei mir neu heraus-
662 2025 2467 2155 kommt. Auf jeden Fall müsste doch das neue Buch aber nur zum klei-
664 2113 2498 2220 neren Teil aus Novellen, die in der „Griechischen Tänzerin“ enthal-
664 2195 2530 2297 ten sind, bestehen und zum grösseren Teil aus noch nicht in Buchform
666 2297 2484 2400 veröffentlichten Novellen. Nur so würde sich die Neuausgabe dieser
662 2365 2479 2472 Novellen rechtfertigen lassen, zu einer Zeit, wo etwa das Buch in
673 2460 2484 2565 der alten Form noch im Handel ist. Aus Ihrem Vertrag mit Szelinaki
666 2561 2486 2666 geht auch hervor, dass Sie ein Recht zur Herausgabe dieser Novelle
673 2666 2479 2749 nur im Rahmen einesgrösseren Novellenbandes haben. Ich bin selbst-
666 2745 2479 2866 verständlich jederzeit bereit, das Buch zu drucken und bitte evtl.
666 2824 1428 2945 um Zusendung des Materials.
806 2864 2474 3031 Die Referate über den „Auf des Lebens“ in der Neubearbeitung
664 2985 2500 3113 haben wir gelegentlich der Aufführung im Landestheater in Prag her-
673 3097 1652 3229 ausgegeben; ich füge das Blatt bei.
