2488 3079
1252 450 1813 564 gewisse solidarität.
825 470 1197 561 sollte damit ein
635 533 1822 668 Durch das Uebergehen des ganzen Fundus von Entsch
642 607 1801 757 Bloch, dokumentiert werden. Wenn ich mir aber
561 729 1880 835 die Sache recht überlege, so meine ich, dass für Sie
572 795 1902 939 kein zwingender Grund vorliegtin dieser Richtung hin
590 908 1907 1040 mitzutun. Auf Widerruf Ihre Dramen zu übergeben, ist
595 989 1865 1134 nicht ratsam, weil der Widerruf unangenehm ist. Auf
582 1105 1831 1230 ein Jahr die Dramen zu übergeben, wäre ja an sich
585 1181 1846 1311 ohne Belang; ich denke aber, dass es doch störend
592 1257 1897 1397 empfunden wird, wenn die Dramen jetzt an Bloch und
594 1348 1905 1483 später wieder an meinen Bühnenvertrieb übergehen
539 1445 1867 1569 sollen. Am einfachsten wäre es natürlich, wenn al¬
716 1477 800 1528 P.S.
617 1516 1922 1657 les gleich in meinen Verlag übergeht, aber schliess-
619 1616 1856 1781 lich, wenn Sie glauben, sich den Leuten gegenüber
623 1712 1884 1839 entgegenkommend zeigen zu müssen, so würde es auch
627 1794 1867 1945 gehen, dass Sie die Einakter gleich, die grossen
632 1895 1809 2034 Dramen nach einem Jahr meinem Verlag übergeben.
642 1991 1837 2125 Bitte entscheiden Sie selbst und schreiben Sie an
640 2077 1837 2203 Jonas direkt. Ich habe meine Pflicht getan und I
703 2180 1918 2300 le Vorschläge von Jonas „wohlwollend“ übermittelt.
1073 2300 1427 2386 besten Grüssen
1473 2367 1879 2539 Fischer
