2584 3192
479 386 2293 566 handelt es sich nicht um eine verlegerische Verwertung des Blattes,
479 547 2230 666 aus der der Verleger irgend einen Nutzen zieht, und darum schien
482 642 2276 754 mir das Honorar von 50 Mark angemessen, das ich, Ihrem Wunsche ge-
484 717 2267 829 mäss, auf 200 Mark erhöhe. Das Recht, eine Photographie zu repro-
491 817 1492 959 duzieren, kostet gewöhnlich 10 Mark.
642 931 1282 1061 Mit herzlichen Grüssen
1571 992 1680 1080 Ihr
1483 1033 1953 1259 S. Fischer
2148 1236 2227 1313 G.C.F.P.
507 1294 2339 1443 P. S. Ich habe Ihnen den alten Entwurf der Zeichnung von Christopher
512 1383 2383 1522 zur "Hirtenflöte" nochmal geschickt, bitte sehen Sie sie sich darauf-
512 1469 2348 1622 hin an, ob sie etwa für den Umschlag Ihres neuen Novellenbuches mit
517 1594 1431 1743 dem neuen Titel zu verwenden ist.
