2616 3224
1180 151 1356 261 264
617 214 2009 422 S. Fischer, Verlag, Berlin W., Bülowstrasse 90
1670 363 2223 542 den 18. Januar 1912
758 725 1524 930 Herrn Dr. Arthur Schnitzler
1498 803 1783 991 Wien XVIII
551 1083 1093 1213 Lieber Herr Dektor,
697 1147 2336 1314 ich habe mich mit dem Plan, Ihre erzählenden Werke gesammelt
556 1286 2369 1420 herauszugeben, befasst. Ich habe gefunden, dass sich die Sache gut
563 1354 2362 1540 und, wie ich glaube, aussichtsvoll realisieren lässt. Das Material
558 1462 2270 1585 liesse sich auf drei Bände verteilen: der erste Band "Sterben",
582 1531 2353 1696 "Frau Bertha Garlan"; der zweite Band "Frau des Weisen", "Gustl",
586 1634 2461 1778 "Dämmerseelen" und "Hirtenflöte"; der dritte Band "Der Weg ins Freie".
711 1731 2494 1863 Unter dem Gesamttitel "Die erzählenden Werke von Arthur Schnitzler
579 1813 2381 1955 würde ich diese drei Bände im Satz und in der Ausstattung etwa wie
586 1889 2449 2058 Geijerstams "Gesammelte Remane" zum Preise von 10 Mark gebunden edie-
584 1985 2480 2148 ren können. Die Kalkulation lässt diesen Ladenpreis, der aufs knappste
589 2094 2440 2225 berechnet ist, nur zu, wenn ich mindestens 6000 Exemplare drucke und
603 2169 2371 2289 verkaufe. Ich habe keine Bedenken, das Risike zu tragen, denn ich
593 2237 2437 2421 glaube, dass im Laufe der Zeit viel mehr als 6000 Exemplare verkauft
603 2393 1003 2496 werden können.
730 2397 2374 2590 Das Henerar für diese wohlfeile Ausgabe habe ich mit M. 1,60
598 2525 2452 2656 pro Exemplar, also mit M. 9600.- für 6000 Exemplare, eingestellt. Es
610 2635 2346 2765 ist dabei eine Tantieme von 20 % von dem fictiven Ladenpreis von
610 2694 2390 2842 8 Mark für das broschierte Exemplar angenommen, da das Gesamtwerk
608 2814 2364 2944 nur gebunden geliefert wird und von den Kosten des Einbands eine
