2804 3576
415 639 2664 799 auf sein Risiko jedes Thier neuen Stücke zu übersetzen.
415 802 2641 892 Was mir also tun könnten, wäre mir die Eintragung Ihres
415 866 2644 987 neuen Stücke beim Handesministerium in Budapest. Hlyk
432 964 2591 1057 über in weiteren 3 Monaten nicht die Depauerung der
443 1029 2616 1136 Weisetzung, so ist die Eintragung wirkungslos gewesen.
990 1082 2605 1225 Sie wunden sich, daß Sie für den Ruf des
477 1186 2689 1304 Lebens dennoch ein Hmover bekommen haben; es ist unmerhin
463 1270 2633 1396 möglich, daß xx ein Theaterdirektor an diese Vorschriften nicht
488 1349 2683 1452 dientht, es ist sogar möglich, daß erglaubt, sich damit, an¬
527 1438 2619 1553 dem Übersetzungen gegenüber, zu schützen, wenn er vom
496 1500 2613 1632 Antor, nachträglich das Recht, der Übersetzung erworben
493 1598 2708 1730 hat. Ich weiß es nicht, und kann hier und Vermutungen
493 1677 959 1814 nussprechen.
791 1707 2675 1870 Unerklärlich ist mir aber, daß sich die Ostreichi¬
491 1822 2692 1982 schen Schriftsteller eine solche Mißachtung ihrer Eigentüms¬
521 1909 2703 2041 interessen von einem verschwisterten Vortagsland gefal¬
505 2024 2678 2153 len lassen. Alle größeren Kulturländer haben sich dem
516 2083 2672 2209 Berner Wertag ungeschlossen, der wenigstens 10 Jahre lange
502 2148 2661 2285 wortet, bis eine Übersetzung ermöglicht sind. Das, wus
521 2237 2641 2378 Ungarn verlangt kommt einem Mangel jeden Wutzes
530 2344 788 2490 gleich.
760 2380 2655 2529 Kommen Sie nicht in unsere Gegend? Wir blei¬
552 2490 2613 2619 ben bis 10 Lept hier, gehen dann im Rückweg über
566 2596 2650 2731 München, wo wir die Mahler- Emphonie hören
561 2678 1778 2849 wollen, trifft man Sie da?
1797 2725 2641 2913 Ihr ergebene
2083 2860 2633 3028 ffirche.
