<?xml version="1.0" encoding="UTF-8" standalone="yes"?>
<PcGts xmlns="http://schema.primaresearch.org/PAGE/gts/pagecontent/2013-07-15" xmlns:xsi="http://www.w3.org/2001/XMLSchema-instance" xsi:schemaLocation="http://schema.primaresearch.org/PAGE/gts/pagecontent/2013-07-15 http://schema.primaresearch.org/PAGE/gts/pagecontent/2013-07-15/pagecontent.xsd">
    <Metadata>
        <Creator>prov=READ-COOP:name=TrHtr:version=2.1.0:model_id=51170:date=26_07_2023_22:28</Creator>
        <Created>2023-05-02T08:10:06.988+02:00</Created>
        <LastChange>2023-07-26T22:28:10.286+02:00</LastChange>
        <TranskribusMetadata docId="1416742" pageId="54954472" pageNr="324" tsid="131084695" status="IN_PROGRESS" userId="64420" imgUrl="https://files.transkribus.eu/Get?id=GCYNPZCAWCJCOZQVEFGFGBFU&amp;fileType=view" xmlUrl="https://files.transkribus.eu/Get?id=ZYTJOPZZKEKQDYPKYSAAYUOJ" imageId="44458197"/>
    </Metadata>
    <Page imageFilename="1416742_0324.jpg" imageWidth="2216" imageHeight="3480">
        <ReadingOrder>
            <OrderedGroup id="ro_1711827276616" caption="Regions reading order">
                <RegionRefIndexed index="0" regionRef="tr_3"/>
                <RegionRefIndexed index="1" regionRef="tr_1"/>
                <RegionRefIndexed index="2" regionRef="tr_2"/>
            </OrderedGroup>
        </ReadingOrder>
        <TextRegion id="tr_3" custom="readingOrder {index:0;}">
            <Coords points="549,263 1901,263 1901,1111 549,1111"/>
            <TextLine id="tr_3_tl_1" custom="readingOrder {index:0;}">
                <Coords points="1178,380 1269,386 1310,373 1327,381 1347,374 1349,250 1330,251 1322,260 1312,251 1291,263 1282,256 1253,258 1240,267 1223,260 1180,279"/>
                <Baseline points="1190,316 1217,316 1262,319 1307,316 1352,313"/>
                <TextEquiv>
                    <Unicode>212</Unicode>
                </TextEquiv>
            </TextLine>
            <TextLine id="tr_3_tl_2" custom="readingOrder {index:1;}">
                <Coords points="540,754 1797,737 1811,609 1067,696 544,648"/>
                <Baseline points="549,734 558,734 602,734 647,734 692,734 737,731 781,731 826,731 871,728 916,728 961,728 1005,725 1050,725 1095,722 1140,722 1184,719 1229,719 1274,719 1319,716 1363,713 1408,713 1453,710 1498,710 1543,707 1587,707 1632,707 1677,704 1722,701 1766,701 1811,701"/>
                <TextEquiv>
                    <Unicode>Bitte schicken Sie mir alle Proben wieder zurück.</Unicode>
                </TextEquiv>
            </TextLine>
            <TextLine id="tr_3_tl_3" custom="readingOrder {index:2;}">
                <Coords points="549,838 1563,807 1633,838 1796,823 1799,754 1703,718 551,792"/>
                <Baseline points="558,829 590,829 635,826 680,826 725,826 770,823 814,823 859,823 904,820 949,817 993,817 1038,814 1083,814 1128,811 1172,811 1217,808 1262,805 1307,805 1352,805 1396,805 1441,802 1486,802 1531,802 1575,799 1620,799 1665,796 1710,793 1754,790 1799,793"/>
                <TextEquiv>
                    <Unicode>Wir lassen jetzt den Schriftitel zeichnen, Sie</Unicode>
                </TextEquiv>
            </TextLine>
            <TextLine id="tr_3_tl_4" custom="readingOrder {index:3;}">
                <Coords points="561,930 720,963 812,920 1431,932 1505,898 1765,908 1819,893 1821,843 563,876"/>
                <Baseline points="570,922 614,919 659,916 704,916 749,916 793,913 838,913 883,913 928,910 972,910 1017,907 1062,904 1107,904 1152,904 1196,901 1241,901 1286,898 1331,898 1375,895 1420,895 1465,892 1510,892 1554,889 1599,889 1644,886 1689,886 1734,883 1778,883 1823,880"/>
                <TextEquiv>
                    <Unicode>bekommen nächstens die Sinbanddecken zur Einsicht-</Unicode>
                </TextEquiv>
            </TextLine>
            <TextLine id="tr_3_tl_5" custom="readingOrder {index:4;}">
                <Coords points="556,1028 1843,1002 1847,917 557,976"/>
                <Baseline points="567,1008 596,1008 641,1005 686,1005 731,1005 775,1005 820,1002 865,1002 910,999 955,999 999,999 1044,996 1089,996 1134,996 1178,993 1223,990 1268,987 1313,987 1357,987 1402,984 1447,981 1492,981 1537,981 1581,978 1626,978 1671,975 1716,975 1760,972 1805,972 1850,969"/>
                <TextEquiv>
                    <Unicode>nahme zugeschickt. Eine ganz weiche Lederdecke wird</Unicode>
                </TextEquiv>
            </TextLine>
            <TextLine id="tr_3_tl_6" custom="readingOrder {index:5;}">
                <Coords points="552,1115 1614,1117 1896,1074 1900,992 1642,1036 554,1040"/>
                <Baseline points="561,1101 602,1101 647,1101 692,1098 737,1098 781,1095 826,1095 871,1092 916,1089 961,1089 1005,1089 1050,1089 1095,1086 1140,1083 1184,1083 1229,1080 1274,1077 1319,1077 1363,1077 1408,1077 1453,1074 1498,1074 1543,1071 1587,1071 1632,1071 1677,1068 1722,1068 1766,1065 1811,1062 1856,1062 1901,1059"/>
                <TextEquiv>
                    <Unicode>zu dem dicken Roman nicht zweckmässig sein, die Decke</Unicode>
                </TextEquiv>
            </TextLine>
        </TextRegion>
        <TextRegion id="tr_1" custom="readingOrder {index:1;}">
            <Coords points="573,1102 1954,1102 1954,2293 573,2293"/>
            <TextLine id="tr_1_tl_1" custom="readingOrder {index:0;}">
                <Coords points="564,1207 1830,1197 1831,1106 1782,1091 1224,1144 566,1132"/>
                <Baseline points="573,1193 579,1193 623,1190 668,1187 713,1187 758,1184 802,1184 847,1184 892,1181 937,1178 981,1178 1026,1175 1071,1175 1116,1175 1160,1172 1205,1172 1250,1169 1295,1166 1340,1166 1384,1166 1429,1163 1474,1163 1519,1163 1563,1160 1608,1158 1653,1158 1698,1155 1742,1155 1787,1152 1832,1152"/>
                <TextEquiv>
                    <Unicode>wird sich verziehen und das dicke Buch nicht fest</Unicode>
                </TextEquiv>
            </TextLine>
            <TextLine id="tr_1_tl_2" custom="readingOrder {index:1;}">
                <Coords points="566,1293 1891,1265 1905,1192 568,1236"/>
                <Baseline points="576,1283 608,1286 653,1283 698,1280 743,1280 787,1277 832,1274 877,1274 922,1271 966,1271 1011,1268 1056,1268 1101,1265 1146,1262 1190,1262 1235,1259 1280,1259 1325,1259 1369,1259 1414,1256 1459,1256 1504,1256 1548,1253 1593,1250 1638,1250 1683,1247 1728,1247 1772,1247 1817,1244 1862,1241 1907,1241"/>
                <TextEquiv>
                    <Unicode>genug zusammenhalten, denn wir haben ja zu Ihrem Ro¬</Unicode>
                </TextEquiv>
            </TextLine>
            <TextLine id="tr_1_tl_3" custom="readingOrder {index:2;}">
                <Coords points="578,1377 1178,1402 1317,1358 1896,1358 1898,1284 580,1329"/>
                <Baseline points="587,1372 602,1375 647,1372 692,1369 737,1366 781,1366 826,1363 871,1363 916,1363 961,1360 1005,1357 1050,1357 1095,1357 1140,1354 1184,1354 1229,1352 1274,1352 1319,1352 1363,1349 1408,1346 1453,1346 1498,1346 1543,1343 1587,1340 1632,1340 1677,1340 1722,1340 1766,1337 1811,1334 1856,1334 1901,1337"/>
                <TextEquiv>
                    <Unicode>man nicht so dünnes, welches Papier verwenden können,</Unicode>
                </TextEquiv>
            </TextLine>
            <TextLine id="tr_1_tl_4" custom="readingOrder {index:3;}">
                <Coords points="590,1472 1493,1442 1532,1474 1701,1433 1835,1479 1850,1375 1274,1414 1072,1378 954,1416 592,1390"/>
                <Baseline points="599,1465 644,1465 689,1462 734,1462 778,1459 823,1459 868,1456 913,1453 958,1450 1002,1450 1047,1447 1092,1447 1137,1447 1181,1444 1226,1444 1271,1441 1316,1441 1360,1438 1405,1438 1450,1438 1495,1435 1540,1435 1584,1432 1629,1429 1674,1429 1719,1429 1763,1426 1808,1423 1853,1429"/>
                <TextEquiv>
                    <Unicode>um das ganze Buch biegsam zu machen. Da würde eine</Unicode>
                </TextEquiv>
            </TextLine>
            <TextLine id="tr_1_tl_5" custom="readingOrder {index:4;}">
                <Coords points="569,1575 1472,1565 1816,1522 1816,1484 1729,1452 901,1517 573,1495"/>
                <Baseline points="581,1557 611,1554 656,1554 701,1554 746,1551 790,1548 835,1546 880,1546 925,1543 969,1543 1014,1540 1059,1540 1104,1537 1149,1537 1193,1534 1238,1534 1283,1531 1328,1531 1372,1531 1417,1528 1462,1528 1507,1525 1551,1525 1596,1525 1641,1522 1686,1522 1731,1519 1775,1519 1820,1516"/>
                <TextEquiv>
                    <Unicode>mittelstarke Decke bessere Dienste tun. Ich werde</Unicode>
                </TextEquiv>
            </TextLine>
            <TextLine id="tr_1_tl_6" custom="readingOrder {index:5;}">
                <Coords points="578,1662 1317,1628 1660,1667 1741,1618 1886,1636 1888,1537 580,1606"/>
                <Baseline points="587,1647 590,1647 635,1644 680,1644 725,1641 770,1638 814,1638 859,1638 904,1635 949,1632 993,1632 1038,1629 1083,1629 1128,1626 1172,1626 1217,1626 1262,1623 1307,1620 1352,1620 1396,1620 1441,1617 1486,1617 1531,1617 1575,1614 1620,1614 1665,1614 1710,1611 1754,1608 1799,1608 1844,1605 1889,1602"/>
                <TextEquiv>
                    <Unicode>zwei solche Probebände mit dem richtigen Papier her-</Unicode>
                </TextEquiv>
            </TextLine>
            <TextLine id="tr_1_tl_7" custom="readingOrder {index:6;}">
                <Coords points="590,1751 1202,1770 1616,1729 1737,1763 1821,1729 1823,1650 592,1695"/>
                <Baseline points="599,1737 617,1737 662,1734 707,1734 752,1731 796,1731 841,1728 886,1728 931,1728 975,1725 1020,1725 1065,1722 1110,1719 1155,1716 1199,1716 1244,1713 1289,1713 1334,1713 1378,1713 1423,1713 1468,1710 1513,1710 1557,1707 1602,1704 1647,1701 1692,1701 1737,1698 1781,1698 1826,1698"/>
                <TextEquiv>
                    <Unicode>stellen lassen, damit Sie sich selbst davon über-</Unicode>
                </TextEquiv>
            </TextLine>
            <TextLine id="tr_1_tl_8" custom="readingOrder {index:7;}">
                <Coords points="587,1833 640,1842 662,1831 703,1854 727,1831 758,1838 795,1831 797,1782 768,1794 734,1768 698,1785 675,1777 665,1784 645,1782 634,1775 614,1790 588,1790"/>
                <Baseline points="596,1829 620,1826 665,1826 710,1826 755,1823 799,1817"/>
                <TextEquiv>
                    <Unicode>zeugen.</Unicode>
                </TextEquiv>
            </TextLine>
            <TextLine id="tr_1_tl_9" custom="readingOrder {index:8;}">
                <Coords points="578,1937 1773,1891 1922,1924 1951,1831 580,1857"/>
                <Baseline points="587,1925 611,1922 656,1922 701,1919 746,1916 790,1913 835,1913 880,1913 925,1910 969,1907 1014,1904 1059,1901 1104,1901 1149,1901 1193,1898 1238,1895 1283,1895 1328,1895 1372,1892 1417,1892 1462,1892 1507,1889 1551,1889 1596,1886 1641,1883 1686,1883 1731,1886 1775,1883 1820,1880 1865,1880 1910,1880 1954,1880"/>
                <TextEquiv>
                    <Unicode>Wir überweisem Ihrem Conto bei der K.K.Priv. Allg. Oest,</Unicode>
                </TextEquiv>
            </TextLine>
            <TextLine id="tr_1_tl_10" custom="readingOrder {index:9;}">
                <Coords points="588,2025 1884,2014 1903,1919 590,1968"/>
                <Baseline points="599,2008 608,2005 653,2008 698,2005 743,2002 787,2002 832,1999 877,1999 922,1999 966,1999 1011,1996 1056,1996 1101,1993 1146,1993 1190,1993 1235,1990 1280,1987 1325,1987 1369,1984 1414,1987 1459,1984 1504,1984 1548,1984 1593,1981 1638,1978 1683,1978 1728,1978 1772,1975 1817,1975 1862,1972 1907,1972"/>
                <TextEquiv>
                    <Unicode>Bodencreditanstalt in Wien heute M. 10,000.-t Zehnd-</Unicode>
                </TextEquiv>
            </TextLine>
            <TextLine id="tr_1_tl_11" custom="readingOrder {index:10;}">
                <Coords points="585,2115 1818,2105 1852,2042 1636,2001 587,2059"/>
                <Baseline points="596,2101 602,2101 647,2101 692,2098 737,2098 781,2095 826,2095 871,2092 916,2092 961,2089 1005,2089 1050,2086 1095,2083 1140,2083 1184,2083 1229,2080 1274,2080 1319,2080 1363,2077 1408,2077 1453,2074 1498,2074 1543,2071 1587,2071 1632,2071 1677,2071 1722,2068 1766,2065 1811,2062 1856,2062"/>
                <TextEquiv>
                    <Unicode>tausend Mark); als Honorar für acht Auflagen Ihres</Unicode>
                </TextEquiv>
            </TextLine>
            <TextLine id="tr_1_tl_12" custom="readingOrder {index:11;}">
                <Coords points="593,2197 739,2233 1683,2161 1908,2196 1925,2115 595,2139"/>
                <Baseline points="602,2193 629,2193 674,2190 719,2190 764,2190 808,2187 853,2187 898,2181 943,2181 987,2178 1032,2175 1077,2175 1122,2172 1166,2172 1211,2172 1256,2169 1301,2169 1346,2169 1390,2166 1435,2169 1480,2166 1525,2163 1569,2163 1614,2160 1659,2160 1704,2160 1748,2157 1793,2154 1838,2154 1883,2151 1928,2151"/>
                <TextEquiv>
                    <Unicode>Romans, zum Ladenpreis von M. 5.- für das broschier-</Unicode>
                </TextEquiv>
            </TextLine>
            <TextLine id="tr_1_tl_13" custom="readingOrder {index:12;}">
                <Coords points="588,2308 648,2319 783,2291 812,2312 958,2319 1023,2278 1134,2293 1182,2276 1241,2302 1271,2293 1274,2202 1070,2211 939,2244 785,2216 694,2249 592,2228"/>
                <Baseline points="599,2280 638,2283 683,2280 728,2280 773,2277 817,2277 862,2274 907,2274 952,2271 996,2268 1041,2265 1086,2262 1095,2265 1098,2262 1143,2262 1187,2265 1232,2265 1277,2262"/>
                <TextEquiv>
                    <Unicode>te Exemplar,</Unicode>
                </TextEquiv>
            </TextLine>
        </TextRegion>
        <TextRegion id="tr_2" custom="readingOrder {index:2;}">
            <Coords points="590,2298 2211,2298 2211,3209 590,3209"/>
            <TextLine id="tr_2_tl_1" custom="readingOrder {index:0;}">
                <Coords points="858,2373 918,2394 970,2367 1002,2391 1043,2375 1132,2408 1247,2368 1349,2365 1351,2319 1238,2303 1209,2317 1149,2295 999,2334 939,2307 862,2307"/>
                <Baseline points="868,2363 907,2366 952,2363 996,2360 1041,2357 1086,2357 1131,2354 1175,2354 1220,2351 1265,2351 1310,2348 1354,2348"/>
                <TextEquiv>
                    <Unicode>Mit vielen Grüssen</Unicode>
                </TextEquiv>
            </TextLine>
            <TextLine id="tr_2_tl_2" custom="readingOrder {index:1;}">
                <Coords points="1358,2454 1394,2466 1483,2438 1532,2462 1577,2442 1613,2459 1676,2454 1734,2435 1736,2367 1561,2375 1548,2363 1520,2373 1450,2355 1402,2385 1359,2385"/>
                <Baseline points="1369,2444 1378,2441 1423,2438 1468,2438 1513,2438 1557,2438 1602,2435 1647,2435 1692,2432 1737,2435"/>
                <TextEquiv>
                    <Unicode>Ihr ergebener</Unicode>
                </TextEquiv>
            </TextLine>
            <TextLine id="tr_2_tl_3" custom="readingOrder {index:2;}">
                <Coords points="669,2527 713,2531 773,2512 823,2519 850,2500 869,2509 891,2493 903,2500 925,2486 942,2490 951,2416 920,2415 896,2396 869,2392 783,2423 761,2404 730,2411 682,2396"/>
                <Baseline points="680,2510 722,2510 767,2504 811,2501 856,2495 901,2489 946,2486"/>
                <TextEquiv>
                    <Unicode>1250xx8</Unicode>
                </TextEquiv>
            </TextLine>
            <TextLine id="tr_2_tl_4" custom="readingOrder {index:3;}">
                <Coords points="629,2597 658,2606 679,2596 686,2603 725,2584 740,2596 795,2577 836,2589 845,2515 824,2522 793,2517 764,2538 737,2531 715,2539 698,2529 657,2546 636,2536"/>
                <Baseline points="641,2587 665,2584 710,2581 755,2575 799,2569 844,2563"/>
                <TextEquiv>
                    <Unicode>10000</Unicode>
                </TextEquiv>
            </TextLine>
            <TextLine id="tr_2_tl_5" custom="readingOrder {index:4;}">
                <Coords points="1347,2633 1383,2616 1476,2611 1495,2625 1696,2597 1784,2635 1843,2633 1842,2515 1751,2507 1703,2524 1590,2457 1539,2476 1471,2459 1377,2486 1346,2478"/>
                <Baseline points="1357,2599 1402,2599 1447,2596 1492,2596 1537,2599 1581,2596 1626,2599 1671,2599 1716,2602 1760,2605 1805,2605 1847,2602"/>
                <TextEquiv>
                    <Unicode>S. Fischer</Unicode>
                </TextEquiv>
            </TextLine>
            <TextLine id="tr_2_tl_6" custom="readingOrder {index:5;}">
                <Coords points="958,2652 1009,2678 1016,2673 1038,2680 1057,2678 1069,2493 1041,2490 1011,2509 999,2509 990,2500 983,2505 968,2500"/>
                <Baseline points="969,2614 975,2614 1020,2611 1065,2608"/>
                <TextEquiv>
                    <Unicode>25</Unicode>
                </TextEquiv>
            </TextLine>
            <TextLine id="tr_2_tl_7" custom="readingOrder {index:6;}">
                <Coords points="1182,3175 1556,3235 1823,3210 1970,3143 1972,3090 1922,3068 1693,3080 1621,3040 1385,3109 1284,3068 1187,3083"/>
                <Baseline points="1193,3163 1211,3163 1256,3160 1301,3160 1346,3160 1390,3157 1435,3154 1480,3154 1525,3154 1569,3154 1614,3151 1659,3148 1704,3148 1748,3145 1793,3139 1838,3139 1883,3133 1928,3127 1972,3121"/>
                <TextEquiv>
                    <Unicode>sur ergebene.</Unicode>
                </TextEquiv>
            </TextLine>
            <TextLine id="tr_2_tl_8" custom="readingOrder {index:7;}">
                <Coords points="1912,3249 1937,3239 1955,3251 2057,3252 2076,3240 2090,3254 2103,3244 2148,3244 2168,3223 2206,3227 2204,3121 2191,3116 2110,3105 2084,3124 2066,3110 2050,3117 2014,3100 1951,3141 1912,3141"/>
                <Baseline points="1922,3184 1942,3181 1987,3178 2032,3181 2077,3187 2122,3184 2166,3184 2211,3178"/>
                <TextEquiv>
                    <Unicode>Faire</Unicode>
                </TextEquiv>
            </TextLine>
            <TextLine id="tr_2_tl_9" custom="readingOrder {index:8;}">
                <Coords points="580,3246 645,3244 681,3271 898,3270 905,3134 744,3148 682,3129 629,3133 585,3121"/>
                <Baseline points="590,3199 593,3199 638,3196 683,3196 728,3193 773,3190 817,3187 862,3184 907,3187"/>
                <TextEquiv>
                    <Unicode>men</Unicode>
                </TextEquiv>
            </TextLine>
        </TextRegion>
    </Page>
</PcGts>
