2819 3624
1355 232 1504 399 S4
834 352 2274 528 S. Fischer, Verlag, Berlin N., Bülowstrasse 90.
1465 489 1760 650 8/12. 1914
873 863 1653 990 Herrn Dr. Arthur Schnitzler
1641 958 1809 1088 Wien
645 1156 1061 1274 Lieber Freund,
734 1279 2511 1389 der Bühnengenossenschaft habe ich den Anteil von M. 157,50 über-
655 1381 2548 1511 wiesen. Für welchen Zweck dem Ostheer die Tantiemen-Anteile zu über-
1484 1438 1743 1504 ou vous en avez eu le
660 1460 2528 1572 weisen sind, ist mir nicht ganz klar geworden. Es gibt da wohl drei
655 1535 2518 1670 Möglichkeiten: Fürs Rote Kreuz, für Liebesgaben zur Verwendung fürs
660 1645 2626 1751 Ostheer, oder für die Hinterbliebenen der im Osten gefallenen Krieger.
658 1729 1956 1868 Bitte unterrichten Sie mich über Ihre Wünsche.
846 1814 2452 1958 Im Osten scheint es gut zu gehen, hoffentlich bringen die
660 1907 2161 2034 nächsten Kämpfe eine entscheidende glückliche Wendung.
1015 1990 1655 2137 Mit herzlichen Grüssen
1694 2105 1922 2208 Ihr
2166 2090 2281 2213 P.
1648 2191 2120 2423 F. Fischer
