2596 3415
1323 417 1452 518 156
785 518 2061 649 S. FISCHER,VERLAG, BERLIN W., BÜLowSTR. 90
1344 717 2043 859 BERene W., DEN 31. Okt. 07
922 1003 1625 1124 Herrn Dr. Arthur Schaitzler
1623 1030 1894 1173 Wien XVIII
1474 1129 1840 1248 Spöttelgasse 7
1544 1231 1666 1301 P.S.
889 1293 1399 1394 Lieber Herr Doktor,
911 1394 1029 1479 Lieb
1059 1374 2104 1520 obgleich mir der New-Yorker Prospekt nicht
878 1506 2142 1614 den Sindruck macht, dass ihm gerade für Ihre Arbeit
886 1568 2124 1677 ein Gewicht beizulegen ist, möchte ich doch darauf
886 1668 2140 1794 hinweisen, dass es prinzipiell nicht angändig wäre,
874 1749 2105 1875 Ihren Roman in einer ausländischen Revue in deut-
889 1849 2121 1940 seiner Sprache zu veröffentlichen: Jede Zeitschrift
886 1941 2081 2043 sucht über den Kreis ihres eigenen Landes hinaus
884 2040 2061 2129 überall dort, wo deutsch gesprochen wird, Leser
1205 2107 1499 2172 Gemändniss in
878 2142 2094 2245 zu kommen. Wir haben nicht wenig Abonnenten in
889 2236 2032 2326 Amerika und, wie Sie aus dem Circular ersehen,
881 2306 2107 2406 rechnen die Amerikaner ja auch mit einer Verbrei-
878 2390 2064 2523 tung ihrer Zeitsochrift in Europa. Etwas Anderes
884 2488 2116 2612 wäre es mit der New-Yorker Staatsseitung; von die¬
