2552 3607
1250 452 1352 548 311
606 559 2241 661 S. FISCHER/VERLAG/BERLIN’ THEATERABTEILUNG
642 642 1260 738 AMT: LUTZÖW 1662 & 6162
1708 655 2236 758 W 57. BULÖWSTR.90
1800 845 2226 946 den 15. Febr. 13
717 1153 1481 1252 Herrn Dr. Arthur Schnitsler
1838 1183 2001 1338 Wien
828 1340 1556 1468 Sehr geehrter Herr Doktor!
880 1549 2286 1669 Herr Tal, der gelegentlich der Auernheimer-Premiere
717 1654 2431 1757 drei Tage in Wien war, konnte, wie er beabsichtigte, Sie leider
713 1740 2286 1808 nicht sprechen, da Sie zur gleichen Zeit zur Premiere des
706 1793 2365 1907 „Professor Bernhardi“ in München waren, Gestatten Sie daher,
706 1913 2429 1999 dass wir schriftlich auf Ihre Mahnung wegen der Garantiesummen,
706 1980 1973 2061 die Sie an Herrn Fischer richteten, antworten.
839 2065 2408 2164 Es wird in letzter Zeit im allgemeinen immer schwieriger,
710 2168 2416 2273 Garantieaummen von grösseren Theatern zu erlangen, da der deut-
713 2215 2395 2328 sche Bühnenverein sich prinzipiell gegen Garantiesummen ableh-
713 2330 2380 2433 nend verhält. Die Erreichung jeder Garantiesumme kostet daher
713 2410 1997 2510 immer längere Verhandlungen mit den Direktoren.
847 2497 2273 2592 Fir waren nun bisher fast stets in der Lage, für den
713 2579 2350 2701 „Professor Bernhardt" Garantiesumen zu erstelen. Wenn diese
710 2675 2324 2780 vielleicht nicht ganz so hoch ausgefallen sind, als Sie er-
704 2748 2352 2865 warteten, so liegt das eben an der geschilderten Lage, Seien
710 2840 2320 2942 Sie aber versichert, dass wir prinzipiell in jedem Fall uns
702 2940 2305 3037 für die höchsterreichbare Garantiesumme einsetzen und auch
