2579 3512
1097 718 1246 815 189
604 797 1901 954 S. FISCHER, VERLAG,’ BERLIN W., BÜLOUSTR. 90
1189 983 1842 1121 BERene W., DEN 3. Dez. 08
908 1188 1600 1324 Herrn Dr. Arthur Schnitzler
1602 1297 1880 1397 Wien XVIII
1656 1369 2010 1476 Spöttelgasse 7
703 1488 1186 1614 Lieber Herr Doktor,
1355 1547 1454 1646 G.C.F.P.
788 1622 1986 1755 verbindlichsten Dank für Ihren Brief. Es ist mir
681 1721 1988 1859 noch immer nicht gelungen, die Verträge von Bloch zu
689 1812 2020 1932 bekommen und auf mein Ansuchen wegen der Revision Ih¬
688 1877 1998 2025 rer Verrechnungen habe ich eine Antwort bisher über¬
698 1991 1909 2097 haupt nicht bekommen können. Bevor ich durch den
700 2070 1959 2206 Rechtsanwalt hier etwas zu erreichen suche, möchte
700 2172 1996 2298 ich Sie bitten, selbst einmal an Bloch zu schreiben
716 2238 1988 2377 (Eduard Bloch, Berlin C., Brüderstr. 1), ihn aufzu¬
713 2355 2045 2474 fordern, mir die Verträge, die er doch mit dem Fundus
716 2414 2067 2563 von Entsch übernommen hat, auszuliefern und mich, wenn
721 2528 2033 2647 er nicht selbst die Kontrolle über die Verrechnungen
726 2592 2057 2744 der letzten Jahre übernehmen will, dazu durch Auslie¬
730 2721 2030 2845 ferung des gesamten Materiales in die Lage zu setzen.
