2799 3671
1636 532 2279 703 New York, 29. April 10
582 747 1495 901 Herrn S. Fischer, Verlag, Berlin
705 921 1265 1077 Sehr geehrte Herren,
742 1025 2270 1203 ich bedauere Ihnen mitteilen zu müssen, dass der „Grüne
606 1138 2329 1329 Kakadur ein Misserfolg war. Du wurde nur gespielt in der Woche
606 1242 1619 1376 vom 11.- 16. April und vom 18. - 20.
752 1307 2393 1448 Dies in Verbindung mit „Hannele“ zählte zu den armseligsten
616 1411 2383 1564 Geschäften, die Mrs. Fiske in Ihrer ganzen Laufbahn gemacht hat.
1681 1505 2151 1596 Hochachtungsvoll
2302 1433 2534 1685 Rau
604 1661 1369 1881 Lieber Herr Doctor!
609 1797 2388 2020 Die Amerikamer sind noch nicht reif¬
624 1933 2354 2111 für sie, auch Roosefeld nichts der
644 2017 2309 2193 Ein bewundernswerther Barhar ist
755 2126 2225 2314 Ich habe mich einer Operation
621 2183 2477 2413 Unterziehen lassen müssen (Harmfistel)
614 2351 2507 2520 und bin erst seit wenigen Tagen wieder
634 2435 2413 2624 im Amt, sehr angenehm überraucht
629 2520 2576 2750 ein neues Stück von Ihnen vorzufinden.
730 2614 2544 2878 Bekommen wir denn nun euch das
601 2720 2596 3005 Dorspiel zum Dorabdruck fürs September.
663 2891 2502 3121 reft: Mit herzlichen Grüssen
1792 2970 2581 3118 The Ergebener
2245 3069 2616 3225 Pfischge
