2635 3271
993 208 1124 329 258
1044 538 1203 733 257
634 692 1952 829 S. FISCHER, VERLAG,’ BERLIN W., BÜLOUSTR. 90
1204 864 1878 1013 BERene W., DEN 5/X.11
734 1065 1511 1208 Herrn Dr. Arthur Schnitzler
1334 1147 1663 1296 Wien XVIII
1254 1278 1753 1367 Sternwartestr. 71
870 1409 1409 1524 Sehr geehrter Herrl
869 1517 1909 1634 Die Firma Felix Bloch Erben fragt bei
742 1609 1701 1758 uns an, ob wir über die Frau mit
1771 1621 1963 1745 selbkeit
731 1714 1919 1824 für England schon disponiert haben oder ob
714 1804 1993 1906 wir sie autorisieren können, mit ihrem Befles¬
723 1893 1985 2011 tanten zu verhandeln. Wir haben im Jahre 1908
721 1991 1953 2093 Herrn Horace B. Samuel, London, 56 Pembridge
1175 2065 1255 2117 —
736 2078 1999 2234 Villas die Erlaubnis erteilt, „Die Frau mit den
724 2180 1950 2283 Dolche“ gegen Zahlung eines festen Honorarz,
724 2265 1966 2371 in einem englischen Journal, abzudrucken, uns
721 2347 1985 2506 aber dabet die Aufführungsrechte ausdrücklich
711 2466 2009 2565 vorbehalten. Wir bitten nun um gefl. Nachricht.
708 2545 2027 2688 ob Sie inwischen auch über dieses Verk für xxx
