2646 3559
822 208 2049 367 Gyldendalske Boghandel
309 232 621 394 Afskrift.
1160 309 1580 445 Nordisk Forlag
1742 338 2158 411 Kobenhavn, Den
1747 399 2150 462 Klareboderne 3
338 377 507 503 Copi.
619 433 2327 524 Ich der Endesunterschriebene Arthur Schnitzler übertrage hier-
312 524 2235 621 mit an die Aktiengesellschaft " Gyldendalske Boghandel, Nordisk Forlag"
324 592 2187 718 in Kopenhagen das mir nach dänischem, norwegischem und schwedischem
317 708 2165 814 Recht sowie nach der Bernerkonvention zustehende Verfasserrecht zu
336 807 1092 916 "Der Weg ins Freie", Roman.
631 884 2184 988 Die Aktiengesellschaft hat demgemäs das ausschliessliche
333 942 2160 1085 Recht, das erwähnte Buch ins dänische, norwegische und schwedische
346 1053 2199 1184 übersetzen zu lassen, sowie die Ubersetzungen in Dänemark, Norwegen
346 1148 2283 1271 und Schweden herauszugeben und zwar in derjenigen Form, welche der Ver-
346 1242 2221 1351 lag als zweckmässig ansehen wird, also entweder als Buch, Feuilleton
353 1336 1080 1457 oder in einer Zeitschrift.
512 1392 2235 1551 In Honorar bezahlt die " Gyldendalske Boghandel, Nordisk Forlag"
353 1517 1334 1626 ein für alle Mal Fünf Hundert Mark.
515 1575 2286 1723 Sobald dieser Betrag mir eingehändigt worden ist, hat der Verlag
360 1708 1305 1803 die obenerwähnten Rechte erworben.
1017 1812 1810 1960 (Sign) Dr. Arthur Schnitzler
360 2076 1450 2235 Der Betrag Fünf Hundert Mark empfangen.
1056 2201 1858 2346 (Sign) Dr. Arthur Schnitzler
360 2469 882 2612 Wien, 22 - 12. 08
551 2694 1447 2880 Afskriftens Rigtighed bekräfter:
1450 2875 1877 3013 Aksel Svendsen
691 2883 1053 3049 Georg Hansen
