2216 3480
552 637 1797 779 ich die Abrechnung anerkennen, (sie wird demgemäss
555 774 1800 880 zum nächsten Quartal mit Ihnen verrechnet werden),
554 857 1774 974 weil Herr Braun jetzt das Aufführungsrecht für 4
557 948 1877 1068 Gastvorstellungen in Dresden und für Aufführungen im
547 1033 1757 1145 München erwerben will. Ich habe für Dresden und
562 1115 1797 1253 München eine Tantieme von 3 %, bei einer Garantie
563 1219 1754 1348 von M. 100.-, verlangt, und dieser Satz dürfte
562 1337 1436 1429 sich wohl auch für Wien empfehlen.
833 1413 1321 1505 Mit besten. Grüssen
1337 1452 1687 1590 Ihr ergebener
1307 1560 1725 1743 S. Fische
1183 3050 1723 3229 soo wieder se
1822 3058 2145 3259 Faire
588 3129 747 3270 this
