2569 3144
1074 144 1190 271 275.
591 223 1976 373 S. Fischer, Verlag, Berlin Wi., Bülowstrasse 90
1127 352 1440 496 15/3. 1912
649 812 1412 1013 Herrn Dr. Arthur Schnitzler
1366 939 1519 1104 Wien
443 1134 995 1292 Lieber Herr Doktor,
519 1243 2187 1366 Fräulein Löwenstamm fragt an, welches Honorar sie für die Re-
434 1352 2217 1468 produktion des Porträts bekommen soll. Hätte ich annehmen können,
443 1463 2240 1561 dass Frl. Löwenstamm für den Abdruck ein Honorar wünscht, so hätte
443 1526 2275 1632 ich Ihnen gleich geschrieben, dass dafür in meiner Kalkulation kein
441 1618 2219 1734 Raum ist. Die Kalkulation ist aufs allerknappste festgestellt und
445 1711 2221 1832 ich könnte Fräulein Löwenstamm höchstens 50 Mark anbieten. Da ich
441 1795 2219 1897 nicht weiss, ob ich sie mit einem solchen Honoraranerbieten nicht
452 1881 2314 1996 enttäuschen würde, möchte ich von Ihnen wissen, ob Sie dieses Honorar
450 1987 2166 2082 für ausreichend halten oder ob wir lieber auf die Reproduktion
454 2066 953 2182 verzichten wollen.
556 2115 2242 2254 Es handelt sich doch hier um eine billige Ausgabe Ihrer Werke,
445 2247 2154 2349 die Reproduktion nach einer Photographie wäre also durchaus ge-
445 2312 2219 2430 rechtfertigt. Allen Gesamtausgaben meines Verlages sind denn auch
434 2421 1839 2551 Porträts nur nach Originalphotographien beigegeben.
691 2504 1317 2618 Mit herzlichen Grüssen
1106 2602 1257 2680 bieten
1630 2671 2020 2873 F.Fische
