2760 3288
1105 307 1873 477 FISCHER. VERLAG
379 519 1001 689 TELEPHON: AMT VI, No. 1662.
1489 543 2273 728 BERLIN W., DEN 4/1. 1900
967 604 1316 752 Monsieur M. A.
1433 654 1897 755 BÜLÖWSTRASSE 91.
1595 728 1714 821 a M.M.
707 710 1314 832 einsahlen, als Honorat
638 795 1184 935 deutschen Rundachau.
948 863 1724 1009 Herrn Dr. Arthur Schnitzler
1679 961 1944 1081 Wien.
559 1046 1120 1248 Lieber Herr Doktor!
546 1160 2490 1327 Zunächst vielen Dank für die freundliche Gesinnung, die Sie mir in Ihrem
440 1256 2466 1430 letzten Briefe ausgesprochen haben. Erlauben Sie, dass ich Ihre Wünsche für
442 1409 2463 1512 das neue Jahr herzlichst erwidere, und vielleicht darf ich auch hinzufügen,
440 1486 2429 1597 dass ich mich, in aufrichtiger Wertschätzung für Sie und Ihre Werke, auch
445 1592 2577 1722 weiterhin Ihres Vertrauens und Ihren Wohlwollens zu versichern hoffe. Schönsteh
440 1671 1462 1799 Dank auch für das wohlgelungene Bild!
546 1703 2559 1875 Den Vertrag lasse ich Ihnen, ganz nach Ihrem Wunsche abgeändert, anliegend
445 1851 2180 1973 zugehen, und erbitte ein Exemplar mit Ihrer Unterschrift zurück.
599 1907 2458 2058 Gestern war Coschall bei mir, wir haben gemeinschaftlich aus den
456 1981 2490 2164 von Ihnen vorgeschlagenen Motiven 20 Sujets festgestellt. Coschall will nun
450 2093 2538 2228 mit der Arbeit beginnen, verlangt aber mindestens zwei Monate Zeit. Ich finde
456 2201 2535 2318 es nur richtig, Coschall nicht zu drängen, und es wird demnach nichts anderes
450 2296 2503 2408 übrig bleiben, als das Erscheinen des „Leutnant Gustel“ bis Anfang April zu
448 2357 2400 2479 verschieben. Ich habe zur Bedingung gestellt, dass Coschall uns erst 6-7
453 2437 2527 2575 Illustrationen zur Einsichtnahme vorlegt, wir können uns dann noch immer ent-
456 2545 2490 2694 scheiden, ob wir von der Vereinbarung mit Coschall ganz zurücktreten, im Fe
453 2649 1674 2781 er auch diesmal die Arbeit verfehlen sollte.
652 2702 2434 2863 „Leutnant Gustel" ist übrigens in meiner Erinnerung noch stark ge-
456 2818 2394 2940 ich glaube, Sie haben ein scharfes Charakterbild, den Typus eines ceste
1372 2898 2371 3051 aus gestaltet. Hoffentlich findet Co###
464 2924 1351 3057 chischen Offiziers, von innen he
