2657 3529
487 558 2104 756 Es hat mich sehr gefreut, dass die Ausgabe Ihren Beifall ge-
390 708 2075 861 funden hat. Lassen Sie mich Ihnen zugleich herzlichst für Ihre
390 821 1230 939 lieben und guten Worte danken.
583 931 1215 1022 Mit herzlichen Grüssen
1552 969 1662 1068 Ihr
1506 1032 1984 1276 S. Fischer
459 1226 2119 1382 P. S. Ich bin mir nicht klar darüber, was man von Dr. Sos für
415 1323 2106 1455 die Uebersetzung ins Esperanto verlangen könnte. Da er in Wien
423 1405 2117 1542 wohnt, ist es vielleicht am besten, Sie fragen ihn an, was für
417 1523 1148 1630 Honorar er anzubieten hat.
