2819 3624
1271 360 1400 469 351
770 387 2155 613 S. Fischer, Verlag, Berlin W., Bülowstrasse 90
1398 561 1713 700 16/3. 1915
2202 573 2569 755 meulle (sigel-
2217 715 2587 827 ßer von ihnen
2259 794 2411 884 2 R.
2249 856 2572 973 compté-bas.
2279 951 2507 1038 Cussieur,
2267 1010 2527 1147 Zitelblatt
797 1030 1576 1164 Herrn Dr. Arthur Schnitzler
2267 1110 2530 1224 schaft. —
1554 1112 1715 1281 Wien
2304 1199 2473 1313 Carlin.
636 1308 1043 1440 Lieber Freund,
784 1427 2599 1574 ich habe Ihnen depeschiert, dass ich herzlich gern beim "Geronimo"
648 1539 2482 1671 dabei bin. Freilich weiss ich nicht, ob sich die Sache so rentabel
643 1633 2537 1745 realisieren wird, wie Sie es sich vorstellen. Eine kleine veröffent-
2378 1720 2510 1852 scen.
650 1715 2339 1849 lichte Hovelle als Buch für 2 Mark hat heute nicht so viel Ch.
633 1837 2473 1929 wie in normalen Zeiten, für diesen Preis kann das Publikum ein um-
655 1902 2497 2043 fangreicheres Novellenbuch von Ihnen erwerben, und so schön die Ra-
650 2006 2443 2137 dierung von Schmutzer ist, so ist die Kauflust der Bücherfreunde
658 2088 2455 2202 einerseits sehr gesunken, während andererseits der Name Schmutzer
663 2197 2500 2296 bei uns nicht bekannt genug ist, um dem Käufer ein Aequivalent für
655 2269 2542 2383 den unter den jetzigen Verhältnissen nicht billigen Preis zu bieten.
655 2348 2458 2475 Aber das sind Einwände, die ich aus meiner Erfahrung machen muss,
655 2443 2545 2567 und die, wie ich hoffe, sich nicht bestätigen. Ich kann übrigens mit
648 2532 2428 2646 Sicherheit noch nicht feststellen, ob Ihre Kalkulation zutrifft.
655 2567 2646 2746 Das Buch soll jedenfalls sobald wie möglich angezeigt und fertiggestellt
648 2708 2550 2840 werden. Nur weiss ich nicht, ob es gehen wird, dass wir das Buch nur
655 2810 2478 2944 bar und nicht auch in Kommission liefern, wir werden uns hier den
648 2912 2515 3024 Erfahrungen aus der Praxis anpassen müssen, und ich habe doch wohl
655 3004 2502 3103 die Vollmacht, den Vertrieb so zu gestalten, wie er sich praktisch
