2777 3480
1535 228 1873 385 VERLAG
1028 232 1500 418 S. FISCHER
1507 491 2394 624 BERene W., DEN 14. August 1903
383 545 615 622 TELEPHON
1507 592 1953 676 BÜLowSTRASSE 90/91.
373 608 629 709 AMT VI, 1662
1042 786 1817 932 Herrn Dr. Arthur Schnitzler
1702 857 1937 1014 Wien.
758 995 1455 1148 Lieber Herr Doktor!
775 1110 2500 1289 Es wird Sie vielleicht interessieren zu erfahren, dass ich für
707 1265 2538 1387 die Leitung der Bühnenvertriebs-Abteilung Herrn Dr. Lothar Schmidt,
678 1362 2568 1462 (den Verfasser des „Leifalten ) gewonnen habe. Herr Schmidt vereinigt
2031 1427 2160 1486 ouvrage de ses
700 1458 2500 1549 alle Eigenschaften, die ich an den Leiter dieser Abteilung setzen
700 1535 2500 1639 kann: er ist ein bühnenkundiger Mann, dem alle Buhnenverhältnisse
707 1627 2486 1739 sehr vertraut sind, und er hat auch alle praktischen Erfahrungen,
704 1695 2477 1815 die zum Verkehr mit den Bühnen notwendig sind. Die geschäftliche
709 1789 2587 1920 Seite der Sache wird ebenfalls von Herrn Dr. Schmidt, in Gemeinschaft
728 1904 2542 2005 mit einem Herrn meines Verlages, besorgt, und ich stehe selbstver-
711 1979 2554 2080 ständlich auch mit meiner Person dafür ein, dass in der Wahrnehmung
709 2066 2531 2183 der Interessen nichts versäumt wird. Der Justiziar für Deutschland
707 2164 2507 2277 ist der Ihnen wohl bekannte Justizrath Jonas. Von Dr. Schwarzkopf
704 2258 2479 2366 habe ich noch keine Antwort auf meinen Brief bekommen; sollteer
709 2345 2495 2460 nicht acceptieren, so werde ich vielleicht auch Herrn Dr. Eirich
707 2427 2575 2554 mit meiner Vertretung betrauen. Eirich vertritt, wie ich höre, nicht
707 2514 2153 2660 nur Entsch, sondern auch Bloch und andere Agenturen.
1404 2599 1951 2714 Mit besten Grüssen
1904 2622 2298 2786 Ihr ergebener
1761 2740 2364 2956 Fischer. Verlag
2024 2984 2160 3066 vero
