2733 3672
1268 385 1431 490 220
1009 474 1340 653 Abschrift!
1961 783 2207 933 8/7. 10.
575 946 1404 1156 Herrn Dr. Arthur Schnitzler
1543 1089 1961 1217 z.Zt. Territet
1563 1194 1928 1335 am Genfersee
859 1221 1407 1400 Sehr geehrter Herrl
709 1386 2341 1541 Das Kgl. Deutsche Landestheater in Prag hat uns um Vertrag
579 1492 2357 1626 über die „Marionetten“ ersucht. Wir haben eine Tantieme von 10 %
584 1594 2283 1706 gefordert, das Theater hat in dem Vertrag die Tantieme in 7 %
572 1662 2328 1789 umgeändert. Wir haben das nicht akzeptiert, weil dieses Theater
572 1782 2373 1876 ungebührlicherweise immer um die Tantiemen herumhandelt. Wir ver-
572 1870 2319 1981 suchten auf die Forderung von 10 % zu bestehen, das Theater be¬
575 1928 2200 2062 hauptet aber über 7 % nicht hinausgehen zu können und will,
570 2039 2281 2145 falls wir damit einverstanden sind, die Einakter in der ersten
568 2136 2230 2263 Hälfte der nächsten Saison herausbringen. Wir bitten um Ihre
557 2227 2230 2330 gefl. Nachricht, ob Sie Ihrerseits mit 7 % Tantiemen für den
564 2312 1570 2458 Einakter- Abend einverstanden wären.
1641 2397 2122 2538 Hochachtungsvoll
1818 2514 2095 2614 ergebenst
1677 2574 2207 2692 S. Fischer, Verlag
1791 2659 2265 2780 Theaterabtei Jung
