<?xml version="1.0" encoding="UTF-8" standalone="yes"?>
<PcGts xmlns="http://schema.primaresearch.org/PAGE/gts/pagecontent/2013-07-15" xmlns:xsi="http://www.w3.org/2001/XMLSchema-instance" xsi:schemaLocation="http://schema.primaresearch.org/PAGE/gts/pagecontent/2013-07-15 http://schema.primaresearch.org/PAGE/gts/pagecontent/2013-07-15/pagecontent.xsd">
    <Metadata>
        <Creator>prov=READ-COOP:name=TrHtr:version=2.1.0:model_id=51170:date=26_07_2023_22:29</Creator>
        <Created>2023-05-02T08:10:32.085+02:00</Created>
        <LastChange>2023-07-26T22:29:04.738+02:00</LastChange>
        <TranskribusMetadata docId="1416742" pageId="54954904" pageNr="439" tsid="131084890" status="IN_PROGRESS" userId="64420" imgUrl="https://files.transkribus.eu/Get?id=SZWLFAGMBJFKFTPWRDBFWHNE&amp;fileType=view" xmlUrl="https://files.transkribus.eu/Get?id=DAJKKDOOALWQRIUIEWRPDKYX" imageId="44458629"/>
    </Metadata>
    <Page imageFilename="1416742_0439.jpg" imageWidth="2783" imageHeight="3608">
        <ReadingOrder>
            <OrderedGroup id="ro_1711827362446" caption="Regions reading order">
                <RegionRefIndexed index="0" regionRef="tr_2"/>
                <RegionRefIndexed index="1" regionRef="tr_3"/>
                <RegionRefIndexed index="2" regionRef="tr_1"/>
            </OrderedGroup>
        </ReadingOrder>
        <TextRegion id="tr_2" custom="readingOrder {index:0;}">
            <Coords points="890,266 2601,266 2601,903 890,903"/>
            <TextLine id="tr_2_tl_1" custom="readingOrder {index:0;}">
                <Coords points="1248,354 1289,367 1311,346 1333,354 1355,332 1363,335 1369,329 1377,335 1382,326 1399,326 1396,252 1363,258 1327,236 1314,236 1300,247 1286,241 1275,247 1245,241"/>
                <Baseline points="1263,319 1308,316 1353,319 1397,322 1406,325"/>
                <TextEquiv>
                    <Unicode>223</Unicode>
                </TextEquiv>
            </TextLine>
            <TextLine id="tr_2_tl_2" custom="readingOrder {index:1;}">
                <Coords points="875,433 1160,458 1242,414 1555,461 1752,420 1969,433 1972,329 1596,302 1437,340 875,348"/>
                <Baseline points="890,415 902,415 946,412 991,415 1036,415 1081,412 1126,412 1170,412 1215,412 1260,412 1305,412 1350,412 1394,409 1439,409 1484,406 1529,406 1574,406 1618,403 1663,400 1708,400 1753,400 1798,397 1842,397 1887,394 1932,391 1977,391"/>
                <TextEquiv>
                    <Unicode>S. Fischer, Verlag, Berlin W., Bülowstraße 90</Unicode>
                </TextEquiv>
            </TextLine>
            <TextLine id="tr_2_tl_3" custom="readingOrder {index:2;}">
                <Coords points="1780,631 2016,631 2131,587 2317,603 2356,573 2551,595 2578,590 2581,516 2449,521 2400,485 2320,524 2191,485 2093,516 1785,507"/>
                <Baseline points="1798,582 1824,582 1869,582 1914,585 1959,585 2004,582 2048,582 2093,579 2138,579 2183,579 2228,576 2272,576 2317,570 2362,570 2407,567 2452,564 2496,561 2541,558 2586,558"/>
                <TextEquiv>
                    <Unicode>z. Zeit Unterich am</Unicode>
                </TextEquiv>
            </TextLine>
            <TextLine id="tr_2_tl_4" custom="readingOrder {index:3;}">
                <Coords points="2021,694 2079,710 2158,688 2178,705 2252,713 2265,699 2306,724 2419,721 2424,603 2375,595 2328,612 2268,579 2219,612 2136,587 2112,606 2027,579"/>
                <Baseline points="2036,686 2069,686 2114,683 2159,680 2204,680 2249,677 2293,675 2338,669 2383,669 2428,669"/>
                <TextEquiv>
                    <Unicode>Attersee</Unicode>
                </TextEquiv>
            </TextLine>
            <TextLine id="tr_2_tl_5" custom="readingOrder {index:4;}">
                <Coords points="2103,845 2131,845 2167,815 2194,834 2219,815 2252,823 2263,839 2295,820 2367,823 2389,839 2419,820 2509,815 2518,719 2476,705 2413,710 2394,727 2342,713 2301,724 2260,705 2232,727 2145,721 2112,735"/>
                <Baseline points="2120,797 2162,800 2207,797 2252,797 2296,794 2341,788 2386,785 2431,782 2476,776 2520,779"/>
                <TextEquiv>
                    <Unicode>Berghof.</Unicode>
                </TextEquiv>
            </TextLine>
            <TextLine id="tr_2_tl_6" custom="readingOrder {index:5;}">
                <Coords points="2125,916 2189,952 2235,938 2268,954 2285,941 2413,957 2512,897 2545,889 2594,908 2600,812 2498,806 2389,839 2295,817 2263,839 2238,823 2191,834 2169,815 2128,834"/>
                <Baseline points="2141,893 2153,890 2198,893 2243,893 2287,890 2332,887 2377,884 2422,881 2467,878 2511,875 2556,875 2601,875"/>
                <TextEquiv>
                    <Unicode>22. Aug. 10.</Unicode>
                </TextEquiv>
            </TextLine>
        </TextRegion>
        <TextRegion id="tr_3" custom="readingOrder {index:1;}">
            <Coords points="451,929 2589,929 2589,1805 451,1805"/>
            <TextLine id="tr_3_tl_1" custom="readingOrder {index:0;}">
                <Coords points="458,1039 510,1026 551,1053 570,1042 601,1050 672,1006 710,1031 765,1017 773,872 713,886 666,872 612,875 554,897 502,861 466,864"/>
                <Baseline points="477,994 507,988 552,988 597,985 642,985 686,982 731,979 776,979"/>
                <TextEquiv>
                    <Unicode>Diktut</Unicode>
                </TextEquiv>
            </TextLine>
            <TextLine id="tr_3_tl_2" custom="readingOrder {index:1;}">
                <Coords points="921,1174 1009,1149 1229,1196 1267,1171 1448,1196 1508,1166 1566,1182 1610,1144 1796,1160 1799,1028 1654,1072 1399,1048 1111,1081 987,1028 924,1039"/>
                <Baseline points="940,1146 952,1146 997,1143 1042,1143 1087,1143 1131,1140 1176,1140 1221,1143 1266,1143 1311,1140 1355,1140 1400,1140 1445,1137 1490,1137 1535,1137 1579,1137 1624,1140 1669,1137 1714,1137 1759,1140 1804,1137"/>
                <TextEquiv>
                    <Unicode>Lieber herr Doktor!</Unicode>
                </TextEquiv>
            </TextLine>
            <TextLine id="tr_3_tl_3" custom="readingOrder {index:2;}">
                <Coords points="477,1358 738,1432 1023,1374 2087,1404 2545,1371 2545,1270 1766,1204 1577,1270 1179,1242 1053,1316 477,1289"/>
                <Baseline points="492,1361 537,1364 582,1367 627,1367 672,1370 716,1370 761,1370 806,1370 851,1370 896,1370 940,1370 985,1370 1030,1370 1075,1370 1120,1370 1164,1373 1209,1373 1254,1373 1299,1373 1344,1373 1388,1373 1433,1373 1478,1370 1523,1370 1568,1370 1612,1370 1657,1367 1702,1364 1747,1364 1792,1358 1836,1355 1881,1355 1926,1353 1971,1353 2016,1353 2060,1353 2105,1355 2150,1353 2195,1350 2240,1350 2284,1347 2329,1341 2374,1338 2419,1335 2464,1332 2508,1332 2553,1335"/>
                <TextEquiv>
                    <Unicode>Zunächst schürften Gruß von uns beiden für Ku und</Unicode>
                </TextEquiv>
            </TextLine>
            <TextLine id="tr_3_tl_4" custom="readingOrder {index:3;}">
                <Coords points="458,1511 2191,1489 2567,1456 2570,1355 680,1445 461,1369"/>
                <Baseline points="474,1469 513,1469 558,1466 603,1466 648,1466 692,1466 737,1466 782,1466 827,1466 872,1466 916,1463 961,1463 1006,1463 1051,1466 1096,1463 1140,1466 1185,1469 1230,1469 1275,1469 1320,1469 1364,1466 1409,1466 1454,1463 1499,1463 1544,1460 1588,1460 1633,1460 1678,1457 1723,1454 1768,1451 1812,1451 1857,1448 1902,1448 1947,1445 1992,1442 2036,1442 2081,1439 2126,1439 2171,1439 2216,1439 2260,1436 2305,1436 2350,1430 2395,1430 2440,1424 2484,1421 2529,1421 2574,1424"/>
                <TextEquiv>
                    <Unicode>The Land und herzliche Glückmünsche zum Einzug in das</Unicode>
                </TextEquiv>
            </TextLine>
            <TextLine id="tr_3_tl_5" custom="readingOrder {index:4;}">
                <Coords points="480,1544 716,1602 845,1547 2235,1577 2531,1530 2531,1448 483,1514"/>
                <Baseline points="495,1544 522,1544 567,1544 612,1541 657,1544 701,1544 746,1544 791,1544 836,1544 881,1544 925,1544 970,1544 1015,1544 1060,1547 1105,1547 1149,1547 1194,1550 1239,1550 1284,1550 1329,1550 1373,1550 1418,1547 1463,1547 1508,1547 1553,1544 1597,1544 1642,1544 1687,1544 1732,1541 1777,1538 1821,1538 1866,1535 1911,1535 1956,1535 2001,1532 2045,1529 2090,1529 2135,1526 2180,1526 2225,1526 2269,1523 2314,1520 2359,1517 2404,1514 2449,1514 2493,1511 2538,1517"/>
                <TextEquiv>
                    <Unicode>neue Haus, von dem vor hier viel Schönes gehört</Unicode>
                </TextEquiv>
            </TextLine>
            <TextLine id="tr_3_tl_6" custom="readingOrder {index:5;}">
                <Coords points="433,1673 2572,1632 2572,1566 2424,1514 1983,1588 1912,1536 436,1566"/>
                <Baseline points="451,1624 474,1627 519,1624 564,1618 609,1618 654,1615 698,1615 743,1618 788,1618 833,1618 878,1618 922,1618 967,1618 1012,1621 1057,1621 1102,1624 1146,1624 1191,1627 1236,1624 1281,1627 1326,1627 1370,1627 1415,1624 1460,1624 1505,1624 1550,1621 1594,1624 1639,1624 1684,1621 1729,1621 1774,1618 1818,1618 1863,1618 1908,1618 1953,1615 1998,1612 2042,1609 2087,1609 2132,1606 2177,1606 2222,1603 2266,1603 2311,1603 2356,1600 2401,1597 2446,1597 2490,1597 2535,1600 2580,1597"/>
                <TextEquiv>
                    <Unicode>haben. Wenn der Medorelno aufgeführt wird, kom¬</Unicode>
                </TextEquiv>
            </TextLine>
            <TextLine id="tr_3_tl_7" custom="readingOrder {index:6;}">
                <Coords points="461,1700 2402,1769 2583,1763 2586,1643 461,1665"/>
                <Baseline points="477,1690 483,1690 528,1693 573,1693 618,1693 663,1693 707,1693 752,1693 797,1696 842,1696 887,1693 931,1696 976,1693 1021,1699 1066,1699 1111,1699 1155,1702 1200,1702 1245,1702 1290,1705 1335,1705 1379,1705 1424,1705 1469,1705 1514,1705 1559,1702 1603,1699 1648,1702 1693,1702 1738,1702 1783,1705 1827,1702 1872,1702 1917,1699 1962,1699 2007,1696 2051,1693 2096,1693 2141,1693 2186,1690 2231,1690 2275,1690 2320,1690 2365,1684 2410,1681 2455,1684 2499,1684 2544,1681 2589,1684"/>
                <TextEquiv>
                    <Unicode>men wir nach Wien; über freue mich, mir dann</Unicode>
                </TextEquiv>
            </TextLine>
            <TextLine id="tr_3_tl_8" custom="readingOrder {index:7;}">
                <Coords points="469,1843 1305,1810 1371,1846 1552,1799 1709,1843 1895,1802 1895,1709 1643,1714 1574,1766 1500,1720 1028,1717 946,1758 889,1703 469,1700"/>
                <Baseline points="483,1783 528,1780 573,1780 618,1780 663,1783 707,1783 752,1780 797,1786 842,1786 887,1786 931,1786 976,1786 1021,1786 1066,1789 1111,1792 1155,1792 1200,1792 1245,1792 1290,1792 1335,1795 1379,1795 1424,1792 1469,1795 1514,1795 1559,1792 1603,1789 1648,1789 1693,1789 1738,1792 1783,1789 1827,1786 1872,1786 1902,1789"/>
                <TextEquiv>
                    <Unicode>auch Ihr Haus unsehen zu dürfen.</Unicode>
                </TextEquiv>
            </TextLine>
        </TextRegion>
        <TextRegion id="tr_1" custom="readingOrder {index:2;}">
            <Coords points="456,1801 2661,1801 2661,3232 456,3232"/>
            <TextLine id="tr_1_tl_1" custom="readingOrder {index:0;}">
                <Coords points="1012,1906 2504,1895 2627,1884 2630,1772 1012,1848"/>
                <Baseline points="1027,1881 1063,1875 1108,1878 1152,1875 1197,1878 1242,1878 1287,1881 1332,1881 1376,1878 1421,1878 1466,1878 1511,1878 1556,1878 1600,1878 1645,1875 1690,1875 1735,1875 1780,1872 1824,1869 1869,1872 1914,1866 1959,1866 2004,1866 2048,1866 2093,1863 2138,1863 2183,1863 2228,1863 2272,1860 2317,1857 2362,1857 2407,1851 2452,1854 2496,1851 2541,1854 2586,1854 2631,1857"/>
                <TextEquiv>
                    <Unicode>Ich kann sodann auf die Finge des Schutzes</Unicode>
                </TextEquiv>
            </TextLine>
            <TextLine id="tr_1_tl_2" custom="readingOrder {index:1;}">
                <Coords points="458,1958 2570,1961 2570,1881 2466,1868 897,1922 458,1848"/>
                <Baseline points="474,1956 516,1956 561,1959 606,1956 651,1956 695,1953 740,1953 785,1953 830,1950 875,1950 919,1950 964,1950 1009,1947 1054,1944 1099,1947 1143,1947 1188,1947 1233,1947 1278,1947 1323,1944 1367,1944 1412,1947 1457,1944 1502,1944 1547,1941 1591,1938 1636,1938 1681,1941 1726,1941 1771,1941 1815,1941 1860,1938 1905,1938 1950,1935 1995,1938 2039,1938 2084,1938 2129,1938 2174,1938 2219,1935 2263,1932 2308,1929 2353,1926 2398,1923 2443,1917 2487,1917 2532,1917 2577,1917"/>
                <TextEquiv>
                    <Unicode>in Ungarn noch einmal zurück, nachdem ich mich auch</Unicode>
                </TextEquiv>
            </TextLine>
            <TextLine id="tr_1_tl_3" custom="readingOrder {index:2;}">
                <Coords points="466,2054 2564,2029 2564,1972 2400,1942 469,1977"/>
                <Baseline points="483,2036 507,2033 552,2030 597,2028 642,2028 686,2028 731,2028 776,2030 821,2028 866,2030 910,2030 955,2030 1000,2030 1045,2028 1090,2028 1134,2025 1179,2028 1224,2025 1269,2028 1314,2025 1358,2028 1403,2028 1448,2030 1493,2028 1538,2025 1582,2025 1627,2022 1672,2022 1717,2022 1762,2022 1806,2019 1851,2019 1896,2016 1941,2016 1986,2016 2030,2016 2075,2016 2120,2016 2165,2016 2210,2016 2255,2013 2299,2010 2344,2010 2389,2010 2434,2007 2479,2007 2523,2010 2568,2010"/>
                <TextEquiv>
                    <Unicode>an anderer Stelle noch einmal über die einschlügigen</Unicode>
                </TextEquiv>
            </TextLine>
            <TextLine id="tr_1_tl_4" custom="readingOrder {index:3;}">
                <Coords points="469,2123 2559,2109 2512,2018 472,2057"/>
                <Baseline points="483,2117 504,2117 549,2114 594,2111 639,2111 683,2108 728,2108 773,2108 818,2108 863,2108 907,2108 952,2108 997,2108 1042,2111 1087,2114 1131,2114 1176,2111 1221,2111 1266,2111 1311,2111 1355,2111 1400,2111 1445,2108 1490,2108 1535,2105 1579,2105 1624,2102 1669,2102 1714,2105 1759,2102 1804,2102 1848,2096 1893,2096 1938,2096 1983,2096 2028,2096 2072,2093 2117,2093 2162,2093 2207,2093 2252,2090 2296,2087 2341,2084 2386,2084 2431,2084 2476,2084 2520,2081 2565,2084"/>
                <TextEquiv>
                    <Unicode>Verhältnisse erkundigt habe. Die Dinge weshalten sich</Unicode>
                </TextEquiv>
            </TextLine>
            <TextLine id="tr_1_tl_5" custom="readingOrder {index:4;}">
                <Coords points="458,2246 2608,2216 2608,2106 631,2167 458,2112"/>
                <Baseline points="474,2207 507,2207 552,2201 597,2198 642,2198 686,2195 731,2195 776,2192 821,2192 866,2192 910,2192 955,2192 1000,2195 1045,2195 1090,2192 1134,2195 1179,2195 1224,2195 1269,2195 1314,2195 1358,2195 1403,2192 1448,2192 1493,2189 1538,2189 1582,2186 1627,2183 1672,2183 1717,2183 1762,2183 1806,2183 1851,2180 1896,2180 1941,2183 1986,2177 2030,2177 2075,2177 2120,2177 2165,2174 2210,2177 2255,2174 2299,2174 2344,2174 2389,2174 2434,2174 2479,2177 2523,2177 2568,2174 2613,2171"/>
                <TextEquiv>
                    <Unicode>so, wie uns dem Gutachten des Dr. Oith zu ersehen ist.</Unicode>
                </TextEquiv>
            </TextLine>
            <TextLine id="tr_1_tl_6" custom="readingOrder {index:5;}">
                <Coords points="450,2298 2512,2304 2605,2298 2608,2219 450,2241"/>
                <Baseline points="465,2290 507,2281 552,2278 597,2278 642,2275 686,2275 731,2275 776,2275 821,2272 866,2275 910,2272 955,2275 1000,2275 1045,2272 1090,2272 1134,2272 1179,2275 1224,2275 1269,2272 1314,2275 1358,2272 1403,2272 1448,2269 1493,2269 1538,2269 1582,2266 1627,2266 1672,2266 1717,2266 1762,2266 1806,2266 1851,2266 1896,2263 1941,2260 1986,2257 2030,2257 2075,2255 2120,2252 2165,2252 2210,2249 2255,2249 2299,2249 2344,2252 2389,2252 2434,2255 2479,2257 2523,2255 2568,2257 2613,2260"/>
                <TextEquiv>
                    <Unicode>Ich bin in meiner Praxis noch nicht in der Lage gewesen,</Unicode>
                </TextEquiv>
            </TextLine>
            <TextLine id="tr_1_tl_7" custom="readingOrder {index:6;}">
                <Coords points="455,2370 2636,2348 2232,2257 458,2301"/>
                <Baseline points="471,2353 489,2353 534,2350 579,2347 624,2347 669,2344 713,2347 758,2347 803,2347 848,2344 893,2344 937,2344 982,2344 1027,2347 1072,2350 1117,2347 1161,2347 1206,2347 1251,2347 1296,2347 1341,2347 1385,2344 1430,2344 1475,2344 1520,2344 1565,2341 1609,2341 1654,2344 1699,2344 1744,2341 1789,2341 1833,2338 1878,2338 1923,2335 1968,2329 2013,2329 2057,2326 2102,2323 2147,2323 2192,2323 2237,2323 2281,2323 2326,2326 2371,2326 2416,2326 2461,2329 2505,2329 2550,2332 2595,2335 2640,2335"/>
                <TextEquiv>
                    <Unicode>mich mit dieser Fuge zu befassen, denn Übersetzungen</Unicode>
                </TextEquiv>
            </TextLine>
            <TextLine id="tr_1_tl_8" custom="readingOrder {index:7;}">
                <Coords points="466,2444 1788,2474 2611,2433 2633,2370 469,2378"/>
                <Baseline points="480,2431 486,2428 531,2428 576,2422 621,2422 666,2419 710,2416 755,2416 800,2416 845,2416 890,2419 934,2419 979,2419 1024,2419 1069,2419 1114,2419 1158,2425 1203,2425 1248,2425 1293,2425 1338,2425 1382,2425 1427,2422 1472,2422 1517,2425 1562,2422 1606,2422 1651,2422 1696,2422 1741,2422 1786,2422 1830,2422 1875,2422 1920,2419 1965,2416 2010,2413 2054,2410 2099,2404 2144,2401 2189,2398 2234,2395 2278,2395 2323,2395 2368,2395 2413,2395 2458,2395 2502,2395 2547,2395 2592,2401 2637,2407"/>
                <TextEquiv>
                    <Unicode>in's Ungarische gehören glücklicherweise zu den nicht alltig¬</Unicode>
                </TextEquiv>
            </TextLine>
            <TextLine id="tr_1_tl_9" custom="readingOrder {index:8;}">
                <Coords points="447,2537 2446,2512 2616,2485 2616,2424 447,2466"/>
                <Baseline points="462,2505 471,2502 516,2502 561,2499 606,2499 651,2496 695,2496 740,2496 785,2496 830,2496 875,2496 919,2496 964,2496 1009,2496 1054,2493 1099,2496 1143,2496 1188,2499 1233,2499 1278,2496 1323,2496 1367,2496 1412,2496 1457,2493 1502,2496 1547,2493 1591,2493 1636,2496 1681,2493 1726,2496 1771,2496 1815,2496 1860,2496 1905,2496 1950,2496 1995,2493 2039,2490 2084,2487 2129,2484 2174,2484 2219,2484 2263,2484 2308,2481 2353,2479 2398,2479 2443,2479 2487,2479 2532,2479 2577,2479 2622,2484"/>
                <TextEquiv>
                    <Unicode>lichen freignissen Freilich bei einem Theaterstück, das Erfolg</Unicode>
                </TextEquiv>
            </TextLine>
            <TextLine id="tr_1_tl_10" custom="readingOrder {index:9;}">
                <Coords points="455,2625 2608,2592 2608,2485 458,2523"/>
                <Baseline points="474,2577 510,2577 555,2577 600,2574 645,2577 689,2577 734,2577 779,2577 824,2574 869,2574 913,2574 958,2571 1003,2571 1048,2571 1093,2571 1137,2571 1182,2574 1227,2577 1272,2574 1317,2574 1361,2571 1406,2571 1451,2571 1496,2571 1541,2571 1585,2571 1630,2571 1675,2568 1720,2568 1765,2568 1809,2568 1854,2568 1899,2568 1944,2568 1989,2565 2033,2565 2078,2562 2123,2559 2168,2559 2213,2559 2257,2559 2302,2556 2347,2556 2392,2556 2437,2553 2481,2553 2526,2553 2571,2556 2616,2559"/>
                <TextEquiv>
                    <Unicode>gehabt hat, liegt die Gefahr einer unberechtigten Übersetzung</Unicode>
                </TextEquiv>
            </TextLine>
            <TextLine id="tr_1_tl_11" custom="readingOrder {index:10;}">
                <Coords points="461,2679 2466,2671 2625,2605 461,2625"/>
                <Baseline points="477,2649 480,2646 525,2649 570,2652 615,2649 660,2649 704,2649 749,2646 794,2643 839,2643 884,2640 928,2640 973,2637 1018,2634 1063,2631 1108,2631 1152,2634 1197,2640 1242,2640 1287,2640 1332,2640 1376,2640 1421,2640 1466,2640 1511,2640 1556,2640 1600,2640 1645,2640 1690,2637 1735,2640 1780,2640 1824,2640 1869,2640 1914,2637 1959,2637 2004,2637 2048,2634 2093,2634 2138,2634 2183,2628 2228,2628 2272,2631 2317,2628 2362,2628 2407,2631 2452,2637 2496,2637 2541,2637 2586,2640 2631,2640"/>
                <TextEquiv>
                    <Unicode>unhe genug. Es wird sich also darum handeln, ob sich für ihre</Unicode>
                </TextEquiv>
            </TextLine>
            <TextLine id="tr_1_tl_12" custom="readingOrder {index:11;}">
                <Coords points="453,2734 2605,2748 2657,2641 453,2674"/>
                <Baseline points="468,2720 513,2717 558,2717 603,2720 648,2720 692,2720 737,2720 782,2720 827,2717 872,2717 916,2717 961,2714 1006,2714 1051,2708 1096,2708 1140,2711 1185,2711 1230,2711 1275,2711 1320,2714 1364,2714 1409,2711 1454,2708 1499,2711 1544,2711 1588,2711 1633,2708 1678,2711 1723,2711 1768,2711 1812,2711 1857,2708 1902,2706 1947,2706 1992,2708 2036,2706 2081,2706 2126,2706 2171,2706 2216,2706 2260,2706 2305,2706 2350,2706 2395,2706 2440,2706 2484,2708 2529,2714 2574,2717 2619,2723 2661,2726"/>
                <TextEquiv>
                    <Unicode>Dumutische Produktion mit einem ungarischen Übersetzer</Unicode>
                </TextEquiv>
            </TextLine>
            <TextLine id="tr_1_tl_13" custom="readingOrder {index:12;}">
                <Coords points="444,2817 2614,2819 2641,2764 1072,2712 444,2773"/>
                <Baseline points="459,2804 504,2804 549,2804 594,2804 639,2804 683,2807 728,2807 773,2804 818,2804 863,2804 907,2801 952,2798 997,2795 1042,2795 1087,2795 1131,2795 1176,2795 1221,2795 1266,2795 1311,2792 1355,2792 1400,2792 1445,2789 1490,2789 1535,2789 1579,2789 1624,2789 1669,2792 1714,2789 1759,2792 1804,2792 1848,2789 1893,2786 1938,2786 1983,2786 2028,2783 2072,2783 2117,2780 2162,2780 2207,2780 2252,2780 2296,2780 2341,2780 2386,2780 2431,2783 2476,2786 2520,2792 2565,2798 2610,2804 2649,2810"/>
                <TextEquiv>
                    <Unicode>ein Abkauen treffen lässt, wonach innerhalb von 6 Monaten</Unicode>
                </TextEquiv>
            </TextLine>
            <TextLine id="tr_1_tl_14" custom="readingOrder {index:13;}">
                <Coords points="439,2913 2627,2899 2627,2822 2413,2784 442,2860"/>
                <Baseline points="456,2897 483,2894 528,2891 573,2888 618,2891 663,2891 707,2888 752,2888 797,2888 842,2885 887,2882 931,2879 976,2876 1021,2876 1066,2873 1111,2873 1155,2870 1200,2870 1245,2870 1290,2870 1335,2870 1379,2870 1424,2864 1469,2861 1514,2864 1559,2864 1603,2867 1648,2867 1693,2870 1738,2870 1783,2870 1827,2870 1872,2867 1917,2867 1962,2867 2007,2864 2051,2864 2096,2861 2141,2861 2186,2858 2231,2855 2275,2852 2320,2855 2365,2855 2410,2855 2455,2855 2499,2858 2544,2861 2589,2870 2634,2876"/>
                <TextEquiv>
                    <Unicode>nach Erscheinen des Origimals eine Übersetzung beim Handels¬</Unicode>
                </TextEquiv>
            </TextLine>
            <TextLine id="tr_1_tl_15" custom="readingOrder {index:14;}">
                <Coords points="463,3014 2257,2937 2649,2992 2649,2902 2444,2860 2049,2926 466,2904"/>
                <Baseline points="480,2971 504,2971 549,2971 594,2968 639,2968 683,2965 728,2962 773,2962 818,2959 863,2956 907,2959 952,2956 997,2956 1042,2953 1087,2953 1131,2953 1176,2953 1221,2953 1266,2953 1311,2953 1355,2950 1400,2947 1445,2944 1490,2944 1535,2941 1579,2944 1624,2944 1669,2944 1714,2947 1759,2944 1804,2944 1848,2947 1893,2944 1938,2944 1983,2941 2028,2944 2072,2944 2117,2941 2162,2941 2207,2938 2252,2935 2296,2935 2341,2935 2386,2941 2431,2941 2476,2947 2520,2950 2565,2953 2610,2965 2655,2968"/>
                <TextEquiv>
                    <Unicode>ministerium in Badeplat deponiert und in die Schutzvolle</Unicode>
                </TextEquiv>
            </TextLine>
            <TextLine id="tr_1_tl_16" custom="readingOrder {index:15;}">
                <Coords points="466,3063 680,3113 891,3044 2309,3006 2564,3066 2614,2973 466,3017"/>
                <Baseline points="480,3052 513,3052 558,3052 603,3049 648,3049 692,3046 737,3046 782,3046 827,3043 872,3040 916,3040 961,3037 1006,3034 1051,3034 1096,3034 1140,3031 1185,3034 1230,3034 1275,3034 1320,3031 1364,3028 1409,3025 1454,3022 1499,3019 1544,3019 1588,3019 1633,3019 1678,3022 1723,3022 1768,3019 1812,3016 1857,3016 1902,3016 1947,3016 1992,3013 2036,3016 2081,3013 2126,3013 2171,3007 2216,3007 2260,3004 2305,3004 2350,3007 2395,3007 2440,3010 2484,3013 2529,3019 2574,3022 2619,3031"/>
                <TextEquiv>
                    <Unicode>eingetragen werden kann? Ich halte es für sehr schwierig</Unicode>
                </TextEquiv>
            </TextLine>
            <TextLine id="tr_1_tl_17" custom="readingOrder {index:16;}">
                <Coords points="455,3157 2320,3126 2592,3105 2594,3019 455,3085"/>
                <Baseline points="471,3127 495,3127 540,3127 585,3127 630,3127 675,3127 719,3127 764,3124 809,3124 854,3121 899,3118 943,3115 988,3112 1033,3112 1078,3112 1123,3112 1167,3112 1212,3112 1257,3112 1302,3112 1347,3109 1391,3106 1436,3103 1481,3100 1526,3097 1571,3094 1615,3094 1660,3094 1705,3094 1750,3094 1795,3094 1839,3094 1884,3091 1929,3091 1974,3091 2019,3094 2063,3091 2108,3088 2153,3085 2198,3079 2243,3076 2287,3076 2332,3076 2377,3079 2422,3079 2467,3082 2511,3085 2556,3088 2601,3091"/>
                <TextEquiv>
                    <Unicode>eine solche Verbindung anzubühnen, weil ein befähigter</Unicode>
                </TextEquiv>
            </TextLine>
            <TextLine id="tr_1_tl_18" custom="readingOrder {index:17;}">
                <Coords points="491,3228 836,3283 1341,3195 1739,3181 1835,3247 2334,3179 2471,3236 2589,3220 2594,3105 494,3143"/>
                <Baseline points="507,3222 537,3219 582,3216 627,3216 672,3219 716,3219 761,3219 806,3216 851,3216 896,3213 940,3207 985,3207 1030,3207 1075,3207 1120,3204 1164,3204 1209,3201 1254,3201 1299,3195 1344,3195 1388,3192 1433,3192 1478,3189 1523,3186 1568,3186 1612,3183 1657,3180 1702,3180 1747,3180 1792,3177 1836,3174 1881,3174 1926,3177 1971,3174 2016,3171 2060,3171 2105,3171 2150,3165 2195,3162 2240,3162 2284,3159 2329,3157 2374,3159 2419,3159 2464,3159 2508,3162 2553,3165 2598,3171"/>
                <TextEquiv>
                    <Unicode>Litterat sich nicht ohne weiteres dazu herbeilassen und</Unicode>
                </TextEquiv>
            </TextLine>
        </TextRegion>
    </Page>
</PcGts>
