2728 3319
830 325 1136 570 dans
510 595 1216 748 Mein lieber Herr Fischer,
678 690 2366 833 ich werde nicht imstande sein, die beiden Stücke Schnitzlers
440 780 2304 913 „Liebelai„ und „Freimild. für den amerikanischen Markt zu verwerten.
443 863 2354 1028 beide Stücke beschäftigen sich in wesentlicher Art mit dem Duell, und
440 965 2306 1073 da dieses in den Gebräuchen Amerikas keine Rolle spielt, werden die
443 1003 2451 1186 Stücke für unser Publikum nicht von Interesse sein. Ich möchte indessen
440 1143 2349 1266 meine Bewunderung aussprechen für die ausgezeichnete Schreibweise und
445 1233 2439 1358 Charakterzeichnung Schnitzlers. Sein Werk regt hoch über die zeitgenössi-
445 1328 2384 1478 schen Autoren.- Ich würde gern alles andere von ihm haben. Ich möchte¬
455 1403 2311 1536 diesen beiden Bücher nur für meine Bibliothek behalten und bitte Sie
440 1513 1456 1653 mir eine Rechnung darüber zu senden.
650 1598 2386 1731 Wasden „Ruf des Lebens“ betrifft, so möchte ich es behalten. Es
1053 1676 1136 1723 G.H.
1206 1668 1353 1723 G.C.H.F.S
458 1646 2384 1801 ist ein glänzend geschriebenes Stück, und obgleich ziemlich schwer für
460 1746 2351 1896 unser Publikum, eins von dem ich glaube, dass es Beifall finden würde
465 1838 2136 2011 wenn ich eine Künstlerin für die Rolle der Maria finden kann.
1231 1963 1608 2054 Ihre ergebene
1388 1993 1811 2164 gez. A. Kaiser
