2908 3688
2298 128 2452 276 4
1840 588 1950 714 xx
1439 664 1572 760 355
815 736 2124 882 S. FISCHER,VERLAG, BERLIN W., BÜLowSTR. -90
1401 919 2044 1077 BERene W., DEN, 5/6. 1915
1046 1239 1835 1349 Herrn Dr. Arthur Schnitzler,
1781 1322 1932 1414 Wien
947 1534 1348 1632 Lieber Freund,
1109 1632 2234 1737 wir haben davon Notiz genommen, dass Sie
990 1726 2238 1828 80 Exemplare der Vorzugsexemplare von "Geroni
1793 1791 1932 1843 autre
992 1812 2239 1924 mo“ an Heller geliefert haben; die Abrechnung
994 1892 2210 2033 mit Heller besorgen wir, während Sie die Ab-
999 2009 2246 2108 rechnung der Vorzugsexemplare übernehmen, die
1002 2087 2166 2194 Sie verkaufen. Können Sie von den 40 Exem-
1008 2179 2231 2296 plaren, die Sie noch haben, 20 entbehren, so
1018 2278 2228 2379 wäre es für uns nicht schwer, sie beim deut¬
1015 2359 1898 2509 schen Buchhandel unterzubringen.
1153 2453 2262 2579 Die Korrekturen von Spamer haben Sie in¬
1016 2535 2268 2648 zwischen bekommen. Barnowsky hat ein komplet-
1033 2640 2259 2757 tes Exemplar der Fahnenabzüge in Händen. Von
580 3105 661 3277 F. 121
