2646 3559
296 268 939 433 S. Fischer, Verlag, Berlin,
1135 293 1261 411 190
1726 287 1821 438 re
1952 291 2254 442 Blatt g.
485 607 2180 740 dass es in jeder Beziehung vorteilhafter wäre, diesen Roman im
474 747 2292 889 nächsten Jahr in der billigen Ausgabe in der Bibliothek zu bringen.
614 842 2227 934 Novellenbände haben naturgemäss in der Bibliothek eins weit
490 907 2222 1015 geringere Verbreitung. Können Sie sich aber nicht entschliessen,
481 986 2259 1121 mir "Bertha Garlan" für die Bibliothek freizugeben, so bin ich na-
481 1092 1744 1223 türlich auch mit einem Novallenband zufrieden.
600 1187 2297 1315 Ich mache darauf aufmerksam, dass neben der Bibliothek-Ausgabe
481 1279 2229 1421 auch noch die alte Ausgabe bestehen bleibt; der Absatz geht dann
476 1338 1679 1496 aber naturgemäss auf über die Hälfte zurück.
767 1453 1297 1602 Mit besten Grüssen
1277 1552 1654 1685 Ihr ergebener
1480 1647 1976 1909 S. Fischer
