2659 3511
782 613 2060 765 S. FISCHER, VERLAG,’ BERLIN W.,„ BÜLowSTR. 90
1169 732 1656 850 THEATERABTEILUNG
1350 900 2086 1025 BERene W., DEN 20. Februar 09
1674 965 1773 1011 G.C.H.P.
1677 1005 1756 1075 G.C.P.
1006 1169 1686 1290 Herrn Dr. Arthur Schnitzler
1692 1251 1983 1348 Wien XVIII
1691 1321 2062 1443 Spöttelgasse 7
844 1448 1342 1564 Lieber Herr Doktor.
970 1514 2101 1675 wir haben es beim Landestheater in Prag nicht
825 1624 2168 1754 erreichen können, dass zu „Komtesse Mizzi“ ein anderes
811 1722 2055 1831 Stück von Ihnen gespielt wird, um die Sache nicht
815 1812 2151 1927 scheitern zu lassen, mussten wir von dieser Bedingung
809 1899 2137 2045 absehen. Mit diesem Theater sind Verhandlungen über¬
823 2000 2197 2113 haupt äusserst schwierig, Tantiemen-Garantien sind dort
825 2105 1506 2214 prinzipiell ausgeschlossen.
970 2185 2065 2327 Leipzig hat von uns die Bühnenexemplare von
828 2300 2161 2421 „Komtesse Mizzi“ mit den aufgegebenen Strichen bekom¬
828 2387 2096 2495 men, wenn dort davon abgewichen wurde, ist es ohne
820 2488 1496 2594 unsere Kenntnis geschehen.
953 2574 2110 2717 Ueber miss Alice Kaiser habe ich bisher nicht
