2579 3512
675 814 1960 932 geht, das hat Herr Dr. Entsch bestätigt; er behaup¬
685 889 1954 1023 tet, dass Sie nicht geschädigt seien. Dennoch halte
686 974 1920 1109 ich es für richtig, dass auch Ihr Gonto revidiert
688 1082 1923 1197 wird. Herr Bloch ist zu einer solchen Revision ja
693 1165 1952 1277 nicht verpflichtet, da er aber den gesamten Fundus
701 1287 1885 1382 übernommen hat, wird er sich dieser Arbeit wohl
699 1379 1860 1461 unterziehen. Sobald ich etwas Näheres erfahre,
706 1470 1162 1558 hören Sie von mir.
830 1521 1920 1652 Wie dem auch sei: da eine Entschädigung nur
707 1628 1963 1742 aus einem Drittel der zurückvergüteten Provisionen
712 1706 1992 1828 erfolgt, so sind Sie auch in meinem Verlag schadlos
722 1821 1906 1939 gehalten durch die Tatsache, dass ich Ihnen nur
720 1892 1933 2035 7 % berechne, während Bloch 10 % erhebt. Und für
720 2003 1992 2101 den ausfallenden Betrag von M. 304,35 für das Quar-
725 2101 1928 2208 tal Juli-September habe ich Ihnen ja eine Vergü-
731 2179 1769 2305 tung durch meine Provisionen zugesichert.
860 2292 1328 2385 Mit besten Grüssen
1346 2364 1700 2465 Ihr ergebener
1263 2429 1735 2682 S. Fischer
