2673 3739
1223 416 1381 534 236
909 479 1989 650 S. Fischer, Verlag, Berlin W., Bülowstraße 90
1665 631 2023 768 3. Jan. 1911
904 1045 1672 1184 Herrn Dr. Arthur Schnitzler
1646 1145 1834 1260 Wien
617 1320 1348 1459 Sehr geehrter Herr Doktor,
731 1401 2493 1568 unsere Verträge bezüglich des "Weiten-Land" haben den Termin von
631 1524 2428 1653 der Uraufführung in Wien oder Berlin abhängig gemacht, so dass die
631 1626 1623 1760 Verschiebung sich von selbst ergibt.
735 1672 2414 1832 Den anliegenden Brief von Miss Kaiser zu Ihrer Kenntnisnahme.
631 1790 2491 1936 Wir haben ihr den Vertrag soeben gekündigt. Sie hat in diesem Briefe
641 1878 2486 1996 vermieden, auf die Angelegenheit, die ich mit Ihnen besprochen habe,
641 1998 2470 2095 einzugehen, so dass ich ohne weiteres annehmen kann, dass sie nicht
638 2077 2467 2243 alle Ihre Dramen übersetzen liess, wozu sie kontraktlich verpflich-
652 2178 874 2278 tet war.
752 2213 2465 2377 Was Ihnen da von Sliwinskis Wunderkraft in Amerika hinterbracht
650 2336 2447 2456 wurde, ist Flunkerei. Gewöhnlich, wenn ein Stück einen Erfolg hat,
645 2456 2407 2548 missbraucht Sliwinski die Leichtgläubigkeit eines Berliner Herrn
664 2516 2484 2643 (ich glaube ihn zu kennen, er macht sich gern wichtig, um Beziehun-
654 2613 2458 2733 gen anzuknüpfen), der auf diese Weise, ich weiss nicht, ob bewusst
659 2687 2396 2826 oder unbewusst, als Vorspann zur Heranziehung von Autoren dient.
654 2787 2511 2939 bahrs "Konzert" wäre in Amerika auch ohne Sliwinski gespielt worden.
659 2884 2523 3025 Dass Ahn es für Amerika Sliwinski übergeben hat, ist ein Beweis, dass
668 2969 2521 3090 er nicht mit grosser Umsicht die Interessen seiner Autoren vertritt.
765 3048 2421 3182 In Amerika gibt es etwa 7 deutsche Theater, die ernsthaft in
661 3124 2488 3254 Betracht kommen. Warum soll eines dieser Theater Herrn Sliwinski zu-
668 3233 2396 3383 liebe ein Stück aufführen? warum soll er da mehr vermögen? Ich
