2256 3527
1135 255 1353 382 212
1002 365 1178 471 206
585 572 1886 726 kopf + Härtel bezüglich des Textbuches der „Versun¬
592 686 1747 836 kenen Glocke", die von Zöllner komponiert ist.
1153 743 1393 808 Geschäften
783 764 1951 902 it Herrn Linden habe ich das Nötige veranlasst,
473 823 744 924 Das Haus Nr. N.P.
607 862 1921 996 sein Brief liegt bei. Ich lege auch den Vertrag über
607 934 1898 1110 die von Entsch übernommenen Stücke bei und bitte um
483 1034 587 1123 G.H.F.P.
614 1053 1933 1180 Entschuldigung, dass es nicht schon früher geschehen
598 1142 724 1200 Pour Vous
1616 1163 1693 1230 leur
1460 1155 1546 1242 G.F.P.
612 1167 830 1250 ist.
593 1158 1396 1319 xxx wahnsdenevole dimab eie do
734 1230 1951 1353 Den anliegenden Brief von Valentin aus Budapest
759 1245 989 1289 B.F.T.V.S.
622 1309 1882 1447 erledigen Sie wohl direkt. Falls Sie mit Valentin
630 1400 1939 1564 abschliessen, rate ich Ihnen dringend, auf eine vor-
634 1497 1980 1623 aus zu zahlende Garantiesumme von mindestens 500 Mark
645 1587 1978 1740 zu bestehen. Die Tantiemen müssten wohl am besten ge-
642 1681 1981 1827 teilt: werden; und zwar so, dass die Kosten der Ueber-
640 1785 1757 1896 setzung zu Lasten des Herrn Valentin gehen.
778 1815 1983 2006 Ich übermittele Ihnen gleichzeitig eine Anfrage
655 1978 1537 2099 wegen der Aufführung des „Reigen.“
867 2062 1343 2193 Mit vielen Grüssen
1361 2142 1730 2250 Ihr ergebener
1351 2204 1965 2369 Tfischen
650 2305 1965 2498 P. S. Die Anfrage aus Krakau möchte ich dahin beant¬
657 2442 2006 2580 worten, dass ich für die Autorisation der vier Ueber-
