2585 3512
648 690 1358 783 klagen können. Wir könne ja
1369 691 1677 793 nicht wissen
1764 701 1946 818 us wel-
549 716 1358 822 sich nur xxxamm ni xxxeixom
1368 758 1673 828 erb dorab.
660 817 1956 907 ohem Grunde die Kaiser der Angelegenheit nicht näher
615 848 1809 915 die Ihr aann einJärrygöd aen xxx anbezahlung und xxx
643 885 1967 977 getreten ist, ich vermute, dass sie „Das Vermächtnis“
725 950 1802 1014 .neblew Omsiegnte nedsnok lews nov musigres
655 987 1862 1074 schon längst selber übersetzen liess. Sie hat ja
653 1045 1882 1154 nach dem Vertrag ein Recht dazu. Ich werde sofort
648 1162 1879 1259 in New-York anfragen; auch über die Angelegenheit
653 1252 1941 1349 der Miss Grey. Sie wissen ja, dass Miss Kaiser wie¬
650 1328 1977 1426 derholt Versprechungen gemacht wurden, dass schliess-
648 1425 1909 1540 lich keiner etwas von der Sache wissen wollte, und
648 1518 1900 1632 vor allem, dass eine rechtliche Unterlage zu einer
633 1615 1082 1718 Forderung fehlt.
818 1710 1882 1810 Es wird ohne Schwierigkeiten und auch ohne
633 1800 1927 1909 Extrakosten zu machen sein, dass wir den Satz Ihres
643 1884 1700 1997 neuen pramas bis zum Herbst stehen lassen.
867 1972 1334 2091 Mit vielen Grüssen
1473 1999 1615 2086 Ihr
1354 2086 1829 2183 F. Fischer
653 2161 1961 2301 P. S. Ich mache Sie darauf aufmerksam, dass wir ver-
640 2310 1907 2422 pflichtet sind, Miss Kanser Ihre neuen Stücke zwei
1119 2371 1309 2430 A.W.S
630 2370 1954 2480 Monate vor Erscheinen zuzusenden, damit sie das Copy-
631 2470 1936 2590 right besorgt. Miss Kaiser lässt die Bücher drucken.
623 2568 1964 2692 weil sie behauptet, ein ausreichender Schutz existie-
