2929 3495
525 447 770 547 brieflicher
934 736 1722 886 Hochverehrter Herr College!
710 877 2338 1032 Gegenwärtig mit den Vorbereitungen zur vollständigen Umarbeitung und Weiterführung
556 952 2341 1095 der von Herrn R. Goette und mir im Jahre 1890 gemeinschaftlich veröffentlichten „Geschichte
567 990 2345 1168 der deutschen Literatur von Goethe’s Tode bis zur Gegenwart“ beschäftigt, wende ich mich
572 1050 2345 1213 auch an Sie mit der Bitte, mein Vorhaben durch freundliche Berücksichtigung der nachstehend
581 1164 1598 1295 näher bezeichneten Anliegen gütigst fördern zu wollen.
728 1141 2352 1319 Ich richte nun zunächst das Ersuchen an Sie, mir entweder direkt oder durch Auftrag
581 1217 2354 1362 an den Verleger diejenigen Ihrer einschlägigen Werke zukommen zu lassen, die seit dem Jahre
594 1266 2387 1428 1890 erschienen sind, soweit sie Ihnen selbst zur Beurtheilung Ihres künstlerischen Schaffens in
594 1317 2361 1495 seiner Gesammtheit wesentlich scheinen, da es erklärlicher Weise für einen Privatmann eine Sache
599 1397 2365 1553 der Unmöglichkeit ist, aus eignen Mitteln käuflich alle die Werke zu beschaffen, die bei Be¬
599 1451 2370 1591 arbeitung einer Literatur-Geschichte Anspruch auf Berücksichtigung haben. Da es sich im vor¬
610 1493 2372 1664 liegenden Falle nicht um eigentliche Recensionsexemplare, sondern lediglich um das erforderliche
610 1564 2381 1736 Unterlags-Materiel zur einheitlichen Gesammtbeurtheilung eines Autors ohne die Verpflichtung
614 1620 2383 1778 zur Besprechung oder Namhaftmachung aller einzelnen Werke handelt, so bin ich eventuell bereit,
621 1671 2381 1827 die Bücher nach erfolgter Benutzung Ihnen wieder zur Disposition zu stellen. Ich bitte jedoch
623 1718 2387 1907 mir einen dahingehenden Wunsch sofort bei Uebersendung der Bücher bekannt geben zu wollen.
761 1784 2394 1916 Ferner würde ich Ihnen für den Fall, dass Sie die 1. Auflage meiner Literatur-Geschichte
630 1831 2392 2000 bereits kennen sollten, sehr verbunden sein, wenn Sie mich freundlichst auf etwa vorhandene und
627 1896 2399 2069 von Ihnen bemerkte sachliche Irrthümer, wie solche ja bei jeder 1. Auflage vorzukommen pflegen,
632 1949 2405 2107 aufmerksam machen und mir des Weiteren mittheilen wollten, welche Intentionen Sie bei Ihrem
641 2014 2405 2172 poetischen Schaffen vorzugsweise verfolgen und welche Stellung Sie persönlich zu den literarischen
641 2054 2407 2225 Stromungen der Gegenwart einnehmen. Gewiss liegt es im Interesse beider Theile, wenn der
641 2127 2412 2281 literarhistoriker, unbeschadet der Selbständigkeit seines Urtheils, vom Dichter in möglichster Kürze
647 2183 2419 2330 und Sachlichkeit erfährt, aus welchem Gesichtswinkel letzterer sein Schaffen betrachtet zu sehen
650 2218 2427 2401 wünscht. Auch brauche ich wohl nicht hinzuzufügen, dass für mich natürlich einzig und allein
652 2285 2423 2448 der künstlerische Werth der zu beurtheilenden Schöpfungen in Frage kommt, gleichviel welcher
799 2365 2436 2559 Zum Schlusse bemerke ich noch, dass die 1. Auflage des Buches, die in 2500 Exemplaren
661 2405 1437 2514 Gruppe oder Partei ein Dichter angehört.
659 2461 2441 2626 erschien, bereits seit Jahren vollständig vergriffen ist und dass die Neubearbeitung im Hinblick
663 2499 2452 2699 auf thunlichst weite Verbreitung durch eine wohlfeile Ausgabe voraussichtlich in einer noch
805 2592 2463 2788 Für freundliche — und zwar möglichst baldige — Berücksichtigung der oben geäusserten
668 2621 1509 2739 wesentlich höheren Auflage erscheinen wird.
674 2746 1482 2888 Wünsche im Voraus verbindlichst dankend,
1270 2792 1865 2944 mit vorzüglichster Hochachtung
837 2924 1522 3066 DRESDEN-BLASKWITZ, Weststrasse 2,
1898 2901 2330 3050 Paul Heinze.
1046 3013 1322 3122 im Juni 1900.
