2216 3480
1178 253 1339 335 212
663 642 1850 771 einen Leinenband, der nicht mehr wie eine Mark
669 735 1901 872 kosten darf, können wir nicht entbehren. Daneben
671 819 1919 977 bin ich gern bereit, einen Lederband, wie den für
681 920 1940 1049 den „Molech", herzustellen (auch von „Melech“ sind
681 1020 1782 1122 Leinen- und Lederbände angefertigt worden).
752 1069 1951 1218 Das Manuscript fürs Februarheft bitte ich spä¬
687 1179 1866 1312 testens gegen Mitte nächster Woche an Drugulin
679 1286 1885 1393 zun Satz zu schicken, und auch für die Zukunft
663 1366 1885 1503 freundlichst das Manuscript immer gegen den 15.
674 1482 1477 1606 an die Druckerei einzuliefern.
727 1525 1962 1699 Von Frank Washburn habe ich einen sehr einge-
692 1645 1954 1785 henden Bericht über die augenblicklichen Theater-
690 1745 1898 1862 verhältnisse in England bekommen, ich lege dem
708 1834 1986 1954 Brief, der Sie interessieren wird, zu Ihrer Kennt-
717 1930 1916 2053 nisnahme und Rückäusserung bei. Ich lege ferner
736 1994 1960 2132 einen heute aus England eingetroffenen Brief be
708 2066 1987 2233 züglich der „Frage an das Schicksal“ bei und
714 2190 1460 2322 auch darüber um Information.
982 2276 1492 2413 Mit besten Grüssen
1503 2330 1857 2474 Ihr ergebener
1457 2462 1928 2638 S. Fischer
1250 3034 1818 3234 and in the
1901 3074 2193 3215 affaire.
649 3133 918 3245 ming
