<?xml version="1.0" encoding="UTF-8" standalone="yes"?>
<PcGts xmlns="http://schema.primaresearch.org/PAGE/gts/pagecontent/2013-07-15" xmlns:xsi="http://www.w3.org/2001/XMLSchema-instance" xsi:schemaLocation="http://schema.primaresearch.org/PAGE/gts/pagecontent/2013-07-15 http://schema.primaresearch.org/PAGE/gts/pagecontent/2013-07-15/pagecontent.xsd">
    <Metadata>
        <Creator>prov=READ-COOP:name=TrHtr:version=2.1.0:model_id=51170:date=26_07_2023_22:28</Creator>
        <Created>2023-05-02T08:09:59.751+02:00</Created>
        <LastChange>2023-07-26T22:28:01.065+02:00</LastChange>
        <TranskribusMetadata docId="1416742" pageId="54954312" pageNr="290" tsid="131084644" status="IN_PROGRESS" userId="64420" imgUrl="https://files.transkribus.eu/Get?id=XEGJOZVHWDOUJKCZGXTOSWIN&amp;fileType=view" xmlUrl="https://files.transkribus.eu/Get?id=ONMBLFLMPYEYTDMVMZEPXKUQ" imageId="44458037"/>
    </Metadata>
    <Page imageFilename="1416742_0290.jpg" imageWidth="2299" imageHeight="3415">
        <ReadingOrder>
            <OrderedGroup id="ro_1711827250740" caption="Regions reading order">
                <RegionRefIndexed index="0" regionRef="tr_1"/>
                <RegionRefIndexed index="1" regionRef="tr_2"/>
            </OrderedGroup>
        </ReadingOrder>
        <TextRegion id="tr_1" custom="readingOrder {index:0;}">
            <Coords points="552,469 1973,469 1973,1995 552,1995"/>
            <TextLine id="tr_1_tl_1" custom="readingOrder {index:0;}">
                <Coords points="1063,512 1104,524 1117,536 1125,532 1155,556 1165,559 1183,550 1206,559 1208,392 1168,384 1146,397 1065,392"/>
                <Baseline points="1071,522 1077,522 1122,519 1167,519 1211,519"/>
                <TextEquiv>
                    <Unicode>153</Unicode>
                </TextEquiv>
            </TextLine>
            <TextLine id="tr_1_tl_2" custom="readingOrder {index:1;}">
                <Coords points="540,688 912,633 1183,663 1643,628 1804,663 1823,550 1701,513 806,586 548,545"/>
                <Baseline points="552,644 573,644 617,641 662,641 707,638 752,635 797,632 841,632 886,629 931,626 976,623 1020,620 1065,617 1110,617 1155,617 1200,614 1244,611 1289,608 1334,605 1379,605 1423,600 1468,597 1513,591 1558,588 1603,585 1647,582 1692,582 1737,579 1782,576 1826,570"/>
                <TextEquiv>
                    <Unicode>S. FISCHER,VERLAG, BERLIN W., BÜLOUSTR. 90</Unicode>
                </TextEquiv>
            </TextLine>
            <TextLine id="tr_1_tl_3" custom="readingOrder {index:2;}">
                <Coords points="1098,838 1234,848 1614,789 1767,806 1793,798 1803,695 1650,709 1563,681 1441,746 1329,738 1269,765 1104,773"/>
                <Baseline points="1110,808 1149,805 1194,803 1238,800 1283,797 1328,794 1373,791 1417,788 1462,782 1471,779 1486,770 1531,764 1576,764 1620,758 1665,758 1710,758 1755,755 1800,764"/>
                <TextEquiv>
                    <Unicode>BERene W., DEN 22. Okt. 07</Unicode>
                </TextEquiv>
            </TextLine>
            <TextLine id="tr_1_tl_4" custom="readingOrder {index:3;}">
                <Coords points="787,1117 947,1095 1004,1119 1191,1074 1469,1079 1474,1002 1248,963 915,1031 795,1015"/>
                <Baseline points="800,1083 805,1083 850,1080 895,1077 940,1074 985,1071 1029,1071 1074,1065 1119,1059 1164,1059 1208,1056 1253,1053 1298,1047 1343,1044 1388,1041 1432,1038 1477,1038"/>
                <TextEquiv>
                    <Unicode>Herrn Dr. Arthur Schnitzler</Unicode>
                </TextEquiv>
            </TextLine>
            <TextLine id="tr_1_tl_5" custom="readingOrder {index:4;}">
                <Coords points="1450,1148 1493,1148 1509,1138 1525,1154 1546,1140 1594,1140 1622,1125 1659,1136 1699,1120 1737,1119 1740,1055 1718,1050 1697,1063 1653,1044 1592,1068 1524,1068 1508,1079 1455,1058"/>
                <Baseline points="1459,1128 1471,1128 1516,1128 1561,1125 1606,1122 1650,1119 1695,1116 1740,1116"/>
                <TextEquiv>
                    <Unicode>Wien XVIII</Unicode>
                </TextEquiv>
            </TextLine>
            <TextLine id="tr_1_tl_6" custom="readingOrder {index:5;}">
                <Coords points="1406,1250 1442,1269 1500,1245 1557,1250 1664,1192 1678,1206 1740,1191 1775,1203 1779,1135 1748,1130 1702,1152 1634,1124 1554,1154 1511,1141 1473,1160 1412,1141"/>
                <Baseline points="1417,1200 1420,1197 1465,1194 1510,1194 1555,1191 1600,1188 1644,1185 1689,1179 1734,1179 1779,1179"/>
                <TextEquiv>
                    <Unicode>Spöttelgasse 7</Unicode>
                </TextEquiv>
            </TextLine>
            <TextLine id="tr_1_tl_7" custom="readingOrder {index:6;}">
                <Coords points="763,1366 899,1371 934,1356 1031,1382 1081,1353 1210,1342 1238,1353 1243,1293 1152,1264 1038,1302 959,1286 934,1307 877,1310 856,1296 814,1307 768,1296"/>
                <Baseline points="773,1352 797,1349 841,1349 886,1343 931,1343 976,1337 1020,1334 1065,1331 1110,1328 1155,1328 1200,1325 1244,1328"/>
                <TextEquiv>
                    <Unicode>Lieber Herr Doktor.</Unicode>
                </TextEquiv>
            </TextLine>
            <TextLine id="tr_1_tl_8" custom="readingOrder {index:7;}">
                <Coords points="892,1469 994,1485 1482,1433 1584,1465 1849,1414 1854,1355 1321,1404 1205,1377 1009,1415 897,1395"/>
                <Baseline points="901,1468 913,1465 958,1459 1003,1456 1047,1453 1092,1450 1137,1447 1182,1447 1226,1444 1271,1441 1316,1438 1361,1438 1406,1432 1450,1429 1495,1426 1540,1423 1585,1423 1629,1417 1674,1417 1719,1414 1764,1411 1808,1408 1853,1411"/>
                <TextEquiv>
                    <Unicode>ich bestätige mein heutiges Telegramm:</Unicode>
                </TextEquiv>
            </TextLine>
            <TextLine id="tr_1_tl_9" custom="readingOrder {index:8;}">
                <Coords points="717,1591 1028,1549 1742,1543 1916,1506 1919,1457 1438,1455 1117,1506 724,1485"/>
                <Baseline points="728,1567 755,1564 800,1561 844,1558 889,1555 934,1552 979,1549 1023,1546 1068,1543 1113,1540 1158,1537 1203,1537 1247,1531 1292,1528 1337,1528 1382,1525 1426,1522 1471,1519 1516,1516 1561,1513 1606,1513 1650,1510 1695,1507 1740,1504 1785,1501 1829,1498 1874,1495 1919,1498"/>
                <TextEquiv>
                    <Unicode>Mit Ihren Bedingungen einverstanden, bitte Manu-</Unicode>
                </TextEquiv>
            </TextLine>
            <TextLine id="tr_1_tl_10" custom="readingOrder {index:9;}">
                <Coords points="722,1638 1541,1603 1621,1638 1887,1599 1890,1528 724,1579"/>
                <Baseline points="731,1632 773,1629 817,1629 862,1626 907,1626 952,1623 997,1620 1041,1617 1086,1617 1131,1614 1176,1611 1220,1611 1265,1608 1310,1608 1355,1608 1400,1603 1444,1600 1489,1597 1534,1594 1579,1594 1623,1594 1668,1591 1713,1588 1758,1588 1803,1585 1847,1582 1892,1588"/>
                <TextEquiv>
                    <Unicode>script sogleich absenden. „ Ich freue mich sehr,</Unicode>
                </TextEquiv>
            </TextLine>
            <TextLine id="tr_1_tl_11" custom="readingOrder {index:10;}">
                <Coords points="708,1739 1943,1696 1948,1610 709,1670"/>
                <Baseline points="716,1719 737,1719 782,1719 826,1716 871,1716 916,1713 961,1710 1005,1710 1050,1707 1095,1704 1140,1704 1185,1701 1229,1701 1274,1698 1319,1695 1364,1695 1408,1692 1453,1689 1498,1689 1543,1689 1588,1686 1632,1686 1677,1683 1722,1680 1767,1677 1811,1674 1856,1674 1901,1671 1946,1671"/>
                <TextEquiv>
                    <Unicode>dass wir nun doch zu einer Einigung gekommen sind,</Unicode>
                </TextEquiv>
            </TextLine>
            <TextLine id="tr_1_tl_12" custom="readingOrder {index:11;}">
                <Coords points="714,1855 1345,1791 1887,1801 1919,1704 717,1774"/>
                <Baseline points="725,1811 758,1811 803,1808 847,1808 892,1806 937,1806 982,1800 1026,1800 1071,1797 1116,1797 1161,1794 1205,1791 1250,1788 1295,1788 1340,1785 1385,1785 1429,1782 1474,1782 1519,1782 1564,1779 1608,1776 1653,1773 1698,1770 1743,1770 1788,1767 1832,1764 1877,1764 1922,1767"/>
                <TextEquiv>
                    <Unicode>denn wir zweifeln ja nicht daran, dass Ihr Roman</Unicode>
                </TextEquiv>
            </TextLine>
            <TextLine id="tr_1_tl_13" custom="readingOrder {index:12;}">
                <Coords points="719,1925 760,1948 900,1903 1350,1881 1723,1898 1726,1817 722,1850"/>
                <Baseline points="728,1901 743,1901 788,1901 832,1898 877,1895 922,1895 967,1892 1011,1892 1056,1889 1101,1886 1146,1883 1191,1883 1235,1880 1280,1877 1325,1877 1370,1874 1414,1871 1459,1871 1504,1868 1549,1868 1594,1865 1638,1862 1683,1862 1728,1865"/>
                <TextEquiv>
                    <Unicode>das bestätigt, was wir von ihm erwarten.</Unicode>
                </TextEquiv>
            </TextLine>
            <TextLine id="tr_1_tl_14" custom="readingOrder {index:13;}">
                <Coords points="896,1994 1042,2018 1342,1973 1402,2002 1468,1968 1905,1964 1968,1946 1970,1898 1766,1890 1642,1928 1568,1890 1454,1920 1379,1893 1315,1927 899,1936"/>
                <Baseline points="904,1985 943,1985 988,1982 1032,1982 1077,1979 1122,1979 1167,1976 1211,1976 1256,1973 1301,1970 1346,1967 1391,1967 1435,1964 1480,1961 1525,1958 1570,1955 1614,1955 1659,1952 1704,1952 1749,1949 1794,1946 1838,1943 1883,1940 1928,1937 1973,1937"/>
                <TextEquiv>
                    <Unicode>Das Copyright wird, wie Sie wissen, nur für</Unicode>
                </TextEquiv>
            </TextLine>
        </TextRegion>
        <TextRegion id="tr_2" custom="readingOrder {index:1;}">
            <Coords points="737,1982 1988,1982 1988,2654 737,2654"/>
            <TextLine id="tr_2_tl_1" custom="readingOrder {index:0;}">
                <Coords points="727,2124 1450,2054 1970,2064 1987,1971 1495,1968 1355,2019 1234,1987 730,2056"/>
                <Baseline points="737,2083 779,2080 823,2080 868,2077 913,2074 958,2071 1003,2071 1047,2071 1092,2068 1137,2065 1182,2062 1226,2059 1271,2059 1316,2056 1361,2053 1406,2050 1450,2050 1495,2050 1540,2047 1585,2047 1629,2044 1674,2041 1719,2041 1764,2041 1808,2035 1853,2035 1898,2035 1943,2032 1988,2035"/>
                <TextEquiv>
                    <Unicode>ein Jahr möglich sein, durch Deponierung eines je</Unicode>
                </TextEquiv>
            </TextLine>
            <TextLine id="tr_2_tl_2" custom="readingOrder {index:1;}">
                <Coords points="733,2207 1595,2137 1787,2177 1908,2129 1908,2097 1686,2067 1603,2101 736,2115"/>
                <Baseline points="743,2173 746,2173 791,2170 835,2170 880,2167 925,2164 970,2164 1014,2161 1059,2158 1104,2158 1149,2155 1194,2152 1238,2152 1283,2149 1328,2146 1373,2143 1417,2143 1462,2140 1507,2140 1552,2137 1597,2134 1641,2134 1686,2131 1731,2131 1776,2128 1820,2125 1865,2125 1910,2128"/>
                <TextEquiv>
                    <Unicode>den Heftes in Washington. Aber ein Jahr wird ja</Unicode>
                </TextEquiv>
            </TextLine>
            <TextLine id="tr_2_tl_3" custom="readingOrder {index:2;}">
                <Coords points="733,2290 1136,2254 1363,2282 1685,2230 1978,2255 1983,2161 736,2220"/>
                <Baseline points="743,2262 773,2262 817,2262 862,2259 907,2256 952,2253 997,2250 1041,2250 1086,2247 1131,2247 1176,2241 1220,2238 1265,2238 1310,2238 1355,2235 1400,2232 1444,2229 1489,2229 1534,2229 1579,2226 1623,2226 1668,2223 1713,2220 1758,2220 1803,2217 1847,2217 1892,2214 1937,2209 1982,2209"/>
                <TextEquiv>
                    <Unicode>vorerst genügen. Schlägt das Buch ein, dann werden</Unicode>
                </TextEquiv>
            </TextLine>
            <TextLine id="tr_2_tl_4" custom="readingOrder {index:3;}">
                <Coords points="738,2372 1876,2325 1879,2239 1651,2281 1251,2258 1009,2306 900,2266 741,2303"/>
                <Baseline points="749,2355 761,2352 805,2352 850,2349 895,2346 940,2346 985,2343 1029,2340 1074,2337 1119,2337 1164,2334 1208,2334 1253,2331 1298,2328 1343,2328 1388,2325 1432,2322 1477,2319 1522,2319 1567,2319 1611,2316 1656,2313 1701,2313 1746,2310 1791,2310 1835,2307 1880,2313"/>
                <TextEquiv>
                    <Unicode>die Kosten des Drucks in Amerika durch einen</Unicode>
                </TextEquiv>
            </TextLine>
            <TextLine id="tr_2_tl_5" custom="readingOrder {index:4;}">
                <Coords points="743,2461 1779,2427 1860,2407 1862,2346 1439,2378 1227,2349 744,2405"/>
                <Baseline points="752,2450 788,2447 832,2444 877,2441 922,2438 967,2438 1011,2432 1056,2432 1101,2429 1146,2426 1191,2426 1235,2426 1280,2420 1325,2420 1370,2417 1414,2417 1459,2414 1504,2411 1549,2409 1594,2409 1638,2406 1683,2406 1728,2406 1773,2403 1817,2400 1862,2403"/>
                <TextEquiv>
                    <Unicode>englischen Verleger sicher einzubringen sein.</Unicode>
                </TextEquiv>
            </TextLine>
            <TextLine id="tr_2_tl_6" custom="readingOrder {index:5;}">
                <Coords points="862,2531 956,2568 1066,2526 1235,2577 1296,2568 1340,2582 1344,2480 1316,2472 1232,2474 1214,2459 1186,2477 1068,2467 979,2491 864,2480"/>
                <Baseline points="871,2531 898,2528 943,2528 988,2525 1032,2525 1077,2522 1122,2519 1167,2519 1211,2516 1256,2513 1301,2510 1346,2513"/>
                <TextEquiv>
                    <Unicode>Mit besten Grüssen</Unicode>
                </TextEquiv>
            </TextLine>
            <TextLine id="tr_2_tl_7" custom="readingOrder {index:6;}">
                <Coords points="1504,2552 1559,2545 1579,2561 1624,2544 1688,2560 1763,2544 1877,2563 1882,2477 1804,2499 1737,2470 1669,2483 1597,2475 1579,2486 1509,2470"/>
                <Baseline points="1513,2552 1525,2549 1570,2543 1614,2540 1659,2540 1704,2540 1749,2537 1794,2531 1838,2528 1883,2534"/>
                <TextEquiv>
                    <Unicode>Ihr ergebener</Unicode>
                </TextEquiv>
            </TextLine>
            <TextLine id="tr_2_tl_8" custom="readingOrder {index:7;}">
                <Coords points="1503,2668 1568,2676 1599,2652 1626,2671 1693,2642 1785,2630 1828,2671 1871,2665 1948,2687 1952,2572 1830,2550 1675,2603 1627,2580 1549,2630 1504,2633"/>
                <Baseline points="1513,2644 1552,2641 1597,2638 1641,2635 1686,2632 1731,2626 1776,2626 1820,2626 1865,2626 1910,2623 1955,2620"/>
                <TextEquiv>
                    <Unicode>Fischer</Unicode>
                </TextEquiv>
            </TextLine>
        </TextRegion>
    </Page>
</PcGts>
