2213 3479
1144 551 1724 680 New-York, 10. Juni 07.
402 925 1040 1062 Mein lieber Herr Fischer,
554 1025 2095 1136 einliegend finden Sie die Contrakte für die Dramen Schnitzler'
356 1138 966 1255 mit meiner Unterschrift.
551 1190 2106 1320 Ich besitze Ihren Brief vom 27. April und bemerke mir alles,
367 1320 2102 1431 Sie sagen. Miss Colbron hat die Geschäfte so durcheinander gemengt, ins
363 1431 2097 1503 sie nach rechts und links Berichte gab, dass ich darauf bestanden habe
369 1503 2113 1596 dass sie und Mr. Hunter zu mir ins Büro kamen, und die Angelegenheit er
369 1565 2106 1691 für alle Wal ordneten. In einem Brief Wr. Hunter’s an mich, datiert vo
369 1665 2093 1774 vom 25. Februar, von dem Innen eine Abschrift am 7. Mai geschickt
369 1765 2097 1867 de, bestätigt er, dass er bereit sei, an Dr. Schnitzler 5 % ( fünf Pro
376 1869 2097 1991 von den Brittoeinnahmen zu zahlen, wenn das Drama irgend eine Grundlage
371 1939 2113 2052 für die Zahlung erreichen sollte. Mr. Hunter ist bereit, mir seine Büc
378 2032 2093 2128 zu zeigen, zum Beweise, dass das Drama nur Geldverluste gebracht hat.
382 2121 2082 2223 sagt mir, dass er dabei 5000 $ ausgegeben hat, aber er denkt, das er
350 2210 2091 2354 Inichsten Jahre in der Lage sein wird, Dr. Schnitzler die Tantiene von
378 2304 2106 2425 zu bezahlen, denn wenn er geeignete Wanderbücher (Konzession? ) bekom¬
1403 2384 1926 2510 auf die Tour senden.
376 2406 1374 2534 kann, so wird er Miss Grey mit „Liebelei“.
597 2495 2095 2599 Nun ist eine andere Schwierigkeit aufgetaucht. Miss Colbron
382 2588 2113 2695 hauptet, dass sie ihre Uebersetzung Nr. Hunter nur für New-York verkauft.
384 2664 2100 2803 und Mr. Bunter behauptet, dass er die Uebersetzung von Miss Colbron
386 2766 962 2899 Vorbehalt gekauft hat.
599 2820 2113 2981 Wiss Grev ist auf einem Gastspiel in Milwaukse und wird dort
400 2946 2117 3057 „Liebelei“ spielen. Ich habe Nr. Hunter’s Aufmerksamkeit hierauf geles
