2807 3704
1193 285 1367 386 235
772 363 1976 522 S. Fischer. Verlaa. Berlin M Rülemstraße 90
844 956 1230 1064 festgehalten
1014 1046 2110 1149 Das trifft auch zu in einem neuerlichen
852 1140 2105 1236 Fall, wo wir wegen "Anatol" mit Brünn verhan-
865 1232 2168 1341 deln. Auch hier will Brünn einen Tantiemensatz
865 1326 2160 1424 von 10 % akzeptieren, sich aber auf eine Garan-
867 1417 2180 1503 tie nicht einlassen, um so mehr, als "Abschieds-
869 1495 2193 1590 souper" und "Anatols Hochzeitsmorgen" dort schon
869 1586 2123 1696 gespielt sind. Wir sind der Meinung, dass man
880 1691 2193 1778 in diesem Fall, nachdem nun doch ein Tantiemen-
875 1782 2103 1886 satz von 10 % erzielt ist, auf eine Garantie
880 1856 2083 1976 verzichten sollte; wir möchten indessen die
875 1938 2173 2070 definitive Entscheidung hierüber Ihnen überlas-
882 2044 2214 2140 sen und würden nur bitten uns davon freundlichst
878 2102 2156 2249 umgehend zu verständigen, da der Vertrag nicht
883 2234 1772 2339 eher perfektioniert werden kann.
948 2309 2158 2398 Von Ihren übrigen Wünschen bezüglich der An-
888 2385 2168 2511 kündigung von "Zwischenspiel" und "Der einsame
890 2495 2176 2611 Weg" haben wir für den nächsten Bühnenprospekt
895 2591 1591 2697 bestens Vermerk genommen.
1575 2662 2035 2785 Hochachtungsvoll
1740 2753 2014 2853 ergebenst
1616 2824 2105 2914 S. FISCHER, VERLAG
1633 2894 2090 2965 THEATERABTEILUNG
1520 2909 2266 3058 lara. leil Schur
