2929 3495
1951 479 2043 637 1
845 625 2475 819 ver Herr zu sein. Er hat den anliegenden Brief an mich gericht-
890 716 2541 894 ; aus diesem Brief musste ich den Eindruck haben, dass er die
798 830 2472 980 Unterstützung Jung-Oesterreichs zu seinem Unternehmen sich ge-
787 918 2460 1101 sichert hat. Trotzdem habe ich ihm auf seinen Brief nur geant-
798 997 2477 1189 wortet, dass ich mich erst entscheiden könnte, wenn er mir das
793 1084 2502 1260 gesammte Material vorlegen würde. Nach Ihrer Anfrage scheint es
802 1176 2504 1354 mir aber ratsam, Ihnen seinen Brief im Original zu Ihrer Orien-
796 1275 2267 1416 tierung und zur Orientierung Ihrer Freunde vorzulegen.
1050 1390 1587 1521 Mit besten Grüssen
1752 1454 2107 1561 Ihr ergebener
1542 1561 1638 1638 G.C.F.P.
1213 1542 1362 1690 P.S.
1758 1531 2051 1726 merc
1352 1581 1563 1752 G.F.P.
1352 1711 1653 1782 G.C.F.P.
1236 1726 1330 1775 G.C.F.P.
1236 1749 1694 1835 G.C.H.F.P.S.
1054 1677 1174 1867 P.P.
868 1871 2528 2043 da es sich hier um eine Frage der Wiener
892 1961 2581 2141 Censur handelt, dürfte der Wiener Verlag
881 2057 2599 2233 darüber ein leffen Auskunft geben können
896 2171 2502 2370 Ein Expl. des fertig gedruckten Buches
1531 2263 2579 2455 ) sende ich Ihnen gleich
905 2286 1512 2481 in 200 Capl.
881 2447 1202 2571 zeitung
