2777 3399
1050 263 1888 455 S. FISCHER, VERLAG
1490 428 1628 550 Ce Votre
849 421 1270 573 können ihm das
724 441 817 570 habe
1786 514 2160 607 noch einmal.
396 516 627 613 TELEPHONS
1010 548 1469 641 kommt uns übrige
790 557 924 650 ellei
1499 539 2243 706 BERene W., DEN 27/8, 1904
396 602 634 699 AMT VI, 1662
1490 634 1924 731 BÜLowSTRASSE 90/91
1102 634 1329 752 er, die
847 729 1311 831 damit glaube ich
1179 810 1284 924 st.
853 876 1621 1010 Herrn Dr. Arthur Schnitzler
876 994 1365 1105 doch eine Weile zu
1619 951 1902 1132 Wien XVIII
896 1087 1256 1198 neue Freunde,
1487 1125 1881 1209 spöttelgasse 7
715 1177 1256 1365 Lieber Herr Doktor!
853 1331 2323 1485 Es freut mich Ihnen mitteilen zu können, dass wir vom
715 1449 2445 1555 „Einsamen Weg die dritte Auflage drucken. Das Honorar für die
715 1548 2420 1646 zweite Hälfte der zweiten und erste Häifte der dritten Auflage
1358 1610 1573 1668 gebracht.
706 1639 2529 1754 überweisen wir mit Mk. 400,00 Ihrem Conto bei der Allgem. Oesterr.
713 1700 1492 1813 Boden-Creditanstalt in Wien.
847 1763 2440 1929 Auch von auswärtigen Bühnen sind einige Anfragen eingegan-
1361 1883 1551 1931 M.F.M.
709 1888 2415 2019 gen, die indessen zu einem Abschluss noch nicht geführt haben.
702 1985 2440 2110 Dagegen hat sich Lindemann im letzten Augenblick geweigert, die
1517 2053 1809 2108 Honorar ne
711 2085 2424 2189 Garantie von 5000 Mark baar voraus zu zahlen; er wollte die Ga-
706 2142 2384 2273 rantiesumme im Prinzip bestehen lassen, aber erst nach Ablauf
1413 2232 1610 2286 G.H.
704 2234 2404 2370 des Vertrages durch die eingehende Tantiemen-Abrechnung diesen
699 2334 2477 2443 Betrag als Minimal-Garantie erreicht wissen. Darauf habe ich mich
704 2406 2461 2556 zunächst nicht eingelassen, ich meine, dazu haben wir noch immer
697 2510 2452 2606 Zeit, denn das käme schliesslich darauf hinaus, dass er für jede
697 2594 2381 2696 der Bühnen, für die er den „Einsamen Weg“ erwerben will, eine
690 2692 2415 2793 bestimmte Garantie zu leisten hätte. Dieser Weg scheint mir em-
684 2789 2499 2900 pfehlenswerter. Im Laufe des Monat März kehrt Lindemann von seiner
686 2861 2472 2993 Tournee zurück, die Bühnen, die bis dahin nicht Ihr Verk erworben
