2458 3594
1796 438 1892 602 De'
1908 474 2053 640 to
338 637 877 798 nicht mehrebesteht.
432 731 2033 886 Bezüglich der Berner Uebereinkunft sind Sie im Irrtum. Der
333 852 2109 950 Urheberschutz ist nicht allein an die Berner convention gebunden;
340 935 2136 1042 zwischen Oesterreich und Deutschland existiert ein Separatvertrag,
333 1026 2042 1116 und es gibt auch noch andere Länder, die Separatverträge unter
342 1111 1930 1241 einander haben, ohne der Berner Uebereinkunft anzugehören.
610 1210 1234 1337 Mit herzlichen Grüssen
1518 1279 1644 1398 Ihr
1442 1378 1930 1570 S. Fischer
