2600 3394
1061 203 1168 332 93
751 305 1640 451 S. FISCHER, VERLAG
1269 494 1999 700 BERLIN W., DEN 25/5.09
211 589 451 683 TELEPHON:
1265 644 1701 719 BÜLOWSTRASSE 90
199 681 455 780 AMT VI, 1662
1618 690 1720 799 votre
610 778 1320 923 Herrn Dr. Arthur Schnitsler
1427 862 1679 993 Wien xvi
1662 862 1793 986 hier
1616 933 2083 1076 ssn schon wurfang
451 971 964 1114 Lieder Herr Doktor,
1764 1042 1909 1126 Baben.
988 1068 1134 1163 P.F.P.
603 1100 2338 1269 die Frage des Neudrunks vom „Ruf des Lebens“ wird wohl bald akut wer-
438 1219 2360 1359 den. Ich bitteüSia, mir die veränderte Passung des Stückes zugehen zu lassen,
443 1296 2350 1451 schon damit ich in den Bähnenexemplaren die Änderungen vornehmen kann. Herr
448 1386 2333 1550 Ziegel vom Breslauer Sommertheater hat Ihnen wohl direkt geschrieben, heute
443 1492 2311 1638 hat auch das Stadttheater im Leipzig wegen der veränderten Fassung bei uns
453 1621 732 1735 angefragt.
567 1587 2294 1805 Bezüglich des Copyright-Gesetzes liegt die Sache ja so, dass wir die
441 1756 2333 1909 Dramen, die in Washington hinterlegt sind, für geschützt halten. Wir werden
460 1839 2369 1994 mit Infrafttraten des neuen Copyright-Gesetzes die solchermassen geschützten
446 1940 2345 2081 Werke noch einmal in Washington eintragen lassen und versuchen, den defini-
451 2030 2355 2146 tiven Schutz dieser Werke durch das neue Gesetz zu erreichen. Dabei wird es
463 2105 2355 2248 sich endgiltig herausstellen, ob die Werke, die wir durch die Eintragung in
460 2219 2408 2355 Washington für geschübst hielten, den neuen Schutz bekommen werden oder nicht.
453 2294 2156 2435 Ich vermute, dass der Aufsatz der „Feder" sich wohl darauf bezieht.
644 2384 2398 2505 Herr Neumann hat untern 18. April bei mir angefragt, ob ich als Verla-
470 2483 2389 2641 ger des Originaltastes der „Liebslei“ neues Zustimmung zum Abdruck des Saaten
2234 2590 2333 2674 et son
463 2582 1827 2713 zu der Partitur geben würde. Ich habe auf diese Anfang
586 2672 1732 2810 weil ich erst Ihre Inferxx abwarten xxx
1112 2774 1742 2873 nicht steht taagtert werden.
