2799 3671
1541 245 1711 377 215
1344 290 1486 403 9
902 372 1980 506 S. Fischer, Verlag, Berlin W., Bülowstraße 90
1735 521 2148 658 den 27/5. 1910
845 854 1594 1025 Herrn Dr. Arthur Schnitzler
1555 982 1865 1092 Wien XVIII
658 1109 1195 1234 Lieber Herr Doktor,
766 1246 2486 1375 aus Frankreich kommt eine Anfrage wegen des Uebersetzungsrechts
667 1368 2455 1459 von "Liebelei". Sollte das Stück noch frei sein, so bitte ich, mir
655 1440 2148 1555 zu sagen, zu welchen Bedingungen ich abschliessen soll.
794 1538 2544 1666 Sie empfangen gleichzeitig den Entwurf von Walser für den "Medar-
648 1625 2520 1740 dus." Es ist ein echter Walser mit allen seinen Vorzügen und Fehlern,
658 1692 2568 1848 im ganzen doch aber so charmant und dekorativ, dass wir mit dem Entwurf
658 1802 2474 1939 wohl zufrieden sein können. Bitte schicken Sie ihn mir bald zurück.
840 1918 2566 2026 Mir geht der Plan durch den Kopf, Ihren 50. Geburtstag mit einer
648 1994 2506 2074 Ausgabe Ihrer „Gesammelten Werke“ zu feiern. Wenn Sie diesen Plan gut
646 2062 2575 2194 heissen, so würde zu überlegen sein, welche Werke in diese Ausgabe aufs
648 2167 2429 2249 zunehmen sind. Eine Auswahl in 3-4 Bänden zu einem billigen Preis
658 2261 2462 2381 (höchstens 12-15 Mark für das komplette gebundene Werk) würde einen
648 2350 2496 2441 grossen Abnehmerkreis finden. Der billige Verkaufspreis spielt buch-
643 2417 1483 2554 händlerisch eine grosse Rolle.
838 2482 2479 2666 Auch die Herausgabe einer Monographie über Ihr Werk habe ich
646 2599 2448 2714 gleichzeitig vor. Wenn ich Ihnen das alles jetzt schon verrate, so
641 2690 2539 2803 geschieht es, weil die Dinge von langer Hand vorbereitet werden müssen
648 2774 2568 2918 und weil ich über die Person des Herausgebers einer solchen Monographie
634 2863 2506 3012 mit Ihnen sprechen muss. Kenr kommt für eine solche Arbeit nicht in
624 2976 2465 3086 Betracht, seine traphoristische Art, sich auszudrücken, schliesst das
631 3070 2472 3216 wohl aus. Am besten wäre wohl Hermann Bahr. Er ist aber mit eigenen
