2935 3529
603 1177 2831 1365 für kleinlich halten, was ich wirklich
557 1334 1197 1508 richt bin.
763 1365 2759 1625 Visse Geschäfte sind so klein und
540 1494 2839 1734 dabei mit soviel Arbeit verbunden, dan
568 1619 2868 1874 sie mit dem besten Willen nicht anders
571 1751 2842 1974 behandelt werden können. Uebrigens
586 1837 2779 2125 will ich jetzt, wenn Sie wollen, die der
554 1991 2831 2231 handlung mit Pierson selbst aufnehmer
591 2059 2813 2305 er wird auch für 70 Mrk die Vorräfte abgeb¬
751 2125 2788 2331 Von der Concursverwaltung habe ich
554 2216 2728 2454 noch nichts gehört, auch von Zaschl
2414 2322 2696 2442 Slu
563 2342 2314 2579 nicht. Mit besten Grüßen
2416 2388 2785 2479 ergete
2445 2454 2779 2568 ffice.
