2634 3447
932 255 1433 437 FISQUER :
249 1114 2477 1324 Wettopreis von Mrk. 1.35 pr. sapl. (Laden¬
308 1290 2491 1475 Kreis 2 Mik.) a Conto Hires Guthabens
283 1411 694 1592 liefern.
621 1455 2505 1674 Ich denke von Ihnen auch noch andere
375 1592 2480 1830 Sücher zubringen und würde mich freuen,
322 1704 2438 1923 sia zu den festen Antoren meines Verlages
330 1808 2488 2021 zählen zu durfen. Tobald fia wieder etwas
322 1906 2485 2130 veröffentlichen wollen, (Buchform) würde
308 2068 2485 2228 ich um hinsendung bitten. Gleichzeitiger
280 2133 2496 2312 suche ich um Ueberlassung Ihres Portrats.
252 2233 2505 2435 tit vereite einen Katalog vor, der in großer Aufla¬
1036 3076 2155 3255 anwessen auf verklärt
