2728 3191
623 305 2342 468 Honorarunterschied garnicht so gross, wenn sie in Betracht ziehen
605 404 2312 519 dass der Wiener Verlag von diesen Hovelletten Auflagen in unbe-
607 491 2460 605 schränkter Zahl drucken darf. Legen Sie später einmal Gewicht darauf,
602 591 2402 699 diese Novelletten auf 2 oder 3 Novellenbände zu verteilen, so wird
602 683 2321 771 das ein Schönheitsfehler für diese Bände bleiben, aber wenn Sie
609 743 1721 888 wollen, kann es natürlich gemacht werden.
713 847 2423 958 Sie wünschen also eine billige Neuausgabe des „Anatol“. Es sind
607 928 2374 1038 zwar noch mehrere hundert Exemplare von der illustrierten Ausgabe
611 1011 2381 1149 vorrätig, aber ich will die billige Ausgabe im Herbst gern wieder
616 1103 2404 1198 drucken. Ich schlage vor, dass wir für diese Ausgabe dieselbe Form
609 1181 2423 1301 mit dem Umschlag von Th. Th. Heine wählen, die vor der illustrier-
623 1288 2391 1387 ten Ausgabe erschienen ist, mit einem Ladenpreis von 2 Mark. Wenn
618 1371 2305 1486 Sie damit einverstanden sind, bitte ich um Nachricht. Ich werd
623 1394 2481 1684 dann die Ausgabe für den Herbst vorbereiten. Wünschen Sie die Correc-
1364 1553 1447 1654 G.F.P.
628 1564 1064 1664 turen zu lesen?
833 1636 1373 1749 Mit besten Grüssen
1338 1703 1740 1830 Ihr ergebener
1592 1804 1984 1984 Hfischer
1770 2231 1989 2391 Fischer
