2196 3495
1058 266 1232 393 212
447 659 1685 798 dem Urheberrechts in allen Ländern ziemlich über-
457 723 1731 872 einstimmen. Falls nicht ausdrücklich einschränkende
448 848 1641 966 Bedingungen vereinbart sind, kann das Recht der
455 905 1664 1061 Uebersetzung nur einmal vergeben werden. Anders
463 1018 1754 1148 liest die Sache bei den Einaktern, die Sie vor zehn
470 1094 1728 1245 Jahren vergeben haben und die seither nicht veröf-
481 1194 1526 1337 fentlicht sind: diese Einakter sind frei.
609 1284 1705 1421 Das Zweckmässi###ste wäre doch wohl, dass Sie
475 1362 1753 1503 sich mit den Uebersetzern in Verbindung setzen, an¬
468 1472 1736 1598 fragen, ob sie Gewicht darauf legen, das Recht der
478 1555 1743 1698 Veröffentlichung auszuüben oder nicht. Ich glaube,
493 1651 1802 1805 dass all die Herren mit den Urheberrechten nichts an-
485 1746 1777 1887 zufangen wissen werden und dass Sie auf diese Weise
485 1831 1693 1981 die Rechte für die Veröffentlichung wieder frei
496 1932 1805 2066 bekommen. Freilich werden daneben die Rechte für die
493 2019 1746 2162 Aufführungen den ursprünglichen Uebersatzern ver¬
496 2101 1820 2244 bleiben wenn Sie nicht auch nach dieser Richtung hin
511 2231 1091 2359 eine Ordnung schaffen.
872 2311 1375 2413 Mit besten Grüssen
1371 2391 1505 2474 Ihr
1252 2487 1736 2679 S. Fischer
1043 3021 2097 3232 sur ergeben. Fisc
478 3101 928 3287 men.
