3210 3671
1377 225 1535 367 335
938 271 2393 501 B. Fischer. Verlag. Berlin.
765 527 2411 654 Amt Lützow 1662 u. 6162 Theaterabteilung postscheckkonto Nr. 16692
1230 599 1982 716 Berlin W 57, Bülowstraße Nr. 90
1333 674 1878 850 Den 21. Februar 191
711 677 871 876 P/X.
858 943 1643 1129 Herrn Dr. Arthur Schnitzler
2116 1000 2307 1165 sien.
726 1145 1292 1320 Sehr geehrter Herr?
827 1245 2687 1406 Die münchenen Thätterzensur hat, in Einverständnis mit den Zensur-
742 1364 2708 1501 beirat, Hans Kreers neues Drana die Erziehung zur Liebe“, ohne weitere
1765 1444 1853 1493 G.C.F.P
1902 1442 2015 1488 G.C.H.
742 1449 2674 1599 Begründung verboten. Die Direktion der Münchener Kummerspiele, welche
747 1506 2806 1695 das Drana der Jensur eingereicht hatte, will gegen dieses Verbot Einspruch
757 1638 2716 1775 erheben. Sie bittet uns, ihr einige Autoritativ-Urteile zur Erwängung
749 1760 1540 1894 der Freigabe zu vermitteln.
894 1785 2739 1946 Wir erlauben uns daher, uns heute mit der Frage an Sie zu richten,
757 1904 2685 2018 ob Sie geneigt wären, zu den, nur durch lokale Vernähtnisse irgendwie
775 1989 2741 2157 verständlichen Verbot eines thisch einwandfreien Kunstwerks durch eine
765 2072 2840 2217 Aeusserung Stellung zu nehmen, die geeignet wäre, das Vorgehen der genannte
762 2214 1514 2336 Direktion zu unterstützen.
909 2222 2731 2398 Die spezielle Konntnis das Drunan scheint bei Ihren Vissen um das
775 2341 2705 2488 künstlerische Wesen des Autors für diesen Einzelfall vielleicht nicht
773 2426 2852 2610 notwendig. Vir erlauben uns aber trotzdem Ihnen durch die Post ein Exemplar
775 2537 2323 2692 des der Zensur vorgelegten Bühnentextes zu überreichen.
866 2579 2816 2778 vir möchten noch betonen, dass Ihre Asusserung müchst nur zur Unter-
793 2708 2721 2842 stützung der münchener Aktion gegen die lokale Seneur verwendet wird.
902 2785 2529 2961 Wir bitten Sie Ihre Nachrichten an uns zu richten und sind
1501 2886 2276 3005 in vollkommener Hochachtung
1961 2966 2051 3028 st
1749 2971 1922 3038 ergeben
1705 3002 2214 3098 S. FISCHER,VERLAG
1731 3018 2300 3152 THEATERABTEILUNG/ial
