2552 3160
331 328 2173 532 kaufspreis zu bezahlen, bei jedesmaliger Vorausbezahlung für je 500
338 517 637 644 Exemplare.
441 537 2227 728 Die drei Vertragsentwürfe erhalten Sie in der nächsten Woche; ich
343 659 1583 826 bin in diesen Tagen noch nicht dazu gekommen.
443 715 2315 877 An Barnowsky habe ich noch nicht geschrieben; denn ich glaube nicht,
348 823 2207 978 ob man ihm zumuten kann,, anderer die Garantie von 3000 Mark zu Ihren
358 933 2210 1068 Gunsten verfallen soll, wenn Sie aus irgend einem Grunde vor dem 15.
345 1027 2210 1139 März 1914 von Ihrem Rücktrittsrecht Gebrauch machen. Ich meine, dass
353 1088 2286 1247 Sie die Garantie nur für den Fall der Aufführung zu fordern haben, dass
360 1208 2313 1352 Sie im übrigen ausreichend geschützt sind, erstens dadurch, dass Sie das
365 1272 2296 1421 Rücktrittsrecht bis 31. Dezember 1913 haben, und zweitens dadurch, dass
377 1374 2296 1497 er sich verpflichtet, in der Zeit vom 15. September 1914 den "Medardus"
370 1465 2254 1597 zur Aufführung zu bringen. Gefällt Ihnen die Besetzung, die Barnowsky
375 1544 2335 1678 Ihnen vorschlägt, nicht, so soll sich daran ein weiteres Rücktrittsrecht
375 1673 625 1784 knüpfen.
461 1725 2337 1845 Nun kommt ja Barnowsky, wie Sie schreiben, im März nach Wien. Es wird
392 1815 2342 1955 wohl am besten sein, wenn Sie diesen Punkt (der Conventionalstrafe) noch
392 1882 2364 2036 einmal mit ihm persönlich besprechen. Er hat ein Interesse daran, Sie für
394 1987 2310 2154 seine Bühne zu gewinnen, er macht Ihnen persönlich vielleicht mehr Con-
394 2109 1129 2230 zessionen in diesem Punkt.
505 2132 2266 2298 Sehr wichtig ist freilich, dass Sie sich alle Garantien hinsicht-
399 2261 2298 2396 lich der Probenzahl, der Ausstattung und der Striche sichern; auch be-
407 2352 2323 2489 züglich der Geheimhaltung des Vertrages müsste er eine Garantie bieten.
510 2430 2281 2577 Die Radierung von Fräulein Löwenstamm ist sehr schön und für Ihre
441 2524 1659 2683 "Gesammelten Werke" ausserordentlich geeignet.
566 2622 1205 2766 Mit herzlichen Grüssen
1568 2717 1948 2952 F.Fischer
