3221 3687
1464 303 1658 415 342.
1011 380 2426 572 S.Fischer, Verlag, Berlin W., Bülowstrasse 90
2002 578 2423 699 18. Juni 1914
998 622 1241 758 Rb./Se.
1009 845 1827 986 Herrn Dr. Arthur Schnitsler
2002 947 2357 1064 Wien XVIII
1025 1136 1820 1273 Sehr geehrter Herr Doktor!
1173 1248 2722 1378 Das Honorar für die sGriechische Tänzerin in Betrage
1034 1328 2642 1483 von M 2000.- haben wir an gleichen Tage, an welchen wir
2152 1430 2230 1478 cette
1036 1446 2838 1574 Ihnen von der Honorierung Mitteilung nachten, an 7. Mai, durch
1039 1540 2753 1672 die Deutsche Bank, Berlin, auf Ihr Konto bei der K.K. priv.
1041 1622 2665 1745 allgemeinen österreichischen Bodencreditanstalt, Wien I,
1043 1683 2817 1840 Tainfaltstr. Überwiesen und die Deutsche Bank hat uns bereits
1043 1802 2753 1950 an 8° Mai die erfolgte Ueberweisung bestätigt. Es muss den-
1041 1888 2847 2018 nach ein Versehen seitens Ihrer Bank vorliegen, und wir bitten
1048 1991 2227 2104 Sie, freundlichst dort zu recherchieren.
1196 2068 2747 2211 Gegen den Antrag der German Publication Society lässt
1054 2170 2719 2280 sich nichts einwenden, zumal die beiden Stücke in Amerika
1052 2259 2881 2359 nicht geschützt sind. Wir stellen ergebenst anheim, das gleiche
1054 2323 2879 2480 Autorisationshonorar zu verlangen, das die Gesellschaft in ähn-
1061 2467 2132 2564 lichen Fällen zahlt, nämlich M 100.-.
1203 2514 2731 2619 Den Revers für die Einziehung des Nachdruckshonorars
1059 2635 2858 2719 haben wir an den allgemeinen Schriftstellerverein abgeschickt.
1656 2710 2492 2808 Mit vorsüglicher Hochachtung
1863 2801 2155 2911 ergebenst
2346 2833 2722 3059 Ginnet
727 3229 809 3296 r. 121
