2790 3448
1102 468 1236 595 160
692 518 1911 667 EISCHER, VERLAG, BERLIN W., BÜLowSTR. 90
1365 621 1795 741 viter xxxbe e
1189 718 1893 860 BERene W., DEN 18. Nov. 07
1373 901 1805 1007 G.C.H.F.P
1323 1001 1527 1076 G.H.F.P.
840 1015 1553 1130 Herrn Dr. Arthur Schnitzler
1200 1110 1355 1205 G.C.P.
1555 1087 1820 1221 Wien XVIII
1529 1210 1897 1310 Spöttelgasse 7
857 1346 1357 1468 Lieber Herr Doktor,
1476 1339 1820 1452 Fische
971 1411 2000 1565 Ihre Anzeige für den Prospekt ist recht-
724 1527 2039 1660 zeitig eingetroffen. Es tut mir leid, dass ich diese
728 1624 2032 1748 Anzeige nicht von Anfang an von Ihnen bekommen habe,
731 1717 1983 1820 denn aus der Kenntnis des Manuscripts, das ich in
731 1810 2024 1924 Händen hatte, war es ja unmöglich, etwas Zutreffen-
749 1885 1993 2006 des zu sagen. Nach den Streichungsverschlägen und
755 1969 2016 2091 ###ach der Anzeige nüssen Sie ja den Sindruck habes,
788 2067 2013 2201 is ob wir hier Ihres Ronan mit Skepsis gegenüber-
767 2186 1941 2296 ständen: Ich kann Ihnen die Versicherung geben,
786 2264 1923 2372 Dass Sie und ich (das Manuscript haben nur wir
795 2349 1957 2470 seide gelesen) jede Fortsetzung mit grösster Neu
757 2441 1973 2544 gierde erwartet haben und dass wir uns in keiner
762 2511 1973 2663 Meine enttäuscht fühlen. Die Kürzungsverschläge
