2621 3451
669 542 2287 715 von den neuen Auflagen Preiezemplare zuzusenden, ich stelle Ihnen
671 662 2398 798 aber gero jederzeit die gewünschte Anzahl Freiexemplare zur Verfügung.
764 773 2400 900 Bezüglich „Zwischenspiel" stehen wir mit dem Leipziger Schauspiel-
662 856 2331 956 haus und mit dem Breslauer Stadttheater in Verandlung. Der Theater-
669 961 2322 1092 Frospekt gelangt morgen zur Versendung; alle wichtigen Theater, die
671 1063 2349 1197 bach Empfang des Prospekts das Buch nicht verlangen, erhalten es von
669 1163 1796 1248 uns direkt mit einem Anschreiben zugeschickt.
773 1219 2347 1346 Für die Buchausgabe ist „Zwischenspiel“ noch nicht gedruckt, weil
671 1315 2380 1451 Sie ja gewünscht haben, dass zuerst nur die Abzüge für die Versendung
673 1438 2467 1545 4n die Bühnen hergestellt werden. Kann das Buch gedruckt verden, so bitte
673 1500 2400 1643 ich, mich davon zu benachrichtigen. Ich habe die Absicht, es gleich in
669 1605 1351 1732 zwei Auflagen herzustellen.
671 1629 2316 1794 keiten, den Satz ein ganzes Jahr stehen zu lassen, dazu bekomme ich
695 1692 2356 1894 keine Druckerei, denn die Leute wollen ihr Schriftmaterial nicht so
698 1790 2360 1993 lange festlegen. Wir müssten also entweder mit dem Satz noch warten
698 1892 2465 2064 oder wir drucken das Buch erst später, unabhängig von der Bühnenausgabe.
820 1975 2349 2140 Die gewünschten Exemplare des „Tag“, die den Artikel über das
713 2102 2111 2258 Gopyright enthalten, lasse ich Ihnen mitfolgend zugehen.
1237 2213 1799 2342 Wit herzlichen Grüssen
1805 2262 2153 2416 Ihr ergebener
1821 2376 2198 2556 Pfischer
