2730 3208
1090 218 1226 359 FISO
2003 449 2356 599 sept. 1908.
1402 437 1816 582 BERLIB W. Dr.
334 519 930 669 TELEPHON: AMT VI, No. 1662.
1351 554 1520 693 Bülow
843 738 1644 914 Herrn Dr. Arthur Schnitzler
1588 817 1830 947 Wien IX
1503 914 1910 1048 Frankgasse 1
735 1033 1374 1203 Lieber Herr Doktor!
730 1163 2440 1311 Ich sende Ihnen die diesjährige Abrechnung, die inclusive der
620 1250 2360 1419 vergüteten Freiexemplare mit einem Saldo von Mk. 890.- zu Ihren
627 1353 1940 1484 Gunsten abschliesst. Der Betrag folgt beigehend.
728 1435 2431 1595 Bezüglich der Freiexemplare habe ich Authantisches nicht fest-
629 1520 2466 1665 stellen können. Ich habe deshalb geglaubt, über unsern letzten Con-
632 1623 2469 1755 tract hinausgehend, nur für die beiden ersten Auflagen je 150 Frei-
627 1700 2469 1865 Exemplare in Anspruch zu nehmen, und von den folgenden Auflagen nur
627 1766 2518 1924 100. Auf dieser Grundlage ist die anliegende Verrechnung erfolgt
646 1858 2516 2015 bis Ende vorigen Jahres. In diesem Jahre habe ich im Interesse einer
641 1971 2452 2135 Vereinfachung und um eine Gleichartigkeit in der Behandlung dieser
641 2060 2483 2189 Angelegenheit herzustellen, auf Freiexemplare für den Buchhandel
651 2149 2487 2295 überhaupt verzichtet und nur für Rezensionswecke für sie und gele-
646 2243 2389 2419 gentliche Dedikationsexemplare Freiexemplare gedruckt. xxx Ihren
1113 2346 1646 2497 Mit besten Grüssen
890 2389 1005 2511 nden
1468 2372 2217 2562 und Ihr ergebener Exemplare
1827 2494 2393 2729 Frischin
1771 2513 1884 2605 7
1644 2520 1747 2619 welche
1914 2614 2166 2706 erfahrte
761 2652 1090 2779 Satz Platte
