2610 3512
1328 582 1511 762 187
1257 741 1401 848 185
749 838 2049 977 S. FISCHER, VERLAG,’ BERLIN W., BÜLowSTR. 90
1328 1042 1973 1150 BERLIN W., DEN. 31. Okt. 08
1009 1299 1710 1436 Herrn Dr. Arthur Schnitzler
1681 1415 1812 1503 Wien
893 1596 1381 1710 Lieber Herr Doktor.
1008 1702 2185 1841 bezüglich des Schutzes in Amerika habe ich eine
907 1816 2171 1912 dahingehende Notiz auf der Rückseite des Titelblat-
904 1931 1294 2027 tes angebracht.
1034 2006 2096 2095 In der Sache mit Bloch ist nichts versäumt
909 2106 2093 2203 worden. Immer wieder versichert mir Herr Bloch.
916 2201 2140 2273 dass in das seit vielen Jahren angesammelte Mate-
917 2273 2116 2379 rial nur allmählich Ordnung zu bringen ist. Ich
914 2352 2138 2478 hoffe nichts destoweniger sehr bald das Material
928 2480 1244 2586 zu bekommen.
1030 2536 2108 2637 Ich lasse die letzte Abrechnung von Entsch
917 2612 2166 2745 nachprüfen; sobald die Arbeit beendet ist, bekom-
928 2719 2143 2845 men Sie die Aufstellung. Wir werden feststellen.
930 2832 2187 2936 ob die Abrechnung April-Juni stimmt und wir werden
