2944 3608
1231 363 1351 468 82
1066 463 1969 601 S. FISCHER, VERLAG
1637 561 1987 688 thau halten.
856 528 1349 688 Veröffentlichung in
2025 493 2275 681 14/10
1512 593 2442 758 um nicht über jedes Buch einen neuen
766 638 1469 768 Es wäre sehr gut, wenn wir
1519 728 2357 846 BERene W., DEN 14/12. 1900
2400 746 2575 826 G.C.H.P
1186 748 1316 856 G.H.F.P.
435 713 1166 858 TELEPHON: AMT VI, No. 1662.
1484 811 1932 941 BÜLÖWSTRASSE 91
1987 828 2447 938 abschliessen würden.
1076 823 1444 946 gewiset Zeit ge
1914 918 2380 1024 vorzulegen, wie 1
873 923 1411 1016 mir erlauben, Ihnen
626 911 861 1004 Darf ich
1512 911 2050 1079 Schnitzler
638 986 1474 1124 Herrn Dr. Arthur
1767 998 2440 1114 es abgeschlossen habe? Sie
1256 1031 1456 1116 toren m¬
1752 1056 2107 1169 Frankgasse 1
1999 1096 2227 1201 sichern.
766 1091 1084 1204 Vertragsform
1121 1094 1226 1176 G.C.F.P.
1264 1081 1474 1201 Ihnen
631 1094 743 1204 G.H.F:F:H:H
1807 1146 2047 1209 Wien.
2002 1156 2502 1289 Entscheidung wegen
1774 1194 1872 1264 G.C.F.P.
1156 1164 1469 1281 e mich gefl.
1509 1171 1597 1269 G.C.F.P.
738 1254 1269 1384 Lieber Herr Doktor!
748 1364 2548 1479 Sobald die „Beatrice“ bei mir eintrifft, werde ich mit dem Satz be-
653 1451 2465 1572 ginnen. Hoffentlich wird es möglich sein, das Buch bis Mitte Januar
653 1532 2663 1647 nächsten Jahres fertig zu stellen, mir will das etwas zweifelhaft scheinen,
656 1627 2513 1739 weil noch viel Feiertage dazwischen liegen. Es würde im Interesse des
651 1709 2583 1834 Druckes liegen, wenn Sie mir in Zukunft etwas mehr Zeit zur Herstellung
666 1809 2538 1954 liessen, schon das Hin- und Hersenden deréerecturen nimmt erheblich
663 1867 2645 2015 viel Zeit in Anspruch. Es würde aber im Uebrigen auch garnichts ausmachen
678 1972 2540 2105 - wenn Sie nicht aus einem besonderen Grunde dagegen sind -, wenn die
666 2022 2630 2192 „Beatrice“ gleichzeitig, etwa Ende Januar, mit „Leutnant Gustel“ erschie¬
668 2147 2625 2275 ne. Die beiden Bücher stören einander nicht und können ganz gut zusammen
678 2232 2500 2352 erscheinen. Lassen Sie mich freundl. wissen, in welcher Schrift die
673 2315 2618 2455 „Beatrice“ gesetzt werden soll, ob in der Schrift wie der „GrünerKakadu“
681 2402 2675 2590 oder wie „Das Vermächtnis“; mir scheint die letztere Form die geeignetere.
823 2500 2670 2615 Von Ihrer psychologischen Erzählung „Leutnant Gustel“ habe ich einen
688 2590 2658 2720 starken Eindruck gehabt. Ich habe das Manuscript gleich am andern Tage an
691 2680 2513 2813 Costhell geschickt, habe aber bis heute noch nichts von ihm gehört.
771 2783 2668 2895 Wenn Sie schon im April die „Garlan“ heraus haben wollen, so kann es
678 2848 2660 2995 ja geschehen; der Herbst schien mir freilich dazu geeigneter, um auf die
693 2948 2660 3083 beiden im Januar erscheinenden Bücher nicht allzu sehr zu drücken. Jeden-
693 3038 2633 3213 falls soll aber der Druck der Buchausgabe der „Garlan“ gleichen Schritt
