2659 3511
1267 431 1399 593 192
705 560 2000 686 S. FISCHER, VERLAG,„ BERLIN W., BÜLowSTR. 90
1110 663 1610 788 THEATERABTEILUNG
1290 821 2003 968 BERene W., DEN 19. April 09
873 1131 1577 1262 Herrn Dr. Arthur Schnitzler
1595 1208 1822 1357 Wien XVII
855 1409 1350 1510 Lieber Herr Doktor,
988 1515 2070 1626 verbindlichsten Dank für Ihren Brief. Viel¬
841 1619 2021 1714 leicht kommt doch noch etwas in Amerika heraus.
834 1703 2091 1835 Einstweilen macht auch mir die Sache keinen Spass.
829 1802 2114 1895 Das neue copyright-Gesetz, das am 1. Juli in Kraft
837 1897 2055 1992 tritt, wird Sie in Amerika genau so schützen wie
836 1967 2080 2094 im Heimatland, und ich haltenes für garnicht aus-
847 2068 2139 2199 geschlossen, dass sich Amerika zu Ihren Dramen ent¬
855 2184 2111 2269 wickelt. Miss Kaiser hat alle Ihre Stücke überset-
1837 2256 1951 2303 arvoire
854 2246 2057 2395 zen lassen und dem Neuen Theater angeboten, sie
854 2364 2163 2454 macht für die Saison 1910/11 dort einige Hoffnungen.
859 2428 2075 2558 Aber vielleicht realisiert sich auch noch früher
855 2542 1422 2653 das eine oder andere.
