2796 3415
354 694 1108 908 Hn. Spierten
851 797 1911 1003 Mitgebeführt /:M
474 885 723 1005 schlussen
277 965 2434 1248 Linbelei neu zu ediren, da das
1565 1125 2194 1228 actuelles
300 1174 2505 1357 Interesse dann ein sein wird.
443 1274 2439 1500 find fia anderer Meinung i
286 1397 2531 1597 Ich habe Ihre köstlichen Antatol - Vielage
248 1494 2482 1765 gleich gestern gelesen und freue mich
286 1642 2531 1865 für dieses Zuch etwas thun zu dürfen,
454 1774 2533 1962 sigentlich hätte ich auch gang gern
246 1851 2542 2025 Stire Liebelei gebracht, denn die Reclam-
291 1968 2528 2165 zusgaben entwerthen (im Publikum) Shre¬
371 2108 2425 2274 feueroren Bücher. Sollten für ein
283 2176 2425 2376 Inenes Stück haben, so will ich es
