2610 3512
782 851 1743 975 Kreuz bezeichneten scheiden wohl aus.
859 947 2042 1085 Ich lege ferner eine Aufstellung für die Monate
762 1045 2013 1164 Juli-September bei, die mit Ausnahme von Hannover.
768 1117 2030 1250 Prag und Marienbad (letzteres durch Eirich) bisher
776 1238 2031 1335 unverrechnet geblieben sind. Ich schicke eine Ab-
773 1307 1969 1415 schrift dieser letzten Aufstellung an Bloch, um
778 1410 2017 1516 festzustellen, was dort von diesen Posten für Sie
786 1499 2009 1592 eingegangen ist. Ich schreibe ferner an alle hier
784 1601 1992 1695 in Betracht kommenden Theater, um festzustellen.
792 1693 1994 1786 ob das Geld an Bloch oder an Entsch abgeliefert
792 1792 959 1889 wurde.
972 1859 1452 1978 Mit besten Grüssen
1437 1953 1786 2049 Ihr ergebener
1466 2067 1937 2243 L. Fischer
