2638 3543
1159 315 1302 440 279
716 396 2108 575 S. Fischer Verlag, Berlin W., Bülowstrasse 90
1326 526 1592 665 9/5. 1912
672 905 1436 1035 Herrn Dr. Arthur Schnitzler
1388 1004 1553 1128 Wien
634 1176 1181 1291 Lieber Herr Doktor,
777 1288 2288 1394 Sie wissen, dass die "Neue freie Volksbühne" am 15. die
659 1383 2211 1491 "Liebelei" bringt. Ich habe auch Barnowsky für diesen Tag
648 1471 2308 1606 die "Liebelei" freigegeben, ich nehme an, dass Sie damit ein-
648 1559 1119 1678 verstanden sind.
771 1625 2365 1782 Den Brief von Bonnier sende ich Ihnen zurück. bonnier will
648 1760 2414 1879 die Novellen in deutscher Sprache herausgeben, das haben Sie wohl
641 1850 938 1932 übersehen.
802 1901 2365 2059 Für 6 Auflagen "Masken und Wunder" plus 300 Freiexemplare
650 2026 2317 2112 (wir haben eine grössere Anzahl Freiexemplare für dieses Buch
648 2108 2412 2205 drucken lassen, weil aus Anlass Ihres Geburtstages eine besonders
639 2209 2288 2321 grosse Zahl von Gesuchen wegen Freiexemplaren eingehen wird)
2055 2293 2335 2407 M. 4500.-
641 2284 1513 2403 Ladenpreis M. 3.-, erhalten Sie
777 2376 2092 2495 für 6 Auflagen "Gesammelte Werke" plus 420 Frei-
643 2471 1940 2564 exemplare, fiktiver Ladenpreis des broschierten
2062 2526 2337 2667 M. 12000.-
639 2548 1507 2687 Exemplars M. 8--, erhalten Sie
1707 2634 2321 2755 in Summa M. 16500.-
648 2698 2304 2826 (Sechzehntausend fünfhundert Mark). Diese Summe überweisen wir
641 2821 2302 2951 gleichzeitig auf Ihr Conto bei der X. X. priv. Allg. Oesterr.
630 2905 1399 3024 Bodencreditanstalt in Wien.
791 2987 2343 3117 Erlauben Sie mir, Ihnen schon heute für den 15. ein Werk
639 3075 2293 3213 zu dedizieren, das ich auf meiner Reise aufgegabelt habe, in
