2777 3480
1938 330 2425 537 11/10 63
611 506 2342 692 an die Benutzung desselben Satzes für Bühnenmanuscript und Buch-
621 628 2385 780 ausgabe denke. Der Satz des Bühnenmanuscripts kann stehen bleiben
618 711 2480 868 nach erfolgter Aufführung und nachdem die Buchausgabe erschienen ist.
628 835 2366 944 Satz und Druck eines fünfaktigen Stückes kann, wenn nötig, in 14
632 911 2475 1041 Tagen hergestellt werden; es ist freilich besser, wenn wir mehr Zeit
637 1001 2523 1129 dazu haben, da für Carrecturen und Revisionen die meiste Zeit verloren
792 1108 2523 1286 Es liegt in meiner Absicht, von „Bertha Garlan“ und „Gustl“ neue
637 1139 777 1241 geht.
637 1210 2394 1374 Auflagen zu drucken; wenn es notwendig ist, noch vor Weihnachten,
647 1274 2439 1484 am besten aber erst nach Weihnachten. Da Sie im Frühjahr ein neues
647 1362 2492 1545 Novellettenbuch erscheinen lassen wollen, so wäre für die Versendung
649 1472 2561 1619 der Neuauflagen dann der gegebene Zeitpunkt. Zum Neudruck von „Sterben“
659 1545 2480 1702 liegt augenblicklich noch kein Bedürfnis vor, es sind noch etwa 340
654 1645 2530 1824 Exemplare vorhanden und das reicht nach unsern Erfahrungen noch eine
661 1702 2525 1919 Weile. Selbstverständlich werde ich im gegebenen Augenblick auch die-
663 1845 1923 2007 ses Buch in einer neuen Auflage herausbringen.
780 1897 2489 2085 Vom „Anatol" sind noch etwa 1000 Expl. vorhanden. Ich hatte mir
670 1961 2513 2185 im vorigen Jahre erlaubt um Aufschub der billigen Ausgabe zu bitten,
680 2083 2523 2266 weil die billige Ausgabe die teurere illustrirte Ausgab sofort lahm
685 2171 2553 2330 legen würde. Sie waren so freundlich, in Anerkennung dieses triftigen
687 2240 2482 2411 Grundes diesem Vorschlag zuzustimmen, und ich bitte auch jetzt, in
685 2330 2489 2513 Brücksichtigung dieses Umstandes, mir zur Herstellung der billigen
692 2430 2561 2601 Ausgabe noch Zeit zu lassen. Hat sich der Lagerbestand erst auf 3-400
697 2515 2582 2687 Expl. reduzirt, so werde ich nicht zögern, die billige Ausgabe zu vero-
1897 2613 2026 2708 zu t
699 2698 1029 2801 anstalten.
1056 2663 1681 2815 Mit herzlichen Grüssen
1560 2703 2237 2905 Ihr aufrichtig ergebener
1082 2853 1208 2977 soll
1757 2822 2142 3017 Pfischer
