<?xml version="1.0" encoding="UTF-8" standalone="yes"?>
<PcGts xmlns="http://schema.primaresearch.org/PAGE/gts/pagecontent/2013-07-15" xmlns:xsi="http://www.w3.org/2001/XMLSchema-instance" xsi:schemaLocation="http://schema.primaresearch.org/PAGE/gts/pagecontent/2013-07-15 http://schema.primaresearch.org/PAGE/gts/pagecontent/2013-07-15/pagecontent.xsd">
    <Metadata>
        <Creator>prov=READ-COOP:name=TrHtr:version=2.1.0:model_id=51170:date=26_07_2023_22:27</Creator>
        <Created>2023-05-02T08:09:43.507+02:00</Created>
        <LastChange>2023-07-26T22:27:30.720+02:00</LastChange>
        <TranskribusMetadata docId="1416742" pageId="54954006" pageNr="220" tsid="131084497" status="IN_PROGRESS" userId="64420" imgUrl="https://files.transkribus.eu/Get?id=QQKVOJSFBBSFRLEFASYJAHVS&amp;fileType=view" xmlUrl="https://files.transkribus.eu/Get?id=PZUDSIFCGPSTLMLNZLJDWXTQ" imageId="44457731"/>
    </Metadata>
    <Page imageFilename="1416742_0220.jpg" imageWidth="2779" imageHeight="3351">
        <ReadingOrder>
            <OrderedGroup id="ro_1711827197898" caption="Regions reading order">
                <RegionRefIndexed index="0" regionRef="tr_2"/>
                <RegionRefIndexed index="1" regionRef="tr_1"/>
            </OrderedGroup>
        </ReadingOrder>
        <TextRegion id="tr_2" custom="readingOrder {index:0;}">
            <Coords points="597,314 1875,314 1875,1153 597,1153"/>
            <TextLine id="tr_2_tl_1" custom="readingOrder {index:0;}">
                <Coords points="1100,369 1114,366 1127,376 1135,374 1157,393 1181,392 1196,379 1205,387 1223,381 1223,313 1210,309 1178,312 1145,296 1126,310 1100,309"/>
                <Baseline points="1108,364 1152,364 1197,364 1227,364"/>
                <TextEquiv>
                    <Unicode>126</Unicode>
                </TextEquiv>
            </TextLine>
            <TextLine id="tr_2_tl_2" custom="readingOrder {index:1;}">
                <Coords points="587,507 1763,491 1869,472 1871,406 1632,373 1488,424 590,416"/>
                <Baseline points="597,483 621,486 666,483 710,483 755,480 800,480 845,480 890,480 934,480 979,474 1024,474 1069,474 1114,474 1158,474 1203,471 1248,468 1293,468 1338,465 1382,465 1427,462 1472,462 1517,459 1562,459 1606,459 1651,456 1696,456 1741,456 1786,453 1830,450 1875,456"/>
                <TextEquiv>
                    <Unicode>S. FISCHER,VERLAG, BERLIN W., BÜLowSTR. 91</Unicode>
                </TextEquiv>
            </TextLine>
            <TextLine id="tr_2_tl_3" custom="readingOrder {index:2;}">
                <Coords points="985,571 1038,595 1065,580 1081,593 1340,560 1485,579 1488,505 1322,483 1150,513 1036,500 985,520"/>
                <Baseline points="994,552 997,552 1042,552 1087,552 1131,549 1176,549 1221,546 1266,546 1311,543 1355,543 1400,540 1445,540 1490,540"/>
                <TextEquiv>
                    <Unicode>THEATERABTEILUNG</Unicode>
                </TextEquiv>
            </TextLine>
            <TextLine id="tr_2_tl_4" custom="readingOrder {index:3;}">
                <Coords points="1167,739 1663,747 1760,723 1864,742 1867,640 1783,628 1730,660 1567,662 1511,643 1453,665 1300,635 1169,663"/>
                <Baseline points="1176,731 1197,728 1242,728 1287,725 1332,725 1376,725 1421,722 1466,722 1511,722 1556,719 1600,719 1645,719 1690,716 1735,716 1780,713 1824,713 1869,716"/>
                <TextEquiv>
                    <Unicode>BERene W., DEN...15. Sept. 05.</Unicode>
                </TextEquiv>
            </TextLine>
            <TextLine id="tr_2_tl_5" custom="readingOrder {index:4;}">
                <Coords points="956,1025 1110,991 1178,1007 1261,983 1647,983 1648,926 1588,913 1281,937 1150,891 959,918"/>
                <Baseline points="967,988 979,985 1024,985 1069,982 1114,982 1158,982 1203,982 1248,979 1293,976 1338,976 1382,973 1427,973 1472,970 1517,970 1562,970 1606,967 1651,967"/>
                <TextEquiv>
                    <Unicode>Herrn Dr. Arthur Schnitzler</Unicode>
                </TextEquiv>
            </TextLine>
            <TextLine id="tr_2_tl_6" custom="readingOrder {index:5;}">
                <Coords points="1445,1092 1512,1087 1536,1108 1605,1089 1671,1098 1720,1082 1808,1081 1819,1078 1821,1039 1749,1046 1712,1038 1672,1009 1624,1025 1548,1023 1527,1007 1447,1009"/>
                <Baseline points="1454,1081 1463,1081 1508,1081 1553,1081 1597,1081 1642,1081 1687,1078 1732,1075 1777,1072 1821,1072"/>
                <TextEquiv>
                    <Unicode>Spöttelgasse 7</Unicode>
                </TextEquiv>
            </TextLine>
            <TextLine id="tr_2_tl_7" custom="readingOrder {index:6;}">
                <Coords points="1524,1189 1596,1193 1621,1175 1663,1165 1703,1170 1723,1154 1744,1156 1763,1145 1789,1154 1791,1100 1744,1090 1723,1100 1698,1094 1592,1105 1580,1097 1572,1105 1560,1098 1525,1106"/>
                <Baseline points="1532,1143 1570,1143 1615,1143 1660,1143 1705,1140 1750,1140 1794,1137"/>
                <TextEquiv>
                    <Unicode>Wien XVIII</Unicode>
                </TextEquiv>
            </TextLine>
        </TextRegion>
        <TextRegion id="tr_1" custom="readingOrder {index:1;}">
            <Coords points="695,1189 2027,1189 2027,2530 695,2530"/>
            <TextLine id="tr_1_tl_1" custom="readingOrder {index:0;}">
                <Coords points="886,1255 1078,1273 1111,1253 1156,1276 1255,1245 1380,1265 1381,1177 1295,1201 1114,1186 1047,1220 887,1204"/>
                <Baseline points="895,1254 934,1251 979,1251 1024,1248 1069,1248 1114,1245 1158,1245 1203,1245 1248,1242 1293,1242 1338,1239 1382,1239"/>
                <TextEquiv>
                    <Unicode>Lieber Herr Doktor!</Unicode>
                </TextEquiv>
            </TextLine>
            <TextLine id="tr_1_tl_2" custom="readingOrder {index:1;}">
                <Coords points="849,1393 1717,1357 1877,1391 1898,1309 1597,1273 1391,1308 852,1309"/>
                <Baseline points="857,1376 869,1376 913,1373 958,1373 1003,1373 1048,1370 1093,1367 1137,1367 1182,1367 1227,1364 1272,1364 1317,1361 1361,1361 1406,1358 1451,1358 1496,1358 1541,1355 1585,1355 1630,1355 1675,1352 1720,1352 1765,1349 1809,1349 1854,1349 1899,1346"/>
                <TextEquiv>
                    <Unicode>Der Theaterprospekt wird nächste Woche zur</Unicode>
                </TextEquiv>
            </TextLine>
            <TextLine id="tr_1_tl_3" custom="readingOrder {index:2;}">
                <Coords points="723,1472 1757,1461 1906,1445 1907,1388 1401,1373 1193,1434 724,1405"/>
                <Baseline points="731,1466 743,1469 788,1469 833,1466 878,1466 922,1463 967,1463 1012,1463 1057,1460 1102,1460 1146,1460 1191,1457 1236,1457 1281,1454 1326,1454 1370,1454 1415,1451 1460,1451 1505,1451 1550,1448 1594,1448 1639,1445 1684,1442 1729,1442 1774,1442 1818,1442 1863,1439 1908,1442"/>
                <TextEquiv>
                    <Unicode>Versendung kommen, einige Anfragen sind bereits</Unicode>
                </TextEquiv>
            </TextLine>
            <TextLine id="tr_1_tl_4" custom="readingOrder {index:3;}">
                <Coords points="726,1567 1050,1584 1127,1554 1209,1583 1357,1559 1359,1525 1285,1488 1205,1479 1084,1493 1030,1527 911,1519 804,1482 727,1496"/>
                <Baseline points="734,1562 779,1562 824,1559 869,1556 913,1556 958,1556 1003,1553 1048,1550 1093,1550 1137,1550 1182,1547 1227,1547 1272,1547 1317,1547 1361,1544"/>
                <TextEquiv>
                    <Unicode>eingegangen und erledigt.</Unicode>
                </TextEquiv>
            </TextLine>
            <TextLine id="tr_1_tl_5" custom="readingOrder {index:4;}">
                <Coords points="831,1683 1333,1640 1605,1663 1722,1628 1818,1658 1960,1634 1962,1589 1385,1560 833,1610"/>
                <Baseline points="842,1648 845,1648 890,1648 934,1645 979,1642 1024,1642 1069,1642 1114,1642 1158,1639 1203,1639 1248,1636 1293,1636 1338,1633 1382,1633 1427,1633 1472,1630 1517,1630 1562,1630 1606,1627 1651,1627 1696,1627 1741,1624 1786,1624 1830,1621 1875,1621 1920,1618 1965,1615"/>
                <TextEquiv>
                    <Unicode>Bezüglich der Garantiesumen werde ich gewiss</Unicode>
                </TextEquiv>
            </TextLine>
            <TextLine id="tr_1_tl_6" custom="readingOrder {index:5;}">
                <Coords points="727,1751 1942,1731 2003,1719 2005,1650 807,1712 729,1682"/>
                <Baseline points="737,1741 752,1741 797,1741 842,1741 887,1741 931,1738 976,1735 1021,1735 1066,1735 1111,1732 1155,1729 1200,1729 1245,1726 1290,1726 1335,1726 1379,1723 1424,1723 1469,1720 1514,1720 1559,1720 1603,1717 1648,1717 1693,1714 1738,1717 1783,1714 1827,1714 1872,1711 1917,1708 1962,1708 2007,1705"/>
                <TextEquiv>
                    <Unicode>Ihr Interesse zu wahren suchen. Ich wäre Ihnen aber</Unicode>
                </TextEquiv>
            </TextLine>
            <TextLine id="tr_1_tl_7" custom="readingOrder {index:6;}">
                <Coords points="731,1850 1736,1835 1898,1810 1917,1765 1626,1770 1535,1736 1290,1779 1135,1751 1038,1799 732,1787"/>
                <Baseline points="740,1830 755,1833 800,1833 845,1830 890,1830 934,1827 979,1827 1024,1824 1069,1824 1114,1824 1158,1821 1203,1821 1248,1818 1293,1818 1338,1815 1382,1815 1427,1812 1472,1812 1517,1809 1562,1809 1606,1809 1651,1806 1696,1806 1741,1806 1786,1803 1830,1803 1875,1800 1920,1800"/>
                <TextEquiv>
                    <Unicode>dankbar, wenn Sie mir aus Ihren Erfahrungen bei</Unicode>
                </TextEquiv>
            </TextLine>
            <TextLine id="tr_1_tl_8" custom="readingOrder {index:7;}">
                <Coords points="724,1954 1824,1898 1922,1925 2005,1907 2006,1853 1369,1840 1146,1879 938,1842 727,1880"/>
                <Baseline points="734,1926 755,1926 800,1926 845,1926 890,1923 934,1923 979,1920 1024,1920 1069,1917 1114,1917 1158,1914 1203,1914 1248,1911 1293,1908 1338,1911 1382,1908 1427,1908 1472,1905 1517,1905 1562,1902 1606,1902 1651,1902 1696,1899 1741,1899 1786,1896 1830,1896 1875,1896 1920,1893 1965,1893 2010,1893"/>
                <TextEquiv>
                    <Unicode>Entsch mitteilen wollten, welche Garantiesummen sie</Unicode>
                </TextEquiv>
            </TextLine>
            <TextLine id="tr_1_tl_9" custom="readingOrder {index:8;}">
                <Coords points="742,2037 1345,2008 1492,2037 1629,2000 1677,2027 1727,1992 1949,1998 1950,1938 1324,1944 1180,1984 966,1938 743,1987"/>
                <Baseline points="752,2018 788,2018 833,2018 878,2015 922,2015 967,2015 1012,2012 1057,2010 1102,2007 1146,2007 1191,2004 1236,2004 1281,2001 1326,2001 1370,2001 1415,1998 1460,1998 1505,1998 1550,1995 1594,1995 1639,1995 1684,1992 1729,1992 1774,1989 1818,1989 1863,1986 1908,1986 1953,1983"/>
                <TextEquiv>
                    <Unicode>von den grösseren Theatern in der Regel bekommen</Unicode>
                </TextEquiv>
            </TextLine>
            <TextLine id="tr_1_tl_10" custom="readingOrder {index:9;}">
                <Coords points="735,2122 1768,2117 1968,2091 1970,2042 1797,1994 1298,2062 938,2043 879,2078 739,2030"/>
                <Baseline points="746,2114 764,2111 809,2111 854,2111 898,2111 943,2108 988,2105 1033,2102 1078,2102 1122,2099 1167,2096 1212,2096 1257,2096 1302,2093 1346,2093 1391,2093 1436,2090 1481,2090 1526,2090 1570,2090 1615,2087 1660,2087 1705,2084 1750,2084 1794,2084 1839,2081 1884,2081 1929,2078 1974,2075"/>
                <TextEquiv>
                    <Unicode>haben. Es wäre für mich immerhin ein Ansporn, da¬</Unicode>
                </TextEquiv>
            </TextLine>
            <TextLine id="tr_1_tl_11" custom="readingOrder {index:10;}">
                <Coords points="737,2217 852,2208 881,2224 916,2209 985,2229 1046,2209 1253,2205 1255,2125 1142,2112 972,2163 926,2123 897,2122 739,2165"/>
                <Baseline points="746,2207 764,2207 809,2204 854,2204 898,2201 943,2201 988,2198 1033,2198 1078,2195 1122,2192 1167,2192 1212,2192 1257,2192"/>
                <TextEquiv>
                    <Unicode>rüber hinauszugehen.</Unicode>
                </TextEquiv>
            </TextLine>
            <TextLine id="tr_1_tl_12" custom="readingOrder {index:11;}">
                <Coords points="819,2312 1877,2291 2022,2264 2024,2200 820,2251"/>
                <Baseline points="827,2296 863,2293 907,2293 952,2290 997,2290 1042,2287 1087,2287 1131,2284 1176,2284 1221,2284 1266,2284 1311,2281 1355,2278 1400,2278 1445,2275 1490,2275 1535,2275 1579,2272 1624,2272 1669,2269 1714,2269 1759,2266 1803,2269 1848,2266 1893,2266 1938,2260 1983,2260 2027,2257"/>
                <TextEquiv>
                    <Unicode>Um das Copyright für Amerika können wir uns erst</Unicode>
                </TextEquiv>
            </TextLine>
            <TextLine id="tr_1_tl_13" custom="readingOrder {index:12;}">
                <Coords points="737,2397 1934,2381 1965,2305 739,2345"/>
                <Baseline points="746,2389 758,2389 803,2389 848,2389 893,2386 937,2383 982,2383 1027,2383 1072,2380 1117,2383 1161,2380 1206,2377 1251,2374 1296,2374 1340,2371 1385,2371 1430,2368 1475,2368 1520,2365 1564,2365 1609,2362 1654,2362 1699,2362 1744,2359 1788,2359 1833,2356 1878,2356 1923,2353 1968,2353"/>
                <TextEquiv>
                    <Unicode>bewerben, wenn der genaue Erscheinungstermin des</Unicode>
                </TextEquiv>
            </TextLine>
            <TextLine id="tr_1_tl_14" custom="readingOrder {index:13;}">
                <Coords points="743,2484 1730,2491 1998,2465 2000,2408 1735,2421 1644,2381 1447,2427 1273,2392 1086,2441 745,2430"/>
                <Baseline points="752,2478 794,2481 839,2481 884,2478 928,2478 973,2478 1018,2475 1063,2472 1108,2472 1152,2472 1197,2469 1242,2469 1287,2466 1332,2466 1376,2463 1421,2460 1466,2460 1511,2457 1556,2457 1600,2457 1645,2455 1690,2455 1735,2455 1780,2455 1824,2452 1869,2452 1914,2449 1959,2449 2004,2452"/>
                <TextEquiv>
                    <Unicode>Buches feststeht, denn nach einer neuen Verordnung</Unicode>
                </TextEquiv>
            </TextLine>
            <TextLine id="tr_1_tl_15" custom="readingOrder {index:14;}">
                <Coords points="686,2520 695,2521 700,2528 711,2523 745,2529 777,2523 798,2537 820,2523 830,2523 831,2488 783,2492 750,2484 731,2494 687,2481"/>
                <Baseline points="695,2520 698,2520 743,2520 788,2517 833,2514"/>
                <TextEquiv>
                    <Unicode>G.C. 538</Unicode>
                </TextEquiv>
            </TextLine>
        </TextRegion>
    </Page>
</PcGts>
