2740 3287
1000 308 1861 482 S. FISCHER, VERLAG
1480 537 2253 703 BERene W., DEN 19/3. 1904.
368 623 610 707 TELEPHON:
1487 654 1934 747 BÜL àWSTRASSE 90/91.
361 696 603 780 AMT VI, 1662
1830 738 2051 861 Wien
716 769 1623 881 Herrn Dr. Arthur Schnitzler
344 861 1592 998 R.C. R.T. ja A. & M. M. A. B. M..
993 965 1570 1108 Sehr geehrter Herr!
892 1046 2277 1229 Direktor Lindemann hat sich leider nicht dazu ver-
791 1198 2447 1322 stehen können, auf die Garantie von 5000 Mark eine Anzahlung
788 1284 2423 1429 von auch nur 3000 Mark bar zu leisten. Doch scheint es uns,
797 1366 2500 1495 als ob die Weigerung der Zahlung mehr ein Vorwand gewesen sei,
793 1460 2533 1599 um den fast schon perfekten Kontrakt wieder rückgängig machen
800 1533 2570 1696 zu können, Lindemann teilt uns mit, dass er vermutlich im Herbst
808 1634 2471 1802 den „Einsamen Weg“ in das Repertoir seiner Tournee aufnehmen
808 1784 996 1907 würde.
1850 1791 2319 1927 Hochachtungsvoll
1890 1894 2158 2009 ergebenst
1837 1982 2273 2075 THEATERASTEILUNG
1852 2057 2253 2119 VERLAG UND VERTRIES
1850 2095 2260 2161 DRAMATISCHER WERKE
1797 2125 2310 2253 S. FISCHER, VERLAG
1857 2225 2471 2403 Dr Tokandasius,
