2610 3512
2359 275 2443 407 Pr.
1372 570 1456 728 62
1226 727 1346 822 183
695 814 1982 937 S. FISCHER, VERLAG, BERLIN W., BÜLowSTR. 90
1274 998 1982 1127 BERene W., DEN 12. Okt. 08
890 1262 1595 1397 Herrn Dr. Arthur Schnitzler
1570 1386 1687 1501 Wien
779 1563 1282 1694 Lieber Herr Doktor.
956 1649 2082 1797 „Komtesse Mizzi" drucken wir am besten in den
774 1771 2013 1906 Typen und dem Format der „Marionetten“, ich finde
778 1877 2036 2000 den Satz und das Format sehr gut, ich wüsste Ihnen
786 1965 2035 2076 keine besseren Vorschläge zu machen. Von einer Um-
788 2051 2040 2165 schlagzeichnung würde ich bitten, wenn Ihnen etwas
789 2122 2053 2255 Figürliches dabei vorschwebt, abzusehen. Wir haben
801 2234 2058 2343 keine guten Zeichner, die so etwas reizvoll machen
797 2325 2079 2433 können, und wenn man es nicht sehr gut machen kann,
801 2417 2112 2524 so wirken wir viel besser mit einem Schriftumschlag.
806 2509 2051 2623 Ich würde den Schriftumschlag zeichnen lassen, in
802 2575 2028 2710 einer ähnlichen Schrift wie die des Einbands der
812 2667 2089 2802 „Marionetten“. Den Ladenpreis setzen wir am besten
809 2745 2138 2934 mit M. 1.- für das broschierte Exemplar an. Wenn Sie
