2696 3315
2058 279 2237 429 28/
2170 357 2406 496 1304
569 424 2182 579 pflichten zu können, nachdem ihm wahrscheinlich die Kritiken
550 503 2380 627 in Anbetracht der provinzialen Verhältnisse, des schönen Wetters und
1637 562 2266 619 entsprechenden Erfolg
896 586 1613 655 wäre einen der Garantiesume
560 615 889 679 serliser Prende
560 615 2266 712 des intim künstlerischen Charakters des Stückes, diesem Ersuchen
965 686 1156 743 chiene.
560 665 2413 817 stattgeben zu müssen geglaubt, unter der Bedingung, dass das Deutsche
643 698 922 755 verheissen
2025 731 2382 789 geschehen ist.
1906 741 1992 796 les
1389 748 1813 815 dass vos hier an
562 758 2461 891 Theater in Hannover den „Einsamen Weg“ nicht wie neuerdings beabsich-
665 774 1196 841 Sie dürfen überzeugt
1568 827 2080 893 schäftlichen Erfolgendes
569 848 1477 946 wird. Werk xxx
569 827 2287 965 tigt, erst im Februar 1905 herausbringt, sondern in der Zeit vom
1644 891 2325 974 so sich von vorsherein nach
572 946 1348 1034 melfen. Die meisten Direktore
567 955 2325 1063 15. Oktober bis 15. November 1904. Die Direktion bittet uns heute
569 996 2321 1115 Kenntnisnahme des Buches ablehmend, ein anderer Teil versuchte die
569 1034 2323 1177 nochmals dringend den Februar als Endtermin zu bewilligen, worauf
1387 1094 2142 1167 Fremiere hinzuziehen und nach
579 1125 2423 1234 wir jedoch nicht eingehen werden. Wir bleiben bei der Forderung einer
581 1139 862 1208 Verhandlung
1794 1177 2206 1248 ch, weitere Anm
1506 1196 1594 1256 .4.
1277 1206 1384 1263 G.F.P.
581 1227 2378 1370 Aufführung in der Zeit zwischen 15. Oktober - 15. November 1904 be-
736 1222 1063 1287 Premiere war
591 1239 708 1289 me
1837 1270 2137 1360 betheid, dass
851 1296 1360 1406 Wir hoffen indessen
584 1322 803 1382 erzielen
2261 1320 2390 1399 Anzah
1796 1337 2209 1415 aufführungen ein
581 1368 781 1425 stehen.
584 1375 1444 1472 Hinweis auf die grössere Anzahl
689 1337 2349 1513 Leipzig, Direktor Anton Hartmann, 10 % von der Bruttoeinnahme,
2387 1415 2509 1491 den.
1613 1446 2142 1513 e Rlison zastande b
584 1472 2316 1611 300 Mark Mindest-Garantie, Zahlung der Garantie 2 Monate vor der
955 1480 1215 1544 Abschlüss
596 1546 2430 1687 ersten Aufführung, die spätestens am 1. Januar 1905 statthaben muss.
593 1661 1394 1784 Conventionalstrafe 500 Mark.
700 1713 2444 1858 Breslau, 10 %, 300 Mark Mindest-Garantie, zahlbar 4 Wochen nach
596 1818 2349 1968 dem Termin der Erstaufführung, die spätestens statthaben muss am
596 1911 1692 2035 1/10. 1904. Conventionalstrafe 500 Mark.
708 1980 2447 2111 Frankfurt a/M. 10&, Aufführungs-Termin 1/11. 1905, Conventional-
610 2080 2516 2242 Strafe 500 Mark. Intendant Emil Claar versagte sich aufs allerentschie-
617 2161 2425 2328 denste der Leistung jeglicher Garantie, weil er eine solche princi-
619 2268 1499 2416 piell niemals zu leisten pflegt.
724 2311 2423 2478 Elberfeld, Stadttheater 8 %, 150 Mark Mindest-Garantie (hereits
627 2413 2511 2578 bezahlt und sofort zu Ihrer verfügung). Aufführungs-Termin 1/1. 1905.
636 2545 1408 2668 Conventionalstrafe 500 Mark.
598 2606 2471 2749 Die Verhandlungen mit Lindemann, wie erwähnt, zerschlugen sich daran,
586 2690 2385 2854 dass er mit dem Zahlungs-Hodes der Garantie nicht einverstanden zu
581 2764 2499 2945 sein erklärte, und als wir ihm unsere eventl. Absicht, ihm den „Einsamen
596 2866 2478 3023 Weg“ auch ohne sofortige Feilzahlung zu geben durchblicken liessen, so
598 2938 2447 3112 erklärte er, sich zu einer Garantie-Leistung überhaupt nicht mehr ver-
