2819 3624
1015 337 1878 464 S. Fischer = Verlag = Berlin
1263 418 2273 602 ur Schnitzler Blatt II
688 464 1253 619 Dtsetzung Brief Dr. Art
688 614 2386 845 träge abgeschlossen haben, nur spiche Stücke hervorholen, von
705 794 1971 899 on sie wissen, dass sie Entgegenkommen finden.
759 840 2548 990 wäre also den Interessen der Autoren nicht damit gedient, hjedes
693 941 2477 1091 gegenkommen zu versagen. Wir werden darum auch künftig, wenn sie
605 1032 2578 1177 uns nicht einen Gegenauftrag erteilen, je nach Lage eine mässige Herab-
605 1135 2499 1290 setzung gewähren, wobei wir Ihre Interessen selbstverständlich stets
597 1214 2443 1352 wahrnehmen werden. In Fällen, wo eine Verkürzung der Tantiene eine
609 1300 2455 1430 innere Berechtigung nicht haben sollte, würden wir gegebenen Falls
609 1391 2428 1541 Ihrem Wunsche gemäss darauf dringen, dass der gesparte Betrag den
597 1482 2516 1634 engagementslosen Schauspielern zugewendet wird. Wir sagen aber nicht
607 1568 2507 1718 zuviel, wenn uns bisher noch keine Bühne begegnet ist, deren Kassen-
607 1654 2575 1855 rapporte bei bereits gespielten Stücken diese Massnahme gerechtfertigt
609 1794 816 1939 hätte.
1649 1826 2131 1995 Hochachtungsvoll
1720 1946 2008 2084 ergebenst
1664 2010 2172 2163 S. FISCHER,ayerLAG
1693 2109 2163 2209 THEATERABTEILUNG
1740 2177 1966 2310 Gries
