2213 3479
333 862 1785 957 an Wiss Käuser schreiben. Im übrigen versteht es
380 957 1792 1055 sich ja von selbst, dass Sie die Verwertung Ihrer
416 1032 1776 1157 Dramen im Auslande dort, wo es Ihnen zweckmässig
324 1117 1613 1220 erscheint, selbst in die Hand nehmen.
380 1209 1826 1334 In meinem Briefe vom 30. November v.J. habe ich
579 1296 1781 1421 Ihnen ja geschrieben, dass durch eine Zusatzakte
585 1396 1707 1513 im Gesetz jedes Buch durch Zusendung von zwei
586 1473 1765 1600 Exemplaren zur Registrierung in Washington ein
586 1562 1785 1716 Jahr lang geschützt ist. Das bezieht sich natür-
563 1647 1725 1799 lich auch auf den Vorabdruck von Novellen und
586 1738 1770 1848 Romanen, die solchermassen ein Jahr lang Schutz
601 1839 1785 1948 geniessen. Das habe ich ja auch in meinem Briefe
597 1926 1723 2024 vom 30. November ausgeführt. Wir bringen bei¬
595 2042 1765 2127 spielsweise im nächsten Heft der Rundschau eine
597 2116 1745 2237 Novelle von Strauss, die durch Deponierung der
588 2212 1819 2293 Hefte ein Jahr lang geschützt sein wird. Wenn ich
595 2315 1792 2404 das Gesetz recht verstehe, wird es möglich sein,
595 2387 1779 2498 den Schutz auch auf das Buch, das dieselben No¬
605 2463 1814 2583 vellen enthält, die durch Zeitschriften geschütst
597 2596 1605 2690 sind, auf ein weiteres Jahr auszudehnen.
691 2653 1779 2795 Prof. Bie hat Ihnen wohl schon gesagt, dass
