2793 3559
1449 258 1615 376 228
1002 318 2087 495 S. Fischer, Verlag, Berlin W., Bülowstraße 90
1974 481 2458 631 den 27. Okt. 1910
693 852 1458 991 Herrn Dr. Arthur Schnitzler
1426 935 1728 1044 Wien XVIII
1415 1023 1746 1113 xxxx
682 1159 1233 1320 Lieber Herr Doktor,
852 1311 2513 1408 ich lege die Rezensions-Liste für den "Medardus" bei. Es sind
693 1387 2506 1520 diejenigen Adressen, die auf unsere Umfrage hin den „Medardus“ ver-
689 1479 2490 1592 langt haben. Zu dieser Liste kämen dann noch die Freiexemplare für
693 1590 2479 1696 die Autoren meines Verlages hinzu und solche Rezensenten oder Zei-
700 1656 1668 1792 tungen, die Sie für wichtig halten.
875 1716 2534 1866 Im Interesse der Orientierung auf der Bühne würde diesmal die
700 1838 2483 1960 vorherige Ausgabe des Buches vielleicht ganz zweckmässig sein. An-
691 1951 2527 2037 dererseits könnten eventl. Kritiken, die vor der Aufführung erschei-
693 2013 2488 2161 nen, die Premiere unangenehm beeinflussen, besonders mit Rücksicht
684 2108 2057 2223 auf den Umfang und auf die zu erwartenden Striche.
880 2193 2467 2315 Jedenfalls erwarte ich also rechtzeitig Ihre Dispositionen
684 2301 2117 2419 bezüglich der Versendung; das Buch wird fertig sein.
940 2387 2523 2513 Zur Première bitte ich für mich zwei Plätze reservieren zu
684 2463 2536 2596 lassen; falls meine Frau nicht mitkommen könnte, würde ich rechtzei-
682 2576 1147 2682 tig abschreiben.
1143 2592 1778 2778 Mit herzlichen Grüssen
1762 2820 2179 2993 Fischer
