2930 3544
2069 269 2396 484 30/8
646 477 2585 670 Maass von liberalität wie bei uns und es ist durchaus nicht unmöglich.
653 552 2546 767 dass das Buch die Censur unbeanstandet passiert. Von Oesterreich aus
656 641 2594 837 könnten Sie das Buch an Ihre Freunde ruhig versenden. Sie sind Oester¬
656 731 2560 953 reicher, das Buch ist in Oesterreich gedruckt, in Deutschland könnte
673 806 2577 1021 höchstens, wenn der unwahrscheinliche Fall eintritt, dass die Behörde
673 900 2606 1087 ein Exemplar beanstandet, das betreffende Exemplar confisciert werden,
695 1007 2575 1176 Ihnen persönlich könnte aber für eine nach österreichischen Gesetzen
692 1058 2626 1263 nicht strafbare That in Deutschland unter keinen Umständen der Prozess
699 1128 2626 1355 gemacht werden. Dieser Weg scheint mir und meinem Anwalt, den ich con-
707 1222 2647 1418 sultiert habe, der gangbarste und einfachste, ja es wäre gar nicht aus¬
699 1307 2640 1517 geschlossen, dass Sie das Buch, wenn es in Oesterreich die Censur pas¬
716 1411 2657 1607 siert hat, einfach bei einem österreichischen Verleger in Wien erschei¬
709 1486 2652 1713 nen lassen und dass es auch in Deutschland ganz unbeanstandet Verbrei¬
731 1573 2650 1757 tung finden kann, denn im künstlerischen Sinne ist Ihr Buch ja selbst-
736 1687 2635 1849 verständlich nicht unzüchtig, es liegt blos ein hohes Maass von Wahr-
743 1733 2626 1958 scheinlichkeit vor, dass ein hiesiger Gerichtshof es im Falle der De-
736 1897 1604 2067 nunziation so auffassen könnte.
961 1917 2599 2074 Es wird mir lieb sein, zu erfahren, was Sie von diesem Vor-
748 2004 2698 2202 schlag halten. Ev. können wir im September gelegentlich Ihres Hierseins
978 2149 2689 2374 Ich wünsche Ihnen auf Ihrer Radtour gutes Wetter und viel Ver¬
757 2161 1379 2292 darüber noch sprechen.
757 2304 990 2459 gnügen.
1193 2347 1711 2529 Mit besten Grüssen
1834 2357 2219 2485 Ihr ergebener
1934 2420 2611 2597 Fischler.
