2196 3495
1041 240 1211 369 212
863 356 974 455 170
1043 405 1410 553 VERLAG
470 424 999 566 S. FISCHER,
26 434 165 576 Saffo
1038 509 2035 682 Z. Zeit Lahmanns Sanatorium
26 550 139 731 4
1340 609 1999 741 Weisser Hirsch bei
994 666 1934 808 BERcelN W., DEN Dresden.
13 715 181 798 LEPHON:
999 775 1426 878 BÜLÖWSTRASSE 90
5 785 189 881 IT VI, 1662
1413 782 1836 914 18. Mai 08.
382 1077 1222 1224 Lieber herr Doktor.
31 1229 1981 1366 Ich würe Ihnen sehr dankbar, wenn die einen Regen¬
1539 1335 1787 1392 receu le
0 1358 1989 1480 senten selber vorschlagen würden; die littewünsche Obuch¬
0 1420 2012 1565 kritik iezt augenblicklich sehr darnieder, es wird von allen
0 1493 1965 1604 Zeiten auf diesem Gebiet herundilettiert. Die zum Leute, die
0 1537 2022 1671 wirklich, die michlich etwas verstehen schreiben meist über's
0 1619 2035 1777 Theresia. Menn ich daran denke, wenn man die Besprechung
1661 1676 1950 1764 l'e
486 1712 1573 1787 e, übernehm könnnte zu befeuget
13 1748 2030 1875 Geeignetste. Ich begreifte aber, ob er die Kühe übernehmen
28 1717 467 1818 über Ihr B
3 1810 2056 1908 würde. Wie denken sie über Handl oder Polyar, üb er
0 1906 1989 1986 Solten oder Fred. bei uns Müne wentuell Elvesser,
0 1970 2043 2066 Poppenberg, Paul Wiltzler in Betracht. xxx geeignetsten
0 2027 2058 2172 plieren mir Bahr oder Gatten. Auch an Hennau Banz wür¬
0 2089 2030 2218 zu denken; ich fürchte aber, daß er dem milieu Ihres
0 2164 1397 2301 Romans etwas fiend gegenübersteht.
519 2224 2076 2350 Verbindlichsten Dank für die Comtesse Midde
13 2327 2081 2459 Ich denke, daß mit der Versendung an die Bühnen um besten
5 2409 1423 2531 bis September parmitet werden müßte.
315 2433 2081 2590 Ob Sie Entsch Ihre Stücke kündigen können, ohne
36 2549 2074 2650 einen rechtlichen Grund für die Aufhebung des Weitagsver¬
31 2611 1529 2776 hältnisses vorzubringen, bezweifle ich sehr.
207 2637 2079 2841 für die Versendung Ihres Romans ist alles
106 2768 2079 2934 erforderliche – inclusive der fusertionen
114 2877 1717 3073 in Zeitungen - vorbereitet.
421 2952 2076 3125 Mit herzlichen Grüsten von uns
981 3037 1836 3161 thr ergebener.
181 3065 782 3202 zu Ihnen.
1725 3058 2087 3207 Sefisch
