3000 3531
2355 1108 2774 1275 10/8. 1891
1975 1162 2332 1278 BERLIN, den...
740 1213 1445 1338 S. FISCHER, VerlaG
1695 1236 2888 1454 Herrn Dr Arthur Schnitzler
876 1326 1326 1411 VERLAGSBURCHHANDLUNG
674 1374 1533 1525 BERene W., STEGLITZER STRASSE 49 I.
2261 1377 2732 1522 Wien
581 1482 932 1559 TELEPHON VI No. 1662.
623 1513 2227 1712 Sehr geehrter Herr Doctor!
723 1658 898 1743 g.
660 1598 2899 1828 So war die Sache nicht gemeint. Ich wollte
598 1748 2865 1899 Herrn Piersau die 350 jährl. für 70 mrk.
598 1833 2879 1972 abkaufen, mafürlich auch sollten mir
598 1958 2230 2074 aber die 350 Sept. gehören
612 2003 2865 2151 Wenn Sie die Exemplare Kaufen wollen,
609 2086 2834 2278 (was mir ebenso lieb ist) so will ich
638 2185 2902 2329 sie für Ihre Rechnung vertreiben, gegen
660 2307 2851 2463 1/3 vom Erlaß. Es thut mir sehr leid
623 2372 2893 2531 halbst sie mich in diesen verdaunt klein
618 2468 2882 2601 lichen Buchhändler-Geschäften vielleicht.
