<?xml version="1.0" encoding="UTF-8" standalone="yes"?>
<PcGts xmlns="http://schema.primaresearch.org/PAGE/gts/pagecontent/2013-07-15" xmlns:xsi="http://www.w3.org/2001/XMLSchema-instance" xsi:schemaLocation="http://schema.primaresearch.org/PAGE/gts/pagecontent/2013-07-15 http://schema.primaresearch.org/PAGE/gts/pagecontent/2013-07-15/pagecontent.xsd">
    <Metadata>
        <Creator>prov=READ-COOP:name=TrHtr:version=2.1.0:model_id=51170:date=26_07_2023_22:28</Creator>
        <Created>2023-05-02T08:10:14.945+02:00</Created>
        <LastChange>2023-07-26T22:28:19.975+02:00</LastChange>
        <TranskribusMetadata docId="1416742" pageId="54954595" pageNr="358" tsid="131084746" status="IN_PROGRESS" userId="64420" imgUrl="https://files.transkribus.eu/Get?id=NUDUKOOQCTZHGDGSPILPPFHY&amp;fileType=view" xmlUrl="https://files.transkribus.eu/Get?id=OWMMUIKOVBHKDLZSJAWYVVKN" imageId="44458320"/>
    </Metadata>
    <Page imageFilename="1416742_0358.jpg" imageWidth="2610" imageHeight="3512">
        <ReadingOrder>
            <OrderedGroup id="ro_1711827301946" caption="Regions reading order">
                <RegionRefIndexed index="0" regionRef="tr_1"/>
            </OrderedGroup>
        </ReadingOrder>
        <TextRegion id="tr_1" custom="readingOrder {index:0;}">
            <Coords points="704,305 2448,305 2448,2727 704,2727"/>
            <TextLine id="tr_1_tl_1" custom="readingOrder {index:0;}">
                <Coords points="2369,410 2377,410 2389,418 2405,406 2410,405 2418,411 2423,406 2443,406 2443,305 2428,307 2402,292 2369,297"/>
                <Baseline points="2377,355 2421,355 2448,355"/>
                <TextEquiv>
                    <Unicode>Pr.</Unicode>
                </TextEquiv>
            </TextLine>
            <TextLine id="tr_1_tl_2" custom="readingOrder {index:1;}">
                <Coords points="695,936 1946,916 1999,902 2000,833 1825,795 1660,851 1554,826 1110,897 697,866"/>
                <Baseline points="704,928 749,925 794,928 839,928 883,925 928,925 973,925 1018,922 1063,922 1107,922 1152,919 1197,916 1242,916 1287,916 1331,913 1376,913 1421,913 1466,913 1511,910 1555,907 1600,907 1645,907 1690,907 1735,904 1779,904 1824,901 1869,898 1914,898 1959,895 2003,895"/>
                <TextEquiv>
                    <Unicode>Aufführungen in all den kleinen Orten, die hinwie-</Unicode>
                </TextEquiv>
            </TextLine>
            <TextLine id="tr_1_tl_3" custom="readingOrder {index:2;}">
                <Coords points="698,1038 1150,1058 1957,1005 2009,989 2010,934 1858,960 1705,911 1528,969 1387,929 1159,980 700,977"/>
                <Baseline points="707,1024 713,1024 758,1024 803,1021 848,1021 892,1021 937,1018 982,1018 1027,1015 1072,1012 1116,1012 1161,1009 1206,1009 1251,1009 1296,1009 1340,1006 1385,1006 1430,1003 1475,1003 1520,1000 1564,1000 1609,997 1654,997 1699,997 1744,997 1788,994 1833,991 1878,991 1923,988 1968,985 2012,985"/>
                <TextEquiv>
                    <Unicode>derum in dem Verzeichnis des „Deutschen Bühnenspiel¬</Unicode>
                </TextEquiv>
            </TextLine>
            <TextLine id="tr_1_tl_4" custom="readingOrder {index:3;}">
                <Coords points="705,1136 1921,1116 1922,1055 1214,1028 1113,1068 707,1085"/>
                <Baseline points="716,1116 761,1116 806,1113 851,1113 895,1110 940,1110 985,1107 1030,1107 1075,1104 1119,1104 1164,1104 1209,1101 1254,1101 1299,1098 1343,1098 1388,1096 1433,1096 1478,1096 1523,1093 1567,1090 1612,1090 1657,1090 1702,1087 1747,1087 1791,1084 1836,1084 1881,1081 1926,1084"/>
                <TextEquiv>
                    <Unicode>plans" nicht vollständig aufgeführt sind, sodass</Unicode>
                </TextEquiv>
            </TextLine>
            <TextLine id="tr_1_tl_5" custom="readingOrder {index:4;}">
                <Coords points="710,1224 1967,1198 2040,1181 2042,1111 712,1158"/>
                <Baseline points="719,1206 746,1206 791,1206 836,1206 880,1203 925,1203 970,1200 1015,1200 1060,1197 1104,1197 1149,1197 1194,1194 1239,1194 1284,1191 1328,1191 1373,1188 1418,1188 1463,1185 1508,1185 1552,1185 1597,1182 1642,1182 1687,1182 1732,1179 1776,1176 1821,1176 1866,1173 1911,1173 1956,1173 2000,1170 2045,1170"/>
                <TextEquiv>
                    <Unicode>beide Berichte sich ergänzen. Das Abonnement auf die</Unicode>
                </TextEquiv>
            </TextLine>
            <TextLine id="tr_1_tl_6" custom="readingOrder {index:5;}">
                <Coords points="717,1314 1952,1289 2049,1269 2052,1199 1330,1256 1189,1221 720,1242"/>
                <Baseline points="728,1302 755,1299 800,1299 845,1296 889,1293 934,1293 979,1293 1024,1290 1069,1290 1113,1287 1158,1287 1203,1284 1248,1284 1293,1281 1337,1281 1382,1278 1427,1278 1472,1278 1517,1275 1561,1275 1606,1272 1651,1272 1696,1272 1741,1272 1785,1269 1830,1266 1875,1266 1920,1266 1965,1266 2009,1266 2054,1269"/>
                <TextEquiv>
                    <Unicode>„Deutsche Bühnengenossenschaft" kostet jährlich M. 15.</Unicode>
                </TextEquiv>
            </TextLine>
            <TextLine id="tr_1_tl_7" custom="readingOrder {index:6;}">
                <Coords points="848,1405 1609,1368 1767,1400 1961,1372 1962,1319 1576,1335 1446,1300 1327,1342 849,1344"/>
                <Baseline points="857,1385 889,1385 934,1385 979,1382 1024,1382 1069,1379 1113,1379 1158,1376 1203,1376 1248,1376 1293,1373 1337,1370 1382,1370 1427,1367 1472,1367 1517,1364 1561,1364 1606,1364 1651,1361 1696,1361 1741,1361 1785,1361 1830,1358 1875,1358 1920,1355 1965,1355"/>
                <TextEquiv>
                    <Unicode>Wollen Sie mir freundlichst mitteilen, ob an</Unicode>
                </TextEquiv>
            </TextLine>
            <TextLine id="tr_1_tl_8" custom="readingOrder {index:7;}">
                <Coords points="715,1493 1959,1476 1962,1385 717,1445"/>
                <Baseline points="725,1481 755,1481 800,1481 845,1478 889,1478 934,1475 979,1475 1024,1472 1069,1472 1113,1472 1158,1469 1203,1466 1248,1466 1293,1463 1337,1463 1382,1463 1427,1460 1472,1460 1517,1457 1561,1454 1606,1454 1651,1454 1696,1451 1741,1451 1785,1448 1830,1448 1875,1448 1920,1445 1965,1448"/>
                <TextEquiv>
                    <Unicode>die Verordnung Ihres Justizministeriums bezüglich</Unicode>
                </TextEquiv>
            </TextLine>
            <TextLine id="tr_1_tl_9" custom="readingOrder {index:8;}">
                <Coords points="1664,1574 1738,1569 1815,1594 1856,1571 2073,1558 2073,1503 2054,1511 2020,1493 1979,1504 1932,1491 1898,1509 1838,1496 1664,1503"/>
                <Baseline points="1673,1553 1720,1549 1764,1546 1809,1543 1854,1540 1899,1546 1944,1543 1988,1543 2033,1552 2078,1552"/>
                <TextEquiv>
                    <Unicode>Amerika wegen</Unicode>
                </TextEquiv>
            </TextLine>
            <TextLine id="tr_1_tl_10" custom="readingOrder {index:9;}">
                <Coords points="718,1589 854,1611 1083,1568 1657,1551 1670,1501 957,1514 891,1543 720,1526"/>
                <Baseline points="728,1573 761,1573 806,1570 851,1570 895,1570 940,1567 985,1567 1030,1564 1075,1564 1119,1561 1164,1558 1209,1558 1254,1558 1299,1555 1343,1555 1388,1552 1433,1552 1478,1549 1523,1549 1570,1550 1591,1550 1639,1543 1673,1553"/>
                <TextEquiv>
                    <Unicode>der oesterreichischen Vereinbarung mi</Unicode>
                </TextEquiv>
            </TextLine>
            <TextLine id="tr_1_tl_11" custom="readingOrder {index:10;}">
                <Coords points="1577,1589 1589,1591 1592,1596 1611,1597 1634,1584 1637,1587 1652,1584 1655,1589 1664,1589 1669,1548 1649,1551 1632,1549 1614,1553 1607,1548 1601,1553 1597,1549 1591,1553 1582,1553"/>
                <Baseline points="1590,1563 1627,1567 1673,1553"/>
                <TextEquiv>
                    <Unicode>8,8</Unicode>
                </TextEquiv>
            </TextLine>
            <TextLine id="tr_1_tl_12" custom="readingOrder {index:11;}">
                <Coords points="723,1690 912,1664 1017,1712 1461,1647 1937,1654 2027,1632 2029,1586 1277,1616 1218,1577 727,1624"/>
                <Baseline points="734,1666 776,1666 821,1666 866,1663 910,1663 955,1660 1000,1660 1045,1663 1090,1660 1134,1657 1179,1654 1224,1651 1269,1651 1314,1648 1358,1645 1403,1645 1448,1642 1493,1642 1537,1639 1582,1639 1627,1639 1672,1639 1717,1636 1761,1633 1806,1633 1851,1630 1896,1630 1941,1630 1985,1627 2030,1627"/>
                <TextEquiv>
                    <Unicode>des Copvrightse besondere Formalitäten geknüpft sind.</Unicode>
                </TextEquiv>
            </TextLine>
            <TextLine id="tr_1_tl_13" custom="readingOrder {index:12;}">
                <Coords points="829,1712 838,1713 853,1725 861,1720 876,1722 909,1702 921,1710 934,1710 941,1670 921,1670 912,1664 892,1672 887,1667 882,1672 876,1669 846,1679 844,1675 838,1675"/>
                <Baseline points="842,1702 854,1702 898,1693 943,1684"/>
                <TextEquiv>
                    <Unicode>Gouvernement?</Unicode>
                </TextEquiv>
            </TextLine>
            <TextLine id="tr_1_tl_14" custom="readingOrder {index:13;}">
                <Coords points="728,1765 1158,1780 1412,1737 1553,1773 1599,1740 2010,1735 2032,1687 728,1715"/>
                <Baseline points="737,1758 782,1758 827,1756 872,1756 916,1753 961,1753 1006,1750 1051,1747 1096,1747 1140,1744 1185,1744 1230,1741 1275,1741 1319,1738 1364,1738 1409,1735 1454,1735 1499,1735 1543,1732 1588,1729 1633,1729 1678,1729 1723,1726 1767,1726 1812,1723 1857,1723 1902,1723 1947,1720 1991,1720 2036,1720"/>
                <TextEquiv>
                    <Unicode>Ich meine, ob der Autor in dem Buch ausdrücklich als</Unicode>
                </TextEquiv>
            </TextLine>
            <TextLine id="tr_1_tl_15" custom="readingOrder {index:14;}">
                <Coords points="733,1893 1302,1835 1554,1871 1637,1826 2010,1840 2012,1780 1320,1768 735,1815"/>
                <Baseline points="743,1845 761,1845 806,1845 851,1845 895,1842 940,1842 985,1839 1030,1839 1075,1836 1119,1833 1164,1833 1209,1833 1254,1830 1299,1830 1343,1830 1388,1827 1433,1824 1478,1824 1523,1824 1567,1821 1612,1821 1657,1821 1702,1818 1747,1818 1791,1815 1836,1815 1881,1815 1926,1812 1971,1812 2015,1812"/>
                <TextEquiv>
                    <Unicode>oesterreichischer Staatsbürger genannt werden muss.</Unicode>
                </TextEquiv>
            </TextLine>
            <TextLine id="tr_1_tl_16" custom="readingOrder {index:15;}">
                <Coords points="732,1947 1964,1939 2002,1864 733,1893"/>
                <Baseline points="740,1938 749,1938 794,1938 839,1935 883,1935 928,1932 973,1932 1018,1929 1063,1929 1107,1926 1152,1926 1197,1923 1242,1923 1287,1920 1331,1920 1376,1920 1421,1917 1466,1917 1511,1914 1555,1914 1600,1911 1645,1911 1690,1908 1735,1908 1779,1908 1824,1905 1869,1905 1914,1902 1959,1902 2003,1902"/>
                <TextEquiv>
                    <Unicode>Unser Copyright-Vermerk stützt sich auf die Verein-</Unicode>
                </TextEquiv>
            </TextLine>
            <TextLine id="tr_1_tl_17" custom="readingOrder {index:16;}">
                <Coords points="740,2047 1286,2052 1539,2009 1753,2037 1981,2000 1956,1952 1825,1937 741,1979"/>
                <Baseline points="749,2027 776,2027 821,2027 866,2027 910,2024 955,2024 1000,2021 1045,2021 1090,2018 1134,2015 1179,2015 1224,2015 1269,2012 1314,2012 1358,2012 1403,2009 1448,2009 1493,2006 1537,2006 1582,2003 1627,2003 1672,2003 1717,2000 1761,2003 1806,1997 1851,1997 1896,1994 1941,1994 1985,1994"/>
                <TextEquiv>
                    <Unicode>barung zwischen Deutschland und Amerika. Sind zwi-</Unicode>
                </TextEquiv>
            </TextLine>
            <TextLine id="tr_1_tl_18" custom="readingOrder {index:17;}">
                <Coords points="736,2130 1136,2117 1231,2156 1488,2103 1568,2138 1632,2098 2032,2097 2032,2052 1886,2020 1493,2077 1028,2050 736,2092"/>
                <Baseline points="746,2120 782,2120 827,2120 872,2117 916,2117 961,2114 1006,2111 1051,2111 1096,2111 1140,2108 1185,2108 1230,2105 1275,2105 1319,2105 1364,2102 1409,2099 1454,2099 1499,2099 1543,2099 1588,2096 1633,2096 1678,2093 1723,2093 1767,2093 1812,2090 1857,2090 1902,2087 1947,2087 1991,2087 2036,2087"/>
                <TextEquiv>
                    <Unicode>schen Amerika und Oesterreich andere Vereinbarungen</Unicode>
                </TextEquiv>
            </TextLine>
            <TextLine id="tr_1_tl_19" custom="readingOrder {index:18;}">
                <Coords points="740,2226 861,2251 1025,2206 1626,2196 1788,2238 2014,2208 2015,2133 741,2176"/>
                <Baseline points="749,2218 764,2215 809,2212 854,2212 898,2206 943,2206 988,2206 1033,2206 1078,2203 1122,2200 1167,2200 1212,2197 1257,2197 1302,2195 1346,2195 1391,2195 1436,2192 1481,2192 1526,2192 1570,2189 1615,2189 1660,2186 1705,2186 1750,2183 1794,2183 1839,2183 1884,2180 1929,2180 1974,2177 2018,2177"/>
                <TextEquiv>
                    <Unicode>getroffen, so müsste wohl in dem Copyright-Vermerk</Unicode>
                </TextEquiv>
            </TextLine>
            <TextLine id="tr_1_tl_20" custom="readingOrder {index:19;}">
                <Coords points="738,2364 922,2299 1176,2339 1513,2287 1974,2312 1976,2246 1869,2214 740,2269"/>
                <Baseline points="749,2305 770,2305 815,2305 860,2302 904,2302 949,2299 994,2299 1039,2296 1084,2296 1128,2293 1173,2290 1218,2290 1263,2290 1308,2287 1352,2287 1397,2287 1442,2284 1487,2284 1532,2281 1576,2281 1621,2278 1666,2278 1711,2278 1756,2275 1800,2275 1845,2275 1890,2275 1935,2272 1979,2272"/>
                <TextEquiv>
                    <Unicode>darauf hingewiesen werden. Vielleicht erkundigen</Unicode>
                </TextEquiv>
            </TextLine>
            <TextLine id="tr_1_tl_21" custom="readingOrder {index:20;}">
                <Coords points="740,2430 942,2399 1105,2435 1194,2390 1327,2417 1443,2382 1660,2422 1687,2415 1690,2344 1544,2324 741,2360"/>
                <Baseline points="749,2398 752,2398 797,2398 842,2395 886,2395 931,2392 976,2392 1021,2389 1066,2389 1110,2386 1155,2386 1200,2383 1245,2383 1290,2380 1334,2380 1379,2380 1424,2380 1469,2377 1514,2374 1558,2374 1603,2374 1648,2371 1693,2371"/>
                <TextEquiv>
                    <Unicode>Sie sich bei einem dortigen Juristen.</Unicode>
                </TextEquiv>
            </TextLine>
            <TextLine id="tr_1_tl_22" custom="readingOrder {index:21;}">
                <Coords points="1086,2538 1126,2543 1166,2513 1209,2540 1229,2520 1247,2535 1339,2510 1380,2528 1461,2528 1514,2503 1574,2503 1577,2428 1483,2410 1380,2432 1332,2413 1286,2432 1229,2423 1206,2440 1169,2422 1088,2433"/>
                <Baseline points="1098,2481 1131,2478 1176,2478 1221,2475 1266,2475 1311,2475 1355,2472 1400,2472 1445,2469 1490,2469 1535,2466 1579,2466"/>
                <TextEquiv>
                    <Unicode>Mit vielen Grüssen</Unicode>
                </TextEquiv>
            </TextLine>
            <TextLine id="tr_1_tl_23" custom="readingOrder {index:22;}">
                <Coords points="1568,2566 1594,2578 1667,2558 1710,2579 1773,2559 1825,2581 1866,2558 1922,2556 1924,2478 1878,2483 1830,2513 1805,2503 1780,2520 1745,2505 1715,2513 1687,2491 1657,2516 1611,2501 1569,2520"/>
                <Baseline points="1576,2562 1612,2559 1657,2559 1702,2556 1747,2556 1791,2556 1836,2553 1881,2553 1926,2553"/>
                <TextEquiv>
                    <Unicode>Ihr ergebener</Unicode>
                </TextEquiv>
            </TextLine>
            <TextLine id="tr_1_tl_24" custom="readingOrder {index:23;}">
                <Coords points="1445,2720 1486,2732 1518,2702 1548,2700 1587,2727 1644,2707 1710,2710 1732,2729 1760,2712 1919,2710 1919,2647 1891,2627 1813,2634 1795,2616 1753,2619 1690,2569 1636,2588 1611,2568 1569,2566 1508,2604 1446,2598"/>
                <Baseline points="1454,2717 1475,2714 1520,2714 1564,2714 1609,2714 1654,2711 1699,2711 1744,2711 1788,2711 1833,2711 1878,2711 1923,2708"/>
                <TextEquiv>
                    <Unicode>S. Fischer</Unicode>
                </TextEquiv>
            </TextLine>
        </TextRegion>
    </Page>
</PcGts>
