2456 3064
1346 414 1818 536 ELIN W., BÜLowST.
1685 568 1952 743 Sept. 08
1006 823 1652 926 Herrn Dr. Arthur Schnitzler
1682 924 1931 1026 Wien XVIII
809 1100 1290 1239 Lieber Herr Doktor,
1167 1242 1982 1361 h habe mit Jonas gesprochen. Es
764 1316 2046 1450 handelt sich bei der ganzen Sache darum, dass Win¬
758 1445 1955 1557 zelne der Geschädigten grosse Summen zu fordern
758 1528 1963 1637 haben, die bis zu einem gewissen Teil durch das
771 1615 1970 1736 Arrangement, das Eduard Bloch angeboten hat, in
798 1695 2022 1823 aufe von zehn Jahren wieder hereingebracht werden
798 1811 1990 1901 sollen. Entsoh behauptet, dass Sie nichts zu for-
798 1883 1939 2013 ern haben. Damit würde für Sie der Hauptgrund
1549 1979 1891 2070 andern Autoren in
759 1979 1522 2106 fallen, sich dem Vorgehen der.
940 2082 1090 2147 ssen.
1428 2160 1524 2267 bef
1052 2177 1135 2278 hla
868 2256 1082 2339 tägt vor.
1143 2349 1393 2452 Wiederruf oder
