2512 3320
1088 286 1242 424 30.8
643 404 1969 522 CHER/VERLAG/BERLIN’THEATERABTEILUN
1500 506 2032 583 W57·BÜLÖWSTR90
416 522 1047 614 AMT: LUTZÖW 1662 à 6162
1197 561 1469 693 9/1. 1913
568 934 1317 1091 Herrn Dr. Arthur Schnitzler
1329 949 1562 1076 G.C.F.P.
1348 1040 1529 1132 Wien
1392 1112 1531 1184 G.C.F.P.
1830 1091 2239 1206 Grund 27. Decembre
1459 1172 1584 1293 G.F.P.
1885 1177 2188 1288 Ao 1732.xx
330 1153 874 1363 Lieber Herr Doktor,
934 1278 1069 1379 G.F.P.
542 1286 2119 1454 wir schicken Ihnen anbei die Abrechnungen der Kaiser. Sie
2179 1367 2290 1471 G.F.P
364 1432 2140 1553 geht bei den Abrechnungen von der ursprünglichen, Ihnen bekannten
376 1469 2225 1635 Vereinbarung aus, wonach die 15 Dollars pro Aufführung zwischen dem
1822 1572 1909 1620 G.F.P.
1695 1575 1784 1627 G.F.P
368 1625 2225 1719 Uebersetzer und ihnen zu teilen wären. Wie Ihnen weiter bekannt ist,
364 1690 1803 1830 haben wir in unsern Vertrag eine Bestimmung über die
366 1798 2229 1900 15 Dollars nicht aufgenommen, damit hat sich die Kaiser durch Unter-
378 1835 2234 1984 schrift einverstanden erklärt. Sie ersehen alles Weitere aus der Ab-
380 1974 2244 2087 schrift unseres heutigen Briefes an die Kaiser. Hoffentlich dringen
380 2022 2304 2167 wir mit unserer Auffassung durch, sie ist natürlich berechtigt für den
373 2128 2306 2292 Fall, dass die Kaiser die 15 Dollars mit Granville Barker nicht teilt;
383 2227 1351 2371 das muss eben erst erwiesen werden.
1483 2263 1584 2357 Né à
977 2318 1603 2436 Mit herzlichen Grüssen
1577 2420 1685 2530 Ihr
409 2523 2003 2771 Die Anlagen bitten wir uns freundlichst 4. Fischer
395 2684 1064 2829 sogleich zurückzusenden.
