2213 3479
1085 650 1237 763 149
477 736 1750 861 S. FISCHER, VERLAG,’ BERLIN W., BÜLowSTR. 90
704 911 906 1025 G.H.F.P.
1029 922 1742 1041 BERene W., DEN 13. Juni 07
581 1010 936 1121 G.C.H.F.P.S
581 1106 936 1212 G.C.H.F.P.D.
826 1177 1509 1312 Herrn Dr. Arthur Schnitzler
1339 1301 1610 1390 Wien XVIII
1279 1366 1651 1474 Spöttelgasse 7
654 1456 1137 1577 Lieber Herr Doktor,
922 1550 1824 1694 Miss Kaiser hat mir den abgeänderten
587 1688 1800 1783 Vertrag, den Sie vorgeschlagen haben, noch nicht
587 1799 1759 1883 zurückgeschickt. Ich habe ihr gerade vorgestern
584 1875 1799 1984 geschrieben und den Vertrag energisch reklamiert,
590 1965 1813 2062 weil ich mich des Eindrucks nicht erwehren konnte,
584 2061 1827 2137 dass Miss Kaiser die ungeschützten Dramen für sich
1014 2118 1751 2176 Mais elle est eu de ses rêveurs
593 2168 1735 2230 ausnützen will. Ich habe ihr geschrieben, dass
627 2211 741 2273 leterre
590 2226 1827 2322 ich ihr nichts weiter geben werde, ehe diese Frage
593 2329 1769 2425 nicht erledigt ist. Miss Kaiser ist im übrigen,
584 2424 1807 2527 wie Sie aus der Correspondenz gesehen haben, eine
584 2494 1799 2597 rührige Dame, die wohl im Stande wäre, unsere In-
593 2594 1421 2663 teressen in Amerika wahrzunehmen.
752 2671 1770 2787 Bezüglich der „Liebelei" werde ich heute
