2747 3480
1398 190 1505 297 102
1478 250 1822 391 VERLAG
969 217 1442 415 S. FISCHER,
1348 446 1453 549 Lazu
1444 487 2333 618 BERene W., DEN 6. Nov. 1903.
1453 583 1904 652 BÜLÖWSTRASSE 90/91.
1614 589 2264 726 fen müssen, ein Abkommen
324 587 574 663 TELEPHON:
328 652 574 748 AMT VI, 1662
659 799 1444 956 Herrn Dr. Arthur Schnitzler
1427 873 1686 980 Wien.
308 971 578 1150 Rück
1933 1034 2034 1123 G.H.F.P.
692 998 1239 1150 Lieber Herr Doktor!
1393 1063 1536 1172 nden
770 1101 2387 1306 Ich bestätige den Eingang der beiden Exemplare Ihres neuen
353 1101 471 1257 Abt
701 1179 2451 1395 Schauspiels. Das eine Exemplar habe ich in gewünschter Weise zur
717 1250 2485 1465 Versendung gebracht, das andere habe ich zum Druck befördert, wo-
723 1371 2520 1552 bei ich annahm, dass der Satz dieses Werkes in derselben Form wie
719 1516 1768 1634 Ihre bisherigen Dramen geschehen soll.
833 1511 2418 1708 Erlauben Sie, dass ich vor Ausfertigung des Vertrages auf
734 1630 2353 1833 Ihren Vertragsentwurf, soweit er auf das Ausland Bezug hat,
1869 1719 1989 1773 sankon
743 1703 2538 1924 einiges erwidere: Ich würde vorschlagen, dass wir die Bedingungen
746 1797 2483 2000 für das Ausland von Fall zu Fall vereinbaren, denn für Russland
750 1889 2483 2101 und Amerika Mommen unter Umständen durch die Zwischenvermittler
764 1938 2547 2179 so hohe Abgaben in Betracht, dass mit 10 % nicht auszukommen ist.
417 2063 641 2166 plaisir
764 2054 2458 2279 Auch in den meisten andern fremdsprachigen Ländern liegt, wie
415 2154 594 2244 schon
770 2139 2532 2371 ich jetzt aus meinen Verhandlungen ersehen habe, die Sache nicht
1755 2172 1886 2226 G.F.P.
442 2195 621 2324 Reiset
781 2241 2558 2445 viel günstiger. Ich habe nichts dagegen, dass wir Ihre Vorschläge
781 2331 2541 2514 in diesem Punkt in den Vertrag aufnehmen, aber ich halte sie für
784 2422 2520 2630 praktisch nicht durchführbar, und Sie haben mehr Bewegungsfrei-
375 2422 674 2545 Couvelle
793 2507 2505 2704 heit, wenn wir prinzipiell im Vertrag festsetzen, dass für das
1775 2514 2000 2576 ermöglicht
406 2512 728 2659 Fahren.
1721 2610 1989 2670 gegenben könne.
806 2605 2538 2786 Ausland von Fall zu Fall Vereinbarungen zu treffen wären. Bitte
444 2634 665 2746 Mai
806 2670 2536 2893 lassen Sie mich wissen, ob ich in diesem Sinne den Vertrag aus-
797 2773 2596 3012 fertigen soll. Ich möchte für alle Fälle in Amerika für Ihr Stück
1261 2922 1384 2998 sehen.
1797 2884 2112 3054 fischer
