<?xml version="1.0" encoding="UTF-8" standalone="yes"?>
<PcGts xmlns="http://schema.primaresearch.org/PAGE/gts/pagecontent/2013-07-15" xmlns:xsi="http://www.w3.org/2001/XMLSchema-instance" xsi:schemaLocation="http://schema.primaresearch.org/PAGE/gts/pagecontent/2013-07-15 http://schema.primaresearch.org/PAGE/gts/pagecontent/2013-07-15/pagecontent.xsd">
    <Metadata>
        <Creator>prov=READ-COOP:name=TrHtr:version=2.1.0:model_id=51170:date=26_07_2023_22:27</Creator>
        <Created>2023-05-02T08:09:50.605+02:00</Created>
        <LastChange>2023-07-26T22:27:41.823+02:00</LastChange>
        <TranskribusMetadata docId="1416742" pageId="54954136" pageNr="250" tsid="131084560" status="IN_PROGRESS" userId="64420" imgUrl="https://files.transkribus.eu/Get?id=FFYGHEALCLITMTTYSKJPOCXI&amp;fileType=view" xmlUrl="https://files.transkribus.eu/Get?id=VQQMLFOLETVLMKZECSIETGMM" imageId="44457861"/>
    </Metadata>
    <Page imageFilename="1416742_0250.jpg" imageWidth="2763" imageHeight="3416">
        <ReadingOrder>
            <OrderedGroup id="ro_1711827220383" caption="Regions reading order">
                <RegionRefIndexed index="0" regionRef="tr_2"/>
                <RegionRefIndexed index="1" regionRef="tr_1"/>
            </OrderedGroup>
        </ReadingOrder>
        <TextRegion id="tr_2" custom="readingOrder {index:0;}">
            <Coords points="925,487 2314,487 2314,1473 925,1473"/>
            <TextLine id="tr_2_tl_1" custom="readingOrder {index:0;}">
                <Coords points="1117,613 1270,660 1417,631 1740,675 1880,604 2220,586 2214,425 1921,443 1814,496 1575,362 1127,346"/>
                <Baseline points="1128,579 1149,576 1194,573 1239,576 1283,573 1328,570 1373,567 1418,567 1463,567 1507,567 1552,564 1597,561 1642,561 1687,561 1731,561 1776,558 1821,558 1866,555 1911,552 1955,549 2000,546 2045,543 2090,543 2135,540 2179,537 2224,537"/>
                <TextEquiv>
                    <Unicode>CHER,VERLAG, BERLIN W., BÜLowSTR. 90</Unicode>
                </TextEquiv>
            </TextLine>
            <TextLine id="tr_2_tl_2" custom="readingOrder {index:1;}">
                <Coords points="908,752 947,762 1008,734 1037,744 1098,737 1135,755 1183,742 1198,750 1222,630 1140,612 1092,641 1016,642 969,599 935,605"/>
                <Baseline points="925,707 952,704 997,698 1042,692 1086,680 1131,671 1176,662 1221,653"/>
                <TextEquiv>
                    <Unicode>Krané</Unicode>
                </TextEquiv>
            </TextLine>
            <TextLine id="tr_2_tl_3" custom="readingOrder {index:2;}">
                <Coords points="1953,784 2009,794 2070,784 2103,794 2128,779 2157,800 2175,789 2186,800 2199,792 2246,807 2248,697 2238,692 2093,696 2058,713 2016,700 1992,713 1955,708"/>
                <Baseline points="1961,761 1982,758 2027,758 2072,758 2117,755 2161,755 2206,752 2251,755"/>
                <TextEquiv>
                    <Unicode>30/11. 06</Unicode>
                </TextEquiv>
            </TextLine>
            <TextLine id="tr_2_tl_4" custom="readingOrder {index:3;}">
                <Coords points="1504,826 1567,834 1624,803 1729,784 1781,787 1823,808 1929,770 1929,731 1874,736 1819,699 1773,715 1707,689 1666,718 1628,718 1504,687"/>
                <Baseline points="1513,761 1558,758 1603,758 1648,755 1693,755 1737,755 1782,752 1827,752 1872,755 1917,764 1931,767"/>
                <TextEquiv>
                    <Unicode>BERcelN W., DEN</Unicode>
                </TextEquiv>
            </TextLine>
            <TextLine id="tr_2_tl_5" custom="readingOrder {index:4;}">
                <Coords points="1113,1121 1523,1117 1668,1092 1757,1111 1813,1096 1816,1009 1599,1006 1497,1053 1356,1027 1293,1053 1117,1030"/>
                <Baseline points="1122,1113 1143,1110 1188,1107 1233,1107 1278,1107 1322,1107 1367,1104 1412,1101 1457,1098 1501,1095 1546,1095 1591,1092 1636,1092 1681,1089 1725,1086 1770,1083 1815,1086"/>
                <TextEquiv>
                    <Unicode>Herrn Dr. Arthur Schnitzler</Unicode>
                </TextEquiv>
            </TextLine>
            <TextLine id="tr_2_tl_6" custom="readingOrder {index:5;}">
                <Coords points="1787,1262 1834,1272 1861,1256 1892,1274 1908,1262 1971,1270 2003,1256 2016,1270 2056,1275 2062,1085 1967,1079 1934,1096 1897,1085 1853,1101 1794,1092"/>
                <Baseline points="1797,1194 1839,1188 1884,1188 1928,1188 1973,1185 2018,1182 2063,1182"/>
                <TextEquiv>
                    <Unicode>Wien XVIII</Unicode>
                </TextEquiv>
            </TextLine>
            <TextLine id="tr_2_tl_7" custom="readingOrder {index:6;}">
                <Coords points="1082,1388 1251,1391 1274,1373 1328,1389 1381,1367 1410,1381 1457,1365 1538,1393 1554,1291 1484,1278 1388,1301 1328,1304 1282,1285 1261,1302 1085,1302"/>
                <Baseline points="1092,1346 1110,1343 1155,1343 1200,1340 1245,1340 1289,1337 1334,1334 1379,1331 1424,1331 1469,1331 1513,1328 1558,1331"/>
                <TextEquiv>
                    <Unicode>Lieber Herr Doktor,</Unicode>
                </TextEquiv>
            </TextLine>
            <TextLine id="tr_2_tl_8" custom="readingOrder {index:7;}">
                <Coords points="1208,1480 2286,1435 2314,1333 2127,1372 1212,1386"/>
                <Baseline points="1218,1463 1239,1460 1283,1457 1328,1454 1373,1454 1418,1451 1463,1451 1507,1448 1552,1445 1597,1445 1642,1442 1687,1439 1731,1439 1776,1436 1821,1433 1866,1433 1911,1430 1955,1427 2000,1427 2045,1424 2090,1424 2135,1421 2179,1418 2224,1415 2269,1415 2314,1418"/>
                <TextEquiv>
                    <Unicode>ich weiss nicht, ob zwischen Frankreich und</Unicode>
                </TextEquiv>
            </TextLine>
        </TextRegion>
        <TextRegion id="tr_1" custom="readingOrder {index:1;}">
            <Coords points="1074,1454 2400,1454 2400,2572 1074,2572"/>
            <TextLine id="tr_1_tl_1" custom="readingOrder {index:0;}">
                <Coords points="1067,1602 2280,1528 2296,1422 1201,1497 1074,1463"/>
                <Baseline points="1080,1558 1110,1555 1155,1555 1200,1552 1245,1552 1289,1549 1334,1546 1381,1547 1381,1547 1400,1543 1445,1540 1490,1537 1534,1534 1579,1534 1624,1531 1669,1531 1713,1528 1758,1525 1803,1525 1848,1522 1893,1519 1937,1519 1982,1516 2027,1513 2072,1510 2117,1510 2161,1510 2206,1507 2251,1504 2296,1507"/>
                <TextEquiv>
                    <Unicode>Amerika eine andere convention existiert wie zwi-</Unicode>
                </TextEquiv>
            </TextLine>
            <TextLine id="tr_1_tl_2" custom="readingOrder {index:1;}">
                <Coords points="1074,1655 1517,1668 2193,1610 2323,1641 2344,1549 1959,1521 1075,1615"/>
                <Baseline points="1083,1648 1092,1645 1137,1645 1182,1642 1227,1642 1272,1639 1316,1636 1361,1636 1406,1633 1451,1630 1495,1630 1540,1627 1585,1624 1630,1624 1675,1621 1719,1621 1764,1618 1809,1618 1854,1615 1899,1612 1943,1609 1988,1609 2033,1606 2078,1603 2123,1603 2167,1597 2212,1597 2257,1594 2302,1591 2347,1591"/>
                <TextEquiv>
                    <Unicode>schen Deutschland und Amerika, es ist aber anzuneh-</Unicode>
                </TextEquiv>
            </TextLine>
            <TextLine id="tr_1_tl_3" custom="readingOrder {index:2;}">
                <Coords points="1077,1745 2000,1700 2286,1732 2310,1628 1377,1647 1079,1699"/>
                <Baseline points="1086,1734 1101,1734 1146,1734 1191,1734 1236,1731 1281,1728 1325,1725 1370,1725 1415,1722 1460,1719 1504,1719 1549,1716 1594,1716 1639,1713 1684,1713 1728,1710 1773,1708 1818,1708 1863,1705 1908,1702 1952,1699 1997,1699 2042,1693 2087,1693 2132,1690 2176,1690 2221,1687 2266,1687 2311,1684"/>
                <TextEquiv>
                    <Unicode>men, dass es der Fall ist, und so könnte mir eine</Unicode>
                </TextEquiv>
            </TextLine>
            <TextLine id="tr_1_tl_4" custom="readingOrder {index:3;}">
                <Coords points="1066,1835 2050,1813 2283,1794 2285,1744 1069,1768"/>
                <Baseline points="1074,1827 1077,1827 1122,1824 1167,1824 1212,1824 1257,1821 1301,1818 1346,1818 1391,1815 1436,1812 1481,1812 1525,1809 1570,1806 1615,1806 1660,1803 1705,1800 1749,1800 1794,1797 1839,1794 1884,1794 1928,1791 1973,1788 2018,1785 2063,1782 2108,1782 2152,1779 2197,1776 2242,1776 2287,1776"/>
                <TextEquiv>
                    <Unicode>information in Paris nichts nützen. Der deutsche</Unicode>
                </TextEquiv>
            </TextLine>
            <TextLine id="tr_1_tl_5" custom="readingOrder {index:4;}">
                <Coords points="1069,1921 1890,1919 2222,1895 2297,1842 1599,1818 1385,1855 1275,1823 1072,1861"/>
                <Baseline points="1080,1914 1092,1917 1137,1917 1182,1914 1227,1914 1272,1911 1316,1908 1361,1908 1406,1905 1451,1905 1495,1902 1540,1902 1585,1899 1630,1896 1675,1893 1719,1893 1764,1890 1809,1890 1854,1884 1899,1884 1943,1881 1988,1881 2033,1878 2078,1875 2123,1872 2167,1872 2212,1869 2257,1866 2302,1863"/>
                <TextEquiv>
                    <Unicode>Buchhandel hat in New-York einen offiziellen Ver-</Unicode>
                </TextEquiv>
            </TextLine>
            <TextLine id="tr_1_tl_6" custom="readingOrder {index:5;}">
                <Coords points="1080,2013 1558,2024 2038,1972 2132,2001 2296,1980 2299,1914 2087,1887 1082,1961"/>
                <Baseline points="1089,2009 1092,2009 1137,2006 1182,2006 1227,2003 1272,2003 1316,2000 1361,1997 1406,1997 1451,1994 1495,1994 1540,1991 1585,1988 1630,1988 1675,1985 1719,1982 1764,1982 1809,1979 1854,1979 1899,1976 1943,1976 1988,1973 2033,1970 2078,1970 2123,1967 2167,1964 2212,1964 2257,1961 2302,1961"/>
                <TextEquiv>
                    <Unicode>treter, der auf alle Anfragen Auskunft gibt. Ich</Unicode>
                </TextEquiv>
            </TextLine>
            <TextLine id="tr_1_tl_7" custom="readingOrder {index:6;}">
                <Coords points="1082,2107 1496,2124 2088,2070 2267,2104 2367,2064 2370,1992 1085,2038"/>
                <Baseline points="1092,2102 1119,2099 1164,2099 1209,2099 1254,2096 1298,2093 1343,2093 1388,2090 1433,2087 1478,2087 1522,2087 1567,2084 1612,2084 1657,2084 1702,2081 1746,2078 1791,2075 1836,2072 1881,2072 1925,2072 1970,2069 2015,2066 2060,2063 2105,2063 2149,2060 2194,2057 2239,2054 2284,2051 2329,2048 2373,2051"/>
                <TextEquiv>
                    <Unicode>habe wiederholt Erkundigungen eingezogen, aber auch</Unicode>
                </TextEquiv>
            </TextLine>
            <TextLine id="tr_1_tl_8" custom="readingOrder {index:7;}">
                <Coords points="1092,2201 2360,2172 2386,2090 1647,2088 1256,2151 1095,2106"/>
                <Baseline points="1101,2194 1134,2191 1179,2188 1224,2188 1269,2185 1313,2182 1358,2182 1403,2179 1448,2179 1493,2176 1537,2173 1582,2170 1627,2170 1672,2167 1716,2167 1761,2167 1806,2164 1851,2161 1896,2158 1940,2155 1985,2155 2030,2152 2075,2149 2120,2149 2164,2146 2209,2143 2254,2143 2299,2140 2344,2140 2388,2137"/>
                <TextEquiv>
                    <Unicode>dort weiss man nicht mehr als was ich Ihnen geschrie-</Unicode>
                </TextEquiv>
            </TextLine>
            <TextLine id="tr_1_tl_9" custom="readingOrder {index:8;}">
                <Coords points="1092,2304 2355,2275 2370,2183 1750,2175 1401,2230 1095,2204"/>
                <Baseline points="1101,2284 1116,2284 1161,2284 1206,2284 1251,2278 1295,2278 1340,2275 1385,2272 1430,2272 1475,2269 1519,2266 1564,2266 1609,2263 1654,2260 1699,2260 1743,2257 1788,2254 1833,2254 1878,2251 1922,2251 1967,2248 2012,2245 2057,2242 2102,2242 2146,2239 2191,2239 2236,2236 2281,2236 2326,2230 2370,2230"/>
                <TextEquiv>
                    <Unicode>ben habe und was mein Rechtsanwalt aus dem Text des</Unicode>
                </TextEquiv>
            </TextLine>
            <TextLine id="tr_1_tl_10" custom="readingOrder {index:9;}">
                <Coords points="1096,2401 1837,2346 2331,2359 2360,2244 1100,2320"/>
                <Baseline points="1107,2373 1152,2373 1197,2370 1242,2370 1286,2367 1331,2364 1376,2364 1421,2361 1466,2358 1510,2358 1555,2355 1600,2355 1645,2352 1690,2349 1734,2349 1779,2347 1824,2347 1869,2344 1914,2341 1958,2338 2003,2335 2048,2335 2093,2332 2137,2332 2182,2329 2227,2326 2272,2323 2317,2323 2361,2320"/>
                <TextEquiv>
                    <Unicode>Gesetzes festgestellt hat. Am sichersten bleibt es</Unicode>
                </TextEquiv>
            </TextLine>
            <TextLine id="tr_1_tl_11" custom="readingOrder {index:10;}">
                <Coords points="1093,2479 2299,2444 2363,2421 2365,2376 1835,2347 1203,2420 1098,2397"/>
                <Baseline points="1104,2469 1113,2469 1158,2466 1203,2463 1248,2463 1292,2460 1337,2460 1382,2457 1427,2454 1472,2454 1516,2451 1561,2448 1606,2445 1651,2445 1696,2442 1740,2442 1785,2439 1830,2439 1875,2433 1920,2433 1964,2430 2009,2430 2054,2427 2099,2427 2143,2424 2188,2421 2233,2421 2278,2418 2323,2418 2367,2418"/>
                <TextEquiv>
                    <Unicode>natürlich, wenn ein dramatisches Werk, das auch in</Unicode>
                </TextEquiv>
            </TextLine>
            <TextLine id="tr_1_tl_12" custom="readingOrder {index:11;}">
                <Coords points="1108,2571 1414,2608 1517,2562 2101,2521 2326,2592 2394,2584 2401,2447 1496,2460 1344,2515 1111,2479"/>
                <Baseline points="1116,2562 1146,2559 1191,2556 1236,2556 1281,2553 1325,2550 1370,2550 1415,2547 1460,2544 1504,2541 1549,2544 1594,2541 1639,2538 1684,2535 1728,2535 1773,2532 1818,2532 1863,2529 1908,2529 1952,2526 1997,2523 2042,2520 2087,2520 2132,2517 2176,2517 2221,2514 2266,2514 2311,2511 2355,2511 2400,2508"/>
                <TextEquiv>
                    <Unicode>Buchform erscheint, in New-York gedruckt wird, haupt</Unicode>
                </TextEquiv>
            </TextLine>
        </TextRegion>
    </Page>
</PcGts>
