3186 3672
431 642 2237 802 in Bezug auf die Filmverwertung eines speziell für den Kinema¬
442 768 1268 894 tographen entstandenen Idee.
516 779 2146 986 Die Dania Biefilm Komp. gewährt Ihnen eine Tantieme von
1050 933 1155 990 parceux
431 945 2192 1068 drei Prozent aus den Bruttoerträgen, die durch Verkauf, Ver¬
442 1016 2274 1144 leihung oder anderweitige Verwertung Ihrer Films auf dem Welt¬
440 1098 2203 1238 markt erzielt werden. Die Dania Biofilm Komp. kann bei einem
449 1201 2228 1332 guten Erfolg auf einen Bruttoertrag von ungefähr 200 000 Mark
447 1307 2270 1412 rechnen. Für den Autor würde sich daraus ein Honorar von cirka
447 1378 2286 1504 6 000 Mark ergeben. Die Dania Biefilm Komp. zahlt bei Erwerbung
449 1495 2176 1591 des Filmstoffes auf diese Summe eine ihren Erwartungen ent¬
456 1580 2256 1703 sprechende Garantie. Für Stoffe zu Films geringen Umfangs wird
458 1651 1823 1788 von Fall zu Fall ein festes Honorar vereinbart.
536 1747 2336 1857 Bei Verfilmung von bereits erschienenen Werken bitten wir Sie,
461 1852 2302 1974 unsere Beratung einzuholen. Es ist noch in keiner Weise geklärt,
456 1928 2288 2063 in wieweit der "verfilmte Roman" auf den Absatz der Buchausgabe
461 2001 2185 2155 ungünstig einwirkt, so dass sich einstweilen die Verfilmung
465 2121 2244 2265 nur solcher Werke empfiehlt, deren Erscheinen mindestens drei
463 2215 1004 2327 Jahre zurückliegt.
555 2304 2290 2412 Die Dania Biefilm Komp. legt aber besonderes Gewicht darauf,
468 2393 2247 2517 Ideen, die speziell für den Kinematographen gedacht sind, zur
470 2480 2254 2636 Verfilmung zu bringen; sicherlich der künstlerisch legitimste
468 2574 1412 2701 Weg, einen Filmstil zu schaffen.
559 2602 2336 2797 Wir stellen Ihnen anheim, Vorschläge nach der oben gezeichne-
472 2762 1541 2898 ten Richtung zu übermitteln und sind
1282 2813 2086 2966 in vollkommener Hochachtung
1515 2905 1797 2978 ergebenst
1403 2953 1898 3035 S. FISCHER,VERLAG
1421 3012 1896 3118 THEATE,RABTEILUNG
