3221 3687
1386 301 1534 476 340
995 353 2306 589 Fischer Verlag, Berlin W., Bülowstrasse 90.
1534 531 1830 674 16/5. 1914
822 870 1596 1110 Herrn Dr. Arthur Schnitzler
1589 1043 1782 1140 Wien
754 1155 1170 1326 Lieber Freund,
872 1211 2642 1414 ich denke nicht daran, Ihnen in der "Beatrice", Sache Schwierig-
769 1373 2609 1526 keiten zu machen. Ich habe dabei nur an das Interesse Ihres Werkes
777 1444 2704 1601 gedacht, nicht aber Interessen des Bühnenvertriebs dabei in Rücksicht
774 1554 2724 1709 gezogen. Handelt es sich um ein frei bearbeitetes Libretto, so hat da-
1687 1624 2180 1714 cʼest eu de lʼannée ou de ses anciens.
787 1591 2712 1784 mit das Werk, das als Buch seine selbständige Existenz behält, nichts
797 1722 2682 1865 zu tun. Tritt aber eine Verstümmelung Ihres Werkes dadurch ein, dass
1145 1820 2654 1985 peiter willkürlich mit Ihrem Werk umgeht, so schädigen
940 1895 2757 2090 Meckt und materiell Ihr Buch. Darum war es mir zu tun. Nehmen Sie
807 1957 2822 2145 den sehr wahrscheinlichen Fall an, dass das Textbuch Ihnen nicht gefällt,
807 2080 2714 2246 dass es aber dennoch soviel aus dem Original wörtlich übernommen hat,
810 2180 2749 2346 dass das Publikum nicht nach den Original, sondern immer nach dem ge-
810 2241 2709 2444 wiss viel billigeren Textbuch greift, so wird Ihnen sofort deutlich,
815 2343 2271 2519 wie sehr damit Ihr Werk und Ihr Buch geschädigt ist.
1060 2421 2662 2594 Nachdem ich Sie darauf aufmerksam gemacht habe, bitte ich
817 2534 2764 2682 Sie ganz nach Ihrem Belieben über den Revers zu verfügen, ich erkläre,
832 2632 2163 2820 dass ich keinerlei Schwierigkeiten machen werde.
1506 2732 2150 2875 Mit herzlichen Grüssen
2150 2817 2248 2900 Ihr
2002 2875 2449 3065 S. Fischer.
