2824 3271
1674 205 1912 357 g.m..
1086 200 1422 374 S. FISCHE
2024 436 2326 533 17/9, 1901
1476 462 2038 602 BERLIN W., DEN
2048 505 2205 643 .
467 507 1007 612 LEPHON: AAT VI, No. 1662.
1431 545 1874 683 BÜLÖWSTRASSE 91.
933 595 1017 700 1662.
1107 752 1867 955 Herrn Dr. Arthur Schnitzler
1826 867 2150 1005 Wien IX
1807 979 2188 1095 Frankgasse 1.
802 1091 1522 1217 Sehr geehrter Herr Doktor!
826 1200 2515 1345 Bei der diesjährigen Abrechnung haben wir Ihnen contraktgemäss
862 1181 983 1257 G.C.P.
722 1276 2610 1410 die Honorare so zu verrechnen, dass von jedem Werk nur eine halbe Auf-
724 1384 2617 1522 lage (so weit sie noch unverkauft) unverrechnet bleibt. Vom illustrir-
743 1464 2610 1593 ten „Anatol“ wurden 3 Auflagen gedruckt, 1 ½ Auflage im vorigen Jahre
733 1517 2629 1681 honorirt, so dass also für dieses Jahr eine Auflage zu honorieren ist,
736 1643 2650 1786 was in der anliegenden Abrechnung geschehen ist. Das bezügliche Honorar
1164 1731 1288 1791 G.C.F.P
748 1729 2643 1874 von 500 Mark senden wir heute für Ihre Rechnung an die Allgem. Oesterr.
743 1848 1536 1976 Boden-Credit-Anstalt in Wien.
912 1898 2677 2050 Unsere Honorar-Vereinbarung für dieses Werk lautet: 25 % Tantième.
879 1924 962 1976 G.H.F.P
748 1998 2662 2146 die Hälfte für Sie, die Häifte für Coschall, wobei wir aber der Ordnung
755 2069 2653 2212 wegen gleich bemerken, dass zur Vorauszahlung des Honorars an Coschel
1003 2176 1138 2241 G.C.F.P
755 2174 2641 2312 in gleicher Weise keine Veranlassung ist, sondern dass an Coschall die
795 2196 886 2248 G.F.P
938 2265 1100 2324 G.H.F.P.
752 2260 2615 2422 Auszahlung des weiteren Tantièmen-Anteils nach Maassgabe des Absatzes
762 2405 998 2524 erfolgt.
2419 2412 2672 2550 sind noch.
950 2441 2384 2584 Die neuen Auflagen von „Frau des Weisen“ und „Märchen
764 2531 2531 2674 nicht fertig, wir hoffen aber, beide Werke bis Mitte Oktober herau
762 2669 1255 2798 bringen zu können.
1714 2646 2181 2762 Hochachtungsvoll
1769 2738 2065 2858 ergebenst
1657 2824 2196 2936 S. FISCHER,VERLAG
1653 2858 2329 3053 i/d: Lein Schultes
