3221 3687
1501 258 1692 385 12
1513 361 1647 464 347
999 327 2390 631 S. Fischer, Verlag, Berlin W., Bülowstrasse 90
1632 540 1948 707 8/12. 1914
1083 908 1862 1061 Herrn Dr. Arthur Schnitzler
1843 985 2015 1142 Wien
880 1243 1288 1353 Lieber Freund,
978 1295 2748 1460 der Bühnengenossenschaft habe ich den Anteil von M. 157,50 über-
903 1355 2772 1561 wiesen. Für welchen Zweck dem Ostheer die Tantiemen-Anteile zu über-
913 1439 2760 1651 weisen sind, ist mir nicht ganz klar geworden. Es gibt da wohl drei
1764 1479 1991 1542 Votre très-diteur de la
915 1532 2777 1747 Möglichkeiten: Fürs Rote Kreuz, für Liebesgaben zur Verwendung fürs
927 1606 2849 1828 Ostheer, oder für die Hinterbliebenen der im Osten gefallenen Krieger.
934 1754 2201 1922 Bitte unterrichten Sie mich über Ihre Wünsche.
1123 1785 2717 1996 Im Osten scheint es gut zu gehen, hoffentlich bringen die
939 1910 2428 2118 nächsten Kämpfe eine entscheidende glückliche Wendung.
1295 2034 1938 2173 Mit herzlichen Grüssen
1984 2120 2091 2204 Ihr
1984 2194 2426 2404 F.fischer
