<?xml version="1.0" encoding="UTF-8" standalone="yes"?>
<PcGts xmlns="http://schema.primaresearch.org/PAGE/gts/pagecontent/2013-07-15" xmlns:xsi="http://www.w3.org/2001/XMLSchema-instance" xsi:schemaLocation="http://schema.primaresearch.org/PAGE/gts/pagecontent/2013-07-15 http://schema.primaresearch.org/PAGE/gts/pagecontent/2013-07-15/pagecontent.xsd">
    <Metadata>
        <Creator>prov=READ-COOP:name=TrHtr:version=2.1.0:model_id=51170:date=26_07_2023_22:27</Creator>
        <Created>2023-05-02T08:09:35.514+02:00</Created>
        <LastChange>2023-07-26T22:27:17.242+02:00</LastChange>
        <TranskribusMetadata docId="1416742" pageId="54953826" pageNr="181" tsid="131084426" status="IN_PROGRESS" userId="64420" imgUrl="https://files.transkribus.eu/Get?id=OQSRQFKZDFAKFOUXETPWSIDZ&amp;fileType=view" xmlUrl="https://files.transkribus.eu/Get?id=KEKOKSDVVFGVJYVQCCWNGNGE" imageId="44457551"/>
    </Metadata>
    <Page imageFilename="1416742_0181.jpg" imageWidth="2792" imageHeight="3255">
        <ReadingOrder>
            <OrderedGroup id="ro_1711827168605" caption="Regions reading order">
                <RegionRefIndexed index="0" regionRef="tr_2"/>
                <RegionRefIndexed index="1" regionRef="tr_1"/>
            </OrderedGroup>
        </ReadingOrder>
        <TextRegion id="tr_2" custom="readingOrder {index:0;}">
            <Coords points="427,212 2526,212 2526,1431 427,1431"/>
            <TextLine id="tr_2_tl_1" custom="readingOrder {index:0;}">
                <Coords points="1544,321 1565,323 1593,300 1626,316 1656,304 1721,318 1744,295 1758,302 1791,283 1846,321 1904,293 1907,200 1851,202 1721,146 1647,149 1630,135 1609,149 1549,135"/>
                <Baseline points="1558,271 1597,274 1642,274 1687,274 1732,274 1776,274 1821,268 1866,268 1911,262"/>
                <TextEquiv>
                    <Unicode>VERLAG</Unicode>
                </TextEquiv>
            </TextLine>
            <TextLine id="tr_2_tl_2" custom="readingOrder {index:1;}">
                <Coords points="1073,318 1145,314 1182,293 1233,316 1291,283 1366,307 1407,293 1468,316 1524,300 1526,211 1442,214 1414,197 1363,214 1315,202 1291,223 1268,204 1233,216 1194,202 1075,221"/>
                <Baseline points="1086,289 1128,283 1173,283 1218,283 1263,283 1307,280 1352,277 1397,277 1442,280 1487,280 1531,286"/>
                <TextEquiv>
                    <Unicode>S. FISCHER,</Unicode>
                </TextEquiv>
            </TextLine>
            <TextLine id="tr_2_tl_3" custom="readingOrder {index:2;}">
                <Coords points="1918,402 1935,402 1939,397 1946,404 1953,402 1963,409 1969,404 1974,411 2002,409 2007,311 1981,314 1972,323 1949,321 1935,330 1921,330"/>
                <Baseline points="1932,367 1964,367 2009,364"/>
                <TextEquiv>
                    <Unicode>1.</Unicode>
                </TextEquiv>
            </TextLine>
            <TextLine id="tr_2_tl_4" custom="readingOrder {index:3;}">
                <Coords points="1740,404 1758,406 1777,425 1819,427 1816,290 1802,293 1791,283 1784,293 1767,288 1756,300 1737,295"/>
                <Baseline points="1752,370 1797,370 1824,373"/>
                <TextEquiv>
                    <Unicode>P.</Unicode>
                </TextEquiv>
            </TextLine>
            <TextLine id="tr_2_tl_5" custom="readingOrder {index:4;}">
                <Coords points="704,413 936,437 1082,399 1268,437 1298,409 1586,397 1589,321 1505,295 1240,348 1112,314 966,358 706,351"/>
                <Baseline points="716,406 740,403 785,400 830,400 874,394 919,391 940,391 967,394 1012,394 1057,391 1101,391 1146,388 1191,388 1236,388 1281,385 1325,382 1370,382 1415,379 1460,379 1505,379 1549,379 1594,379"/>
                <TextEquiv>
                    <Unicode>derangement denken. Dresden und Stadt</Unicode>
                </TextEquiv>
            </TextLine>
            <TextLine id="tr_2_tl_6" custom="readingOrder {index:5;}">
                <Coords points="1686,469 1844,478 1907,462 1981,481 2018,462 2046,474 2079,453 2139,469 2141,404 2072,393 2053,404 2032,388 1963,409 1937,397 1860,427 1779,425 1709,395 1688,404"/>
                <Baseline points="1699,456 1743,456 1788,459 1833,456 1878,456 1923,456 1967,453 2012,453 2057,450 2102,444 2147,444"/>
                <TextEquiv>
                    <Unicode>chtigen Plätze stein.</Unicode>
                </TextEquiv>
            </TextLine>
            <TextLine id="tr_2_tl_7" custom="readingOrder {index:6;}">
                <Coords points="1544,476 1558,474 1565,478 1575,469 1582,469 1591,478 1600,478 1614,467 1621,469 1626,464 1642,467 1640,406 1607,413 1586,430 1572,418 1542,423"/>
                <Baseline points="1555,453 1600,456 1645,456"/>
                <TextEquiv>
                    <Unicode>mais en</Unicode>
                </TextEquiv>
            </TextLine>
            <TextLine id="tr_2_tl_8" custom="readingOrder {index:7;}">
                <Coords points="692,506 845,499 892,523 1075,485 1112,511 1196,490 1240,525 1328,492 1461,499 1463,413 1433,406 1298,409 1236,441 1112,411 948,453 838,411 697,416"/>
                <Baseline points="707,486 749,486 794,489 839,489 883,486 928,483 973,483 1018,480 1063,480 1107,477 1152,474 1197,474 1242,474 1287,474 1331,471 1376,471 1421,468 1466,462"/>
                <TextEquiv>
                    <Unicode>sehnt. Die Entscheidung der am</Unicode>
                </TextEquiv>
            </TextLine>
            <TextLine id="tr_2_tl_9" custom="readingOrder {index:8;}">
                <Coords points="1528,527 2074,543 2134,578 2185,555 2292,564 2292,453 2206,451 2167,476 2079,453 1888,483 1528,476"/>
                <Baseline points="1540,519 1585,519 1630,519 1675,519 1720,516 1764,519 1809,519 1854,519 1899,516 1944,522 1988,519 2033,519 2078,519 2123,522 2168,522 2212,519 2257,519 2299,522"/>
                <TextEquiv>
                    <Unicode>BERene W., DEN 26/1. 1904</Unicode>
                </TextEquiv>
            </TextLine>
            <TextLine id="tr_2_tl_10" custom="readingOrder {index:9;}">
                <Coords points="427,546 657,539 660,476 590,471 567,490 553,483 541,492 430,481"/>
                <Baseline points="441,534 483,534 528,534 573,531 618,531 662,528"/>
                <TextEquiv>
                    <Unicode>TELEPHON:</Unicode>
                </TextEquiv>
            </TextLine>
            <TextLine id="tr_2_tl_11" custom="readingOrder {index:10;}">
                <Coords points="699,592 1963,585 1946,539 1558,541 1410,488 1266,523 1078,488 901,532 699,509"/>
                <Baseline points="713,576 758,576 803,573 848,573 892,570 937,570 982,570 1027,570 1072,567 1116,567 1161,564 1206,561 1251,564 1296,561 1340,561 1385,558 1430,558 1475,561 1519,567 1564,570 1609,570 1654,570 1699,570 1743,570 1788,567 1833,567 1878,567 1923,564 1967,564"/>
                <TextEquiv>
                    <Unicode>wird von uns jetzt eingeholt BÖLowSTRASSE 90/91</Unicode>
                </TextEquiv>
            </TextLine>
            <TextLine id="tr_2_tl_12" custom="readingOrder {index:11;}">
                <Coords points="413,597 464,615 497,604 530,622 564,620 592,604 660,625 662,536 574,548 546,534 516,548 453,541 432,553 413,550"/>
                <Baseline points="427,579 444,576 489,576 534,573 579,573 624,570 668,573"/>
                <TextEquiv>
                    <Unicode>AMT VI, 1662</Unicode>
                </TextEquiv>
            </TextLine>
            <TextLine id="tr_2_tl_13" custom="readingOrder {index:12;}">
                <Coords points="671,678 1942,671 2448,625 2450,567 674,590"/>
                <Baseline points="683,662 707,665 752,662 797,659 842,659 886,659 931,659 976,659 1021,656 1066,653 1110,651 1155,651 1200,648 1245,648 1290,648 1334,648 1379,645 1424,645 1469,642 1514,639 1558,642 1603,639 1648,639 1693,639 1737,633 1782,633 1827,633 1872,627 1917,627 1961,624 2006,624 2051,621 2096,621 2141,621 2185,621 2230,618 2275,615 2320,615 2365,612 2409,612 2454,609"/>
                <TextEquiv>
                    <Unicode>tomatisch, dass Dresden und Stuttgart die Bühnenwirkung offenbar</Unicode>
                </TextEquiv>
            </TextLine>
            <TextLine id="tr_2_tl_14" custom="readingOrder {index:13;}">
                <Coords points="827,759 2480,748 2483,632 1280,699 829,667"/>
                <Baseline points="839,743 874,743 919,746 964,743 1009,743 1054,743 1098,740 1143,737 1188,737 1233,734 1278,734 1322,734 1367,731 1412,728 1457,728 1502,728 1546,725 1591,725 1636,722 1681,722 1726,722 1770,722 1815,719 1860,719 1905,716 1950,713 1994,713 2039,713 2084,713 2129,710 2173,710 2218,704 2263,704 2308,701 2353,695 2397,698 2442,698 2487,692"/>
                <TextEquiv>
                    <Unicode>deifelhaft halten. Jedenfalls will ich, wenn von der vor¬</Unicode>
                </TextEquiv>
            </TextLine>
            <TextLine id="tr_2_tl_15" custom="readingOrder {index:14;}">
                <Coords points="850,804 952,824 1103,804 1250,857 1273,838 1398,843 1454,801 1591,804 1593,750 1245,736 852,762"/>
                <Baseline points="863,800 907,800 952,803 997,803 1042,800 1086,800 1131,800 1137,801 1137,801 1149,800 1194,797 1239,794 1284,794 1328,791 1373,788 1418,788 1463,788 1508,788 1552,785 1597,782"/>
                <TextEquiv>
                    <Unicode>Herrn Dr. Arthur Schnitzler</Unicode>
                </TextEquiv>
            </TextLine>
            <TextLine id="tr_2_tl_16" custom="readingOrder {index:15;}">
                <Coords points="1433,838 2014,806 2107,841 2190,797 2283,843 2367,827 2371,722 2239,757 2195,729 2032,755 1963,732 1844,769 1747,743 1702,778 1435,790"/>
                <Baseline points="1448,812 1478,815 1522,812 1567,812 1612,809 1657,809 1702,809 1746,806 1791,806 1836,803 1881,803 1926,800 1970,800 2015,797 2060,800 2105,797 2150,794 2194,791 2239,791 2284,788 2329,788 2374,785"/>
                <TextEquiv>
                    <Unicode>erfolgen, auch diese der Tournée</Unicode>
                </TextEquiv>
            </TextLine>
            <TextLine id="tr_2_tl_17" custom="readingOrder {index:16;}">
                <Coords points="857,845 878,845 890,857 913,845 934,857 955,843 1001,862 1050,864 1059,855 1073,871 1103,859 1117,871 1133,869 1136,806 1119,799 1103,811 1087,801 1068,811 1047,801 971,804 962,813 859,808"/>
                <Baseline points="871,836 913,833 958,833 1003,830 1048,827 1092,827 1140,823"/>
                <TextEquiv>
                    <Unicode>en stadte</Unicode>
                </TextEquiv>
            </TextLine>
            <TextLine id="tr_2_tl_18" custom="readingOrder {index:17;}">
                <Coords points="1593,924 1654,903 1812,920 1949,896 1990,915 2086,890 2281,906 2281,834 2144,850 1907,815 1593,824"/>
                <Baseline points="1606,871 1651,871 1696,877 1740,871 1785,868 1830,866 1875,868 1920,868 1964,871 2009,877 2054,880 2099,880 2144,880 2185,880 2194,880 2197,880 2242,877 2287,874"/>
                <TextEquiv>
                    <Unicode>Spöttelgasse 7</Unicode>
                </TextEquiv>
            </TextLine>
            <TextLine id="tr_2_tl_19" custom="readingOrder {index:18;}">
                <Coords points="2422,890 2436,887 2462,906 2469,903 2485,913 2518,910 2511,815 2497,815 2492,820 2469,804 2450,808 2446,813 2434,806 2418,813"/>
                <Baseline points="2433,868 2478,871 2520,874"/>
                <TextEquiv>
                    <Unicode>men.</Unicode>
                </TextEquiv>
            </TextLine>
            <TextLine id="tr_2_tl_20" custom="readingOrder {index:19;}">
                <Coords points="964,927 1022,959 1112,927 1296,959 1489,920 1535,931 1589,917 1591,838 1496,822 1426,845 1366,836 1259,890 1175,864 964,866"/>
                <Baseline points="976,916 1012,916 1057,916 1101,916 1146,913 1191,913 1236,913 1281,910 1325,907 1370,907 1415,904 1460,901 1505,901 1549,901 1594,901"/>
                <TextEquiv>
                    <Unicode>übertragen und deuenten</Unicode>
                </TextEquiv>
            </TextLine>
            <TextLine id="tr_2_tl_21" custom="readingOrder {index:20;}">
                <Coords points="676,938 718,938 725,945 755,934 783,941 794,934 806,943 815,934 848,931 862,943 883,943 885,848 862,855 848,848 834,857 818,845 806,857 771,864 741,841 708,855 678,845"/>
                <Baseline points="689,928 707,925 752,925 797,925 842,919 886,919"/>
                <TextEquiv>
                    <Unicode>Lindemann</Unicode>
                </TextEquiv>
            </TextLine>
            <TextLine id="tr_2_tl_22" custom="readingOrder {index:21;}">
                <Coords points="1702,1006 1767,1017 1777,1008 1793,1015 1821,1006 1860,1017 1877,1006 1907,1006 1932,982 1953,978 1956,894 1942,894 1923,913 1897,901 1858,915 1825,906 1800,920 1788,913 1765,922 1737,910 1707,917"/>
                <Baseline points="1717,959 1764,955 1809,955 1854,955 1899,952 1944,949 1958,949"/>
                <TextEquiv>
                    <Unicode>1en XVIII</Unicode>
                </TextEquiv>
            </TextLine>
            <TextLine id="tr_2_tl_23" custom="readingOrder {index:22;}">
                <Coords points="2401,989 2425,985 2434,975 2450,989 2462,989 2485,1006 2504,1003 2501,903 2492,903 2483,910 2457,903 2439,920 2425,915 2420,920 2399,922"/>
                <Baseline points="2415,955 2460,955 2505,958 2508,958"/>
                <TextEquiv>
                    <Unicode>rekt</Unicode>
                </TextEquiv>
            </TextLine>
            <TextLine id="tr_2_tl_24" custom="readingOrder {index:23;}">
                <Coords points="1997,1006 2037,994 2062,1006 2146,1006 2218,975 2239,987 2255,973 2343,994 2348,922 2311,910 2278,917 2267,906 2230,915 2190,901 2127,915 2109,903 2055,920 2002,906"/>
                <Baseline points="2012,973 2036,973 2081,970 2126,970 2170,967 2215,967 2260,964 2305,961 2350,958"/>
                <TextEquiv>
                    <Unicode>gelegenheit d</Unicode>
                </TextEquiv>
            </TextLine>
            <TextLine id="tr_2_tl_25" custom="readingOrder {index:24;}">
                <Coords points="683,1024 929,1043 1238,1015 1368,1050 1500,1010 1584,1040 1644,1031 1649,908 938,971 834,931 685,938"/>
                <Baseline points="695,1015 710,1015 755,1012 800,1012 845,1012 889,1012 934,1012 979,1009 1024,1009 1069,1006 1113,1006 1158,1003 1203,1003 1248,1000 1293,997 1337,997 1382,997 1427,994 1472,994 1517,991 1561,988 1606,988 1651,985"/>
                <TextEquiv>
                    <Unicode>Falls Lindemann oder Fräulein Simon's</Unicode>
                </TextEquiv>
            </TextLine>
            <TextLine id="tr_2_tl_26" custom="readingOrder {index:25;}">
                <Coords points="676,1117 2267,1089 2501,1061 2504,1003 678,1027"/>
                <Baseline points="689,1104 716,1104 761,1104 806,1104 851,1107 895,1107 940,1107 985,1107 1030,1104 1075,1104 1119,1104 1164,1104 1209,1101 1254,1101 1299,1098 1343,1095 1388,1086 1433,1081 1478,1081 1522,1081 1567,1075 1612,1075 1657,1072 1702,1072 1746,1072 1791,1069 1836,1069 1881,1066 1926,1066 1970,1063 2015,1063 2060,1060 2105,1060 2150,1057 2194,1051 2239,1051 2284,1051 2329,1051 2374,1054 2418,1051 2463,1048 2508,1048"/>
                <TextEquiv>
                    <Unicode>xxx Sieber Herr Doktor! Sie dieselben an uns zu verweisen, und</Unicode>
                </TextEquiv>
            </TextLine>
            <TextLine id="tr_2_tl_27" custom="readingOrder {index:26;}">
                <Coords points="1073,1194 1779,1159 1963,1178 2041,1161 2044,1101 1965,1115 1863,1080 1723,1126 1616,1092 1421,1138 1370,1117 1198,1143 1152,1106 1073,1131"/>
                <Baseline points="1086,1176 1107,1176 1152,1176 1197,1173 1242,1173 1287,1173 1331,1170 1376,1170 1421,1167 1466,1164 1511,1164 1555,1161 1600,1161 1645,1161 1690,1158 1735,1155 1779,1155 1824,1155 1869,1155 1914,1152 1958,1152 2003,1149 2048,1149"/>
                <TextEquiv>
                    <Unicode>Wünsche mir rechtzeitig mitzuteilen.</Unicode>
                </TextEquiv>
            </TextLine>
            <TextLine id="tr_2_tl_28" custom="readingOrder {index:27;}">
                <Coords points="818,1219 836,1222 857,1203 866,1203 873,1208 887,1196 910,1203 915,1133 901,1129 892,1136 887,1133 883,1138 871,1138 862,1136 852,1126 824,1122"/>
                <Baseline points="833,1188 874,1185 919,1182"/>
                <TextEquiv>
                    <Unicode>etc</Unicode>
                </TextEquiv>
            </TextLine>
            <TextLine id="tr_2_tl_29" custom="readingOrder {index:28;}">
                <Coords points="836,1259 1503,1280 1858,1219 2439,1261 2518,1238 2520,1143 836,1194"/>
                <Baseline points="848,1245 868,1245 913,1245 958,1245 1003,1242 1048,1242 1092,1239 1137,1239 1182,1236 1227,1239 1272,1236 1316,1230 1361,1230 1406,1230 1451,1227 1496,1224 1540,1224 1585,1224 1630,1221 1675,1221 1720,1218 1764,1218 1809,1218 1854,1215 1899,1215 1944,1212 1988,1212 2033,1212 2078,1209 2123,1209 2168,1209 2212,1206 2257,1209 2302,1206 2347,1203 2391,1200 2436,1200 2481,1200 2526,1206"/>
                <TextEquiv>
                    <Unicode>Die Drucklegung der Buchausgabe haben wir in Angriff genommen,</Unicode>
                </TextEquiv>
            </TextLine>
            <TextLine id="tr_2_tl_30" custom="readingOrder {index:29;}">
                <Coords points="722,1359 883,1377 929,1340 1189,1331 1345,1370 1510,1324 1691,1361 1816,1340 1819,1263 725,1275"/>
                <Baseline points="734,1337 749,1334 794,1334 839,1331 883,1331 928,1331 973,1331 1018,1331 1063,1328 1107,1328 1152,1325 1197,1322 1242,1322 1287,1322 1331,1319 1376,1319 1421,1319 1466,1316 1511,1313 1555,1313 1600,1313 1645,1310 1690,1310 1735,1307 1779,1307 1824,1307"/>
                <TextEquiv>
                    <Unicode>das Buch wird rechtzeitig fertig werden.</Unicode>
                </TextEquiv>
            </TextLine>
            <TextLine id="tr_2_tl_31" custom="readingOrder {index:30;}">
                <Coords points="836,1440 1340,1465 2030,1384 2165,1433 2460,1407 2462,1335 838,1368"/>
                <Baseline points="848,1421 854,1421 898,1418 943,1421 988,1418 1033,1415 1078,1415 1122,1415 1167,1412 1212,1412 1257,1409 1302,1409 1346,1409 1391,1406 1436,1406 1481,1406 1525,1403 1570,1400 1615,1400 1660,1400 1705,1397 1749,1394 1794,1394 1839,1391 1884,1391 1929,1388 1973,1388 2018,1385 2063,1385 2108,1385 2153,1382 2197,1382 2242,1382 2287,1379 2332,1379 2377,1376 2421,1376 2466,1373"/>
                <TextEquiv>
                    <Unicode>Mit Lindemann haben wir gestern noch einmal verhandelt; ich</Unicode>
                </TextEquiv>
            </TextLine>
        </TextRegion>
        <TextRegion id="tr_1" custom="readingOrder {index:1;}">
            <Coords points="731,1407 2636,1407 2636,2855 731,2855"/>
            <TextLine id="tr_1_tl_1" custom="readingOrder {index:0;}">
                <Coords points="729,1533 2339,1500 2455,1472 2457,1407 732,1459"/>
                <Baseline points="743,1517 758,1514 803,1511 848,1511 892,1511 937,1508 982,1508 1027,1508 1072,1505 1116,1505 1161,1505 1206,1502 1251,1502 1296,1499 1340,1499 1385,1496 1430,1493 1475,1493 1519,1493 1564,1490 1609,1487 1654,1487 1699,1487 1743,1487 1788,1484 1833,1481 1878,1478 1923,1478 1967,1475 2012,1475 2057,1472 2102,1472 2147,1472 2191,1469 2236,1469 2281,1466 2326,1466 2371,1463 2415,1463 2460,1457"/>
                <TextEquiv>
                    <Unicode>sende Ihnen anliegend ein Verzeichnis der Orte, die wir mit ihm</Unicode>
                </TextEquiv>
            </TextLine>
            <TextLine id="tr_1_tl_2" custom="readingOrder {index:1;}">
                <Coords points="727,1612 1280,1586 1526,1642 1819,1577 2376,1586 2413,1496 727,1561"/>
                <Baseline points="740,1603 758,1603 803,1600 848,1600 892,1600 937,1597 982,1597 1027,1597 1072,1594 1116,1591 1161,1591 1206,1588 1251,1588 1296,1585 1340,1582 1385,1582 1430,1579 1475,1576 1519,1576 1564,1576 1609,1573 1654,1573 1699,1573 1743,1570 1788,1567 1833,1567 1878,1564 1923,1561 1967,1561 2012,1561 2057,1558 2102,1555 2147,1555 2191,1555 2236,1552 2281,1549 2326,1546 2371,1546 2415,1546"/>
                <TextEquiv>
                    <Unicode>festgestellt haben, nachdem wir einige wichtige Plätse wie Bru¬</Unicode>
                </TextEquiv>
            </TextLine>
            <TextLine id="tr_1_tl_3" custom="readingOrder {index:2;}">
                <Coords points="1247,1633 1259,1633 1263,1640 1273,1637 1275,1642 1282,1637 1310,1642 1333,1628 1345,1628 1352,1633 1368,1630 1370,1600 1359,1600 1349,1589 1338,1593 1333,1589 1294,1593 1280,1586 1270,1593 1250,1589"/>
                <Baseline points="1260,1627 1284,1621 1328,1615 1373,1618"/>
                <TextEquiv>
                    <Unicode>P.S.</Unicode>
                </TextEquiv>
            </TextLine>
            <TextLine id="tr_1_tl_4" custom="readingOrder {index:3;}">
                <Coords points="736,1709 2566,1663 2604,1568 1524,1642 739,1612"/>
                <Baseline points="749,1687 770,1687 815,1687 860,1687 904,1684 949,1687 994,1684 1039,1684 1084,1681 1128,1678 1173,1678 1218,1675 1263,1678 1307,1675 1352,1672 1397,1669 1442,1669 1487,1669 1531,1669 1576,1663 1621,1663 1666,1663 1711,1660 1755,1657 1800,1657 1845,1654 1890,1654 1935,1651 1979,1651 2024,1648 2069,1648 2114,1648 2159,1645 2203,1648 2248,1645 2293,1642 2338,1639 2383,1639 2427,1636 2472,1636 2517,1633 2562,1636 2606,1636"/>
                <TextEquiv>
                    <Unicode>Chemnitz, Darmstadt, Dresden, Elberfeld, Frankfurt a.M., Königsberg,</Unicode>
                </TextEquiv>
            </TextLine>
            <TextLine id="tr_1_tl_5" custom="readingOrder {index:4;}">
                <Coords points="1310,1716 1347,1723 1349,1726 1352,1723 1368,1723 1375,1719 1380,1721 1387,1716 1398,1716 1400,1693 1384,1695 1377,1688 1375,1691 1368,1691 1366,1688 1363,1691 1359,1684 1352,1684 1345,1691 1340,1688 1315,1686"/>
                <Baseline points="1325,1717 1358,1714 1403,1708"/>
                <TextEquiv>
                    <Unicode>vera</Unicode>
                </TextEquiv>
            </TextLine>
            <TextLine id="tr_1_tl_6" custom="readingOrder {index:5;}">
                <Coords points="734,1781 1554,1805 2511,1744 2550,1684 736,1709"/>
                <Baseline points="746,1779 761,1776 806,1776 851,1776 895,1773 940,1773 985,1773 1030,1770 1075,1767 1119,1767 1164,1764 1209,1764 1254,1764 1299,1761 1343,1758 1388,1758 1433,1758 1478,1758 1522,1755 1567,1752 1612,1752 1657,1749 1702,1746 1746,1743 1791,1743 1836,1743 1881,1740 1926,1740 1970,1737 2015,1735 2060,1735 2105,1735 2150,1735 2194,1735 2239,1732 2284,1729 2329,1726 2374,1726 2418,1723 2463,1723 2508,1720 2553,1717"/>
                <TextEquiv>
                    <Unicode>Mannheim, Münehen, Nürnberg, von dieser Vereinbarung zunächst aus-</Unicode>
                </TextEquiv>
            </TextLine>
            <TextLine id="tr_1_tl_7" custom="readingOrder {index:6;}">
                <Coords points="736,1900 2371,1849 2555,1774 741,1784"/>
                <Baseline points="752,1872 767,1872 812,1866 857,1863 901,1863 946,1860 991,1860 1036,1857 1081,1857 1125,1854 1170,1854 1215,1854 1260,1851 1304,1848 1349,1845 1394,1845 1439,1845 1484,1845 1528,1845 1573,1842 1618,1842 1663,1836 1708,1836 1752,1833 1797,1833 1842,1830 1887,1830 1932,1827 1976,1827 2021,1824 2066,1824 2111,1824 2156,1821 2200,1818 2245,1818 2290,1815 2335,1812 2380,1812 2424,1812 2469,1809 2514,1809 2559,1806"/>
                <TextEquiv>
                    <Unicode>geschlossen haben. Für die in der Anlage verzeichneten Städte will</Unicode>
                </TextEquiv>
            </TextLine>
            <TextLine id="tr_1_tl_8" custom="readingOrder {index:7;}">
                <Coords points="1157,1904 1236,1909 1273,1900 1287,1907 1333,1891 1352,1902 1373,1893 1410,1900 1412,1851 1375,1863 1359,1853 1347,1865 1312,1856 1298,1867 1266,1865 1256,1856 1243,1867 1231,1858 1208,1874 1159,1860"/>
                <Baseline points="1170,1902 1194,1899 1239,1896 1284,1893 1328,1887 1373,1887 1418,1887"/>
                <TextEquiv>
                    <Unicode>d'oedine</Unicode>
                </TextEquiv>
            </TextLine>
            <TextLine id="tr_1_tl_9" custom="readingOrder {index:8;}">
                <Coords points="739,1958 1888,1981 2490,1932 2550,1918 2552,1844 741,1900"/>
                <Baseline points="752,1955 761,1955 806,1953 851,1950 895,1950 940,1950 985,1950 1030,1950 1075,1947 1119,1947 1164,1944 1209,1944 1254,1941 1299,1941 1343,1941 1388,1938 1433,1935 1478,1932 1522,1932 1567,1929 1612,1929 1657,1929 1702,1926 1746,1923 1791,1923 1836,1920 1881,1917 1926,1917 1970,1917 2015,1914 2060,1914 2105,1911 2150,1911 2194,1911 2239,1908 2284,1908 2329,1905 2374,1902 2418,1899 2463,1899 2508,1899 2553,1896"/>
                <TextEquiv>
                    <Unicode>Lindemann eine Garantiesumme von 5000 Mark bezahlen, bei einer Tan-</Unicode>
                </TextEquiv>
            </TextLine>
            <TextLine id="tr_1_tl_10" custom="readingOrder {index:9;}">
                <Coords points="718,2083 2555,2028 2557,1935 1112,2002 722,1951"/>
                <Baseline points="731,2036 770,2042 815,2042 860,2039 904,2039 949,2039 994,2039 1039,2036 1084,2036 1128,2036 1173,2033 1218,2033 1263,2033 1307,2030 1352,2027 1397,2027 1442,2024 1487,2021 1531,2021 1576,2018 1621,2018 1666,2015 1711,2018 1755,2015 1800,2012 1845,2009 1890,2009 1935,2006 1979,2003 2024,2003 2069,2003 2114,2000 2159,2000 2203,1997 2248,1994 2293,1994 2338,1991 2383,1988 2427,1988 2472,1985 2517,1985 2562,1982"/>
                <TextEquiv>
                    <Unicode>tiemenverrechnung von 10 % Nun liegt die Sache so, dass Lindemann</Unicode>
                </TextEquiv>
            </TextLine>
            <TextLine id="tr_1_tl_11" custom="readingOrder {index:10;}">
                <Coords points="743,2132 1377,2167 2425,2109 2487,2023 746,2074"/>
                <Baseline points="755,2129 788,2132 833,2132 877,2129 922,2129 967,2126 1012,2126 1057,2123 1101,2123 1146,2120 1191,2123 1236,2120 1281,2117 1325,2117 1370,2114 1415,2111 1460,2108 1505,2108 1549,2108 1594,2105 1639,2105 1684,2105 1729,2102 1773,2099 1818,2099 1863,2096 1908,2093 1953,2093 1997,2093 2042,2090 2087,2087 2132,2087 2176,2087 2221,2084 2266,2084 2311,2081 2356,2081 2400,2078 2445,2078 2490,2072"/>
                <TextEquiv>
                    <Unicode>in der That ein gutes Ensemble hat (die Dumont reist mit seiner</Unicode>
                </TextEquiv>
            </TextLine>
            <TextLine id="tr_1_tl_12" custom="readingOrder {index:11;}">
                <Coords points="755,2246 2241,2225 2520,2188 2522,2095 1229,2174 757,2141"/>
                <Baseline points="767,2221 779,2221 824,2218 868,2218 913,2218 958,2221 1003,2215 1048,2215 1092,2212 1137,2209 1182,2212 1227,2206 1272,2206 1316,2203 1361,2200 1406,2200 1451,2197 1496,2197 1540,2197 1585,2194 1630,2191 1675,2191 1720,2191 1764,2188 1809,2185 1854,2185 1899,2185 1944,2182 1988,2182 2033,2179 2078,2176 2123,2176 2168,2173 2212,2173 2257,2173 2302,2170 2347,2168 2391,2168 2436,2165 2481,2162 2526,2162"/>
                <TextEquiv>
                    <Unicode>Truppe), und dass eine Wirkung mit seiner Truppe eher zu erwarten</Unicode>
                </TextEquiv>
            </TextLine>
            <TextLine id="tr_1_tl_13" custom="readingOrder {index:12;}">
                <Coords points="746,2343 2501,2288 2541,2183 748,2248"/>
                <Baseline points="758,2311 797,2311 842,2308 886,2308 931,2305 976,2305 1021,2302 1066,2302 1110,2299 1155,2299 1200,2299 1245,2296 1290,2293 1334,2293 1379,2290 1424,2287 1469,2287 1514,2284 1558,2284 1603,2284 1648,2281 1693,2278 1737,2278 1782,2275 1827,2275 1872,2272 1917,2269 1961,2269 2006,2266 2051,2269 2096,2266 2141,2263 2185,2266 2230,2263 2275,2260 2320,2257 2365,2257 2409,2254 2454,2251 2499,2248 2544,2248"/>
                <TextEquiv>
                    <Unicode>ist als mit den eingesessenen Theatern. Es kommt hinzu, dass 5000</Unicode>
                </TextEquiv>
            </TextLine>
            <TextLine id="tr_1_tl_14" custom="readingOrder {index:13;}">
                <Coords points="748,2425 2487,2381 2580,2350 2583,2276 750,2343"/>
                <Baseline points="764,2397 794,2397 839,2394 883,2394 928,2394 973,2391 1018,2391 1063,2388 1107,2388 1152,2386 1197,2386 1242,2383 1287,2383 1331,2380 1376,2380 1421,2377 1466,2374 1511,2374 1555,2371 1600,2371 1645,2368 1690,2368 1735,2368 1779,2365 1824,2362 1869,2362 1914,2359 1958,2359 2003,2356 2048,2356 2093,2356 2138,2353 2182,2353 2227,2347 2272,2347 2317,2344 2362,2344 2406,2341 2451,2341 2496,2338 2541,2338 2586,2335"/>
                <TextEquiv>
                    <Unicode>Mark eine ganz anständige Garantie sind und dass es bei den meisten</Unicode>
                </TextEquiv>
            </TextLine>
            <TextLine id="tr_1_tl_15" custom="readingOrder {index:14;}">
                <Coords points="755,2527 2439,2473 2515,2455 2520,2371 757,2425"/>
                <Baseline points="770,2487 776,2484 821,2484 866,2481 910,2481 955,2481 1000,2478 1045,2478 1089,2475 1134,2475 1179,2472 1224,2472 1269,2472 1313,2469 1358,2466 1403,2466 1448,2463 1493,2463 1537,2460 1582,2460 1627,2457 1672,2457 1717,2454 1761,2454 1806,2454 1851,2451 1896,2448 1941,2448 1985,2448 2030,2445 2075,2442 2120,2439 2165,2439 2209,2436 2254,2436 2299,2430 2344,2427 2388,2424 2433,2427 2478,2430 2523,2427"/>
                <TextEquiv>
                    <Unicode>dieser Orte doch immerhin zweifelhaft bleibt, ob eine Aufführung</Unicode>
                </TextEquiv>
            </TextLine>
            <TextLine id="tr_1_tl_16" custom="readingOrder {index:15;}">
                <Coords points="764,2597 2587,2552 2590,2469 766,2527"/>
                <Baseline points="776,2574 800,2574 845,2574 889,2574 934,2571 979,2568 1024,2565 1069,2565 1113,2565 1158,2562 1203,2559 1248,2556 1293,2556 1337,2559 1382,2556 1427,2553 1472,2553 1517,2550 1561,2550 1606,2547 1651,2547 1696,2544 1740,2541 1785,2541 1830,2538 1875,2535 1920,2538 1964,2535 2009,2532 2054,2532 2099,2529 2144,2529 2188,2526 2233,2523 2278,2520 2323,2520 2368,2520 2412,2517 2457,2514 2502,2514 2547,2511 2592,2508"/>
                <TextEquiv>
                    <Unicode>des „Einsamen Wer“ in Betracht kommen wird. Ich habe eine viel höher</Unicode>
                </TextEquiv>
            </TextLine>
            <TextLine id="tr_1_tl_17" custom="readingOrder {index:16;}">
                <Coords points="766,2692 2404,2648 2629,2606 2629,2559 769,2620"/>
                <Baseline points="779,2663 800,2660 845,2660 889,2657 934,2657 979,2654 1024,2651 1069,2651 1113,2648 1158,2651 1203,2648 1248,2648 1293,2645 1337,2645 1382,2645 1427,2642 1472,2642 1517,2642 1561,2636 1606,2636 1651,2636 1696,2633 1740,2630 1785,2630 1830,2627 1875,2624 1920,2621 1964,2621 2009,2618 2054,2618 2099,2618 2144,2615 2188,2612 2233,2609 2278,2609 2323,2606 2368,2606 2412,2604 2457,2604 2502,2601 2547,2598 2592,2598 2636,2595"/>
                <TextEquiv>
                    <Unicode>Garantiesumme verlangt, wir sind also zunächst zu einem Vertrag noch</Unicode>
                </TextEquiv>
            </TextLine>
            <TextLine id="tr_1_tl_18" custom="readingOrder {index:17;}">
                <Coords points="757,2778 2483,2731 2541,2713 2545,2615 759,2685"/>
                <Baseline points="770,2756 803,2753 848,2750 892,2750 937,2747 982,2744 1027,2741 1072,2741 1116,2741 1161,2741 1206,2738 1251,2738 1296,2735 1340,2735 1385,2732 1430,2732 1475,2729 1519,2726 1564,2726 1609,2723 1654,2723 1699,2723 1743,2720 1788,2720 1833,2717 1878,2714 1923,2714 1967,2711 2012,2711 2057,2708 2102,2705 2147,2702 2191,2702 2236,2699 2281,2696 2326,2696 2371,2693 2415,2693 2460,2690 2505,2687 2550,2684"/>
                <TextEquiv>
                    <Unicode>nicht gekommen. Ich würde Sie aber doch bitten, da mir die Sache</Unicode>
                </TextEquiv>
            </TextLine>
            <TextLine id="tr_1_tl_19" custom="readingOrder {index:18;}">
                <Coords points="757,2873 1040,2905 1438,2852 1584,2912 1851,2808 2545,2829 2550,2720 759,2780"/>
                <Baseline points="770,2845 806,2839 851,2836 895,2836 940,2836 985,2836 1030,2833 1075,2833 1119,2830 1164,2830 1209,2827 1254,2827 1299,2824 1343,2824 1388,2821 1433,2821 1478,2819 1522,2816 1567,2816 1612,2816 1657,2816 1702,2813 1746,2810 1791,2810 1836,2807 1881,2807 1926,2807 1970,2804 2015,2801 2060,2798 2105,2798 2150,2792 2194,2792 2239,2789 2284,2786 2329,2783 2374,2783 2418,2780 2463,2777 2508,2777 2553,2771"/>
                <TextEquiv>
                    <Unicode>was verantwortungsvoll scheint, mir zu sagen, wie Sie über dieses</Unicode>
                </TextEquiv>
            </TextLine>
        </TextRegion>
    </Page>
</PcGts>
