2183 3544
1166 272 1363 402 212
1012 373 1218 469 20k
1130 567 1289 671 200
546 639 1848 796 S. FISCHER, VERLAG, BERLIN W., BÜLowSTR. 90
1487 801 1821 947 1. Okt. 09
1130 869 1458 944 BERcelN W., DEN.
838 1075 1540 1229 Herrn Dr. Arthur Schnitzler
1517 1151 1798 1271 Wien XVIII
1391 1256 1764 1373 Spöttelgasse 7
778 1347 1276 1495 Lieber Herr Doktor,
825 1474 1892 1599 ich werde mich über Singer §. Co erkundigen
705 1595 1858 1712 und Ihnen auch das Exemplar der „Griechischen
720 1684 1459 1788 Tänzerin“ zu besorgen suchen.
819 1751 1059 1809 Mais elle est eu de ses rêveurs à moins de la
725 1759 1975 1886 Die Sache mit Amerika habe ich in Ihrem Sinn
715 1858 1967 1965 zu erledigen versucht. Ich habe aber den Brief für
713 1937 1915 2059 miss Dalberg zur Weiterexpedition an die Kaiser
720 2022 1968 2142 geschiokt, um nicht etwaige Weiterungen nach die-
717 2147 1923 2244 ser Richtung hin heraufzubeschwören. Es wäre ja
726 2207 1954 2341 möglich, dass Miss Kaiser inzwischen für Eitera-
730 2309 1858 2412 tur in Amerika anderweitige Verpflichtungen
728 2391 1968 2500 eingegangen ist und dass wir demnach Miss Dalberg
725 2495 1908 2600 eine Prolongation nicht zugestehen können. Ich
731 2570 1931 2719 glaube es ja nicht, aber es ist jedenfalls vor-
