2744 3399
1411 418 2347 620 BERLIN W, DEN 13. Februar 190
480 531 971 678 PHON: IAT VI, No. 1662.
1587 553 1731 660 TRASS
1354 545 1562 682 BUL̃W
838 725 1609 927 Herrn Dr. Arthur Schnitzler
1578 813 1925 960 Wien IX
1496 925 1885 1078 Frankgasse 1.
807 980 1180 1078 Lieber Herr!
1660 1058 2400 1207 erscheinen zu lassen, wäre
851 1062 1480 1213 Lieber Herr Doktor!
838 1153 2498 1318 Ich habe den „Reigen noch einmal gelesen, aber ich bin auch
1316 1176 1431 1265 Decr
827 1187 1027 1276 möglich
718 1153 816 1287 G.C.F.P.
936 1293 1371 1356 Auf welche
740 1258 2523 1411 jetzt zu der Ueberzeugung gekommen, dass an eine Veröffentlichung
736 1358 2425 1538 in Deutschland nicht zu denken ist. Ich glaube auch nicht, ob
738 1402 882 1456 P.F.P.
738 1447 2358 1585 dieses Werk unbeanstandet in Oesterreich erscheinen könnte.
733 1534 2216 1671 Aber das müssen ja die Wiener Verleger besser wissen.
765 1645 2425 1760 Diesen Reigen, der künstlerisch gewiss zu rechtfertigen ist,
1076 1651 1269 1720 G.C.H.F.P.
751 1720 2456 1851 sollten Sie nach meiner Meinung einem grösseren Publikum über-
751 1814 2538 1936 haupt nicht zugängig machen. Ich könnte mir vorstellen, dass die-
756 1905 2474 2022 ses Werk in einer sehr exquisiten und teuren Ausgabe für reife
969 1925 1116 1985 virente
758 1978 2471 2118 und verständnisvolle Leser sehr am Platze wäre. Bevor Sie aber
756 2087 2496 2205 dieses Buch der breiteren Oeffentlichkeit übergeben, wo es,
1016 2169 1645 2245 möglicherweise
767 2171 2445 2305 um als pornographische Litteratur empfunden
760 2256 2400 2414 den und beurteilt werden könnte, sollten Sie sich mit Ihren
1331 2374 1414 2414 bezt
765 2356 1549 2523 Freunden gründlich beraten.
898 2387 2503 2558 Von der Beatrice sind noch etwa 1000 Exemplare vorrätig.
769 2507 2414 2671 Ein Neudruck ist im Augenblick noch nicht notwendig, da vom
780 2587 2385 2787 Satz Platten angefertigt sind, kann im Bedarfefalle ein Neu
785 2727 1676 2836 sehr schnell hergestellt werden.
942 2811 1505 2936 Ich freue mich, Sie
