2728 3319
1859 458 2169 594 12. Oktober
403 597 2290 788 NaIioa nebuaw Jasalnstev gnudelsek Tezelb ni sjttrdo2 adafawbnagit auf
1562 660 1854 766 G.H.F.P.
821 695 1539 824 Herrn S. Fischer, Verlag
2068 718 2229 829 rlin...
660 771 1156 912 Hoveg###desdsoH
846 791 1627 960 Is mit sehr geehrter Herr!
612 899 2327 1086 Nachdem Sie mir mühlehr die gesammte Korrespondenz unterbreitet
511 1010 2433 1196 haben, bin ich nach eingehender Prüfung derselben zu folgendem Ergebnis
511 1151 766 1274 gelangt.
630 1171 2478 1322 Durch den Brief- und Depeschenwechsel war ein Vertrag rechtsgültig zu
519 1262 2506 1426 Stande gekommen, und es liegt kein Grund zu der Annahme vor, dass nach der
529 1337 2433 1516 Absicht der Parteien die Rechtsverbindlichkeit des Vertrages von dessen
1489 1431 2516 1574 gemacht werden sollte. Die Frage, wann
1005 1489 1496 1599 xyz xxx
1489 1519 1907 1589 G.C.F.P.S
514 1506 889 1615 schriftlichen
1285 1544 1423 1599 G.F.P.
529 1567 2483 1677 die Tantiemen-Garantie fällig sein sollte, ist in der mir unterbreiteten
1703 1609 1834 1662 G.C.F.P.
1010 1630 1315 1690 G.C.H.F.P.
836 1645 975 1700 G.C.F.P.
534 1642 2504 1773 Korrespondenz nicht erörtert. „Selbstverständlich" ist es nun keineswegs
1582 1710 1683 1763 G.C.F.P
1239 1718 1489 1776 erste xxx
534 1710 2463 1849 dass die „Garantie" im Voraus zu entrichten ist, denn aus meiner Praxis
1149 1798 1808 1859 er das Recht erzoeben. xxx
534 1778 2559 1944 sind mir zahlreiche Hülle bekannt, in denen eine Vorauszahlung der Garantie
1151 1892 1811 1957 vielhauses xxx xxx
544 1874 2506 2030 nicht nur nicht bedungen, sondern eine Verrechnung derselben ausdrücklich
1214 1987 1471 2048 Aufführen
549 1962 2519 2103 vereinbart ist. (Auch die Firma Felix Bloch Erben bestätigt mir auf Anfr###
547 2080 2451 2211 die Verschiedenartigkeit der Praxis.) Die Forderung der Vorauszahlung des
549 2166 2204 2287 garantie kann also nicht auf § 242 B.O.B. begründet werden,
547 2244 2103 2368 Schuldner verpflichtet ist, die Leistung so zu bewirken,
554 2335 2093 2481 Glauben mit Rücksicht auf die Verkehrssitte er erfordern.
544 2418 1791 2572 mir Ihr verlangen der sofortigen Zahlung der
554 2526 1985 2682 § 271 B.G.S. berechtigt, wonach der Gläubiger die Le
557 2604 1781 2750 kann, wenn eine Zeit für die Leistung weder xxx
1269 2700 1365 2801 ser
1045 2708 1159 2826 Bei
569 2713 939 2851 zu entnehmen:
