2634 3239
1106 186 1294 315 26a
659 261 2033 426 S. Fischer, Verlag, Berlin M., Bülowstrasse 9o
1713 416 2127 555 den 27/1. 1912
725 812 1473 960 Herrn Dr. Arthur Schnitzler
1440 906 1611 1054 Wien
567 1009 1134 1195 Lieber HerrsDekter,
703 1113 2376 1296 was von Lothar zu erwarten ist, liegt ja eigentlich in seinem
595 1204 2491 1383 Wesen beschlossen. Die effiziöse Versien lautet, dass er das Repertoir
600 1362 2465 1496 wie es unter Blumenthal in lessingthaater war und im Volkstheater in
602 1419 2437 1562 Wien mit Ausschluss der klassischen Stücke ist, pflegen will. Er pa-
605 1506 2343 1640 radiert mit dem Engagement von drei Schauspielern, die ich auch
605 1602 2451 1755 schen von anderer Seite nennen hörte: mit Hamme Fischer, Lere Busch
607 1720 2409 1837 und Tini Senders. Nun, für den "Medardus" scheint sein Personal in
598 1809 2409 1936 keinem Fall ausreichend, und das ist doch die Hauptsache. Wenn ich
614 1889 2343 2007 einen Rat geben darf, so wäre es der, dass Sie Lothar schreiben,
605 1967 2392 2089 der "Medardus" wäre se personenreich, dass Sie sein Personal - das
609 2068 2440 2190 er ja selber noch garnicht kennt,- erst kennen lernen müssten, wesu
609 2138 2218 2273 sich im Laufe der nächsten Saisen Gelegenheit bieten würde.
1701 2223 1929 2345 des Deux
950 2247 1586 2364 Mit herzlichen Grüssen
1607 2308 1736 2435 Ihr
1781 2388 1866 2522 P.
1633 2416 2068 2595 S. Fischer.
