2596 3415
418 282 2267 526 S. FISCHER,VERLAG, BERLIN, Herrn Dr. Arthur Schnitaler, Vien Blatt 2
648 585 2429 705 Wenn Sie auf dieser Grundlage, was ich hoffen will, uns Einsichtnahme in
538 712 2385 806 das Manuscript geben wollen, so wären wir Ihnen für recht baldige Zusendung
545 793 2451 897 sehr dankbar, denn wir müssen uns in allernächster Zeit über die Dispositionen
538 884 2481 1007 für das erste Quartal des neuen Jahrgangs schlüssig werden. Wir haben den neuem
545 980 2442 1091 Roman von Thomas Mann erworben und geraten wegen des Abdrucktermins in einige
545 1066 2518 1199 Schwierigkeit, wenn wir nicht sehr bald wissen, ob wir mit Ihrem Renau zu rechnen
550 1174 727 1321 haben.
788 1260 1253 1393 Mit besten Grüssen
1348 1294 1692 1466 Ihr ergebener
1565 1498 2007 1749 F.fischer
