2572 3608
1105 408 1236 572 à 315
523 500 2114 659 S'FISCHER/VERLAG/BERLIN'THEATTERABTEILUNG
1584 605 2114 713 W 57 BÜLÖWSTR.90
521 638 1129 723 AMT: LUTZÖW 1662 & 6162
1736 748 2177 880 den 8. März 18
504 1061 1307 1213 Herrn Dr. Arthur Schnitzler
1821 1131 2004 1234 Vien
648 1220 1375 1380 Sehr geehrter Herr Doktor!
629 1321 2285 1473 Natürlich haben wir bei den Zugeständnis des Tantienensatzes
542 1445 2363 1565 von 5 % für die Wohltätigkeistvorstellung mit der „Liebel ei“ darauf
542 1527 2344 1692 hingewiesen, dass dieser Tantiensnatz so niedrig xxxin Anbetracht
551 1633 1305 1741 des Zweckes gestellt wurde.
673 1661 2309 1832 Was die prinzipiellen Fragen anlangt, so gestatten wir uns,
643 1807 1361 1940 auf folgendes zu erwidern:
676 1905 2302 2022 Ueber die Erwerbung der „Liebelei" durch das Lessingtheater
542 1961 2335 2093 besitzen wir keinen Vertrag, da dieser Abschluss durch Sie selbst
551 2051 2360 2189 mit Herrn Direktor Brahm gemacht wurde. Vir bitten Sie, vielleicht
551 2147 2360 2276 in den Vertrag nachzusehen, ob etwas über die Kündigung vereinbart
570 2257 1525 2419 wurde und uns das dann mitsuteilen.
694 2309 2421 2457 Dat das Lessingtheater das alleinige Aufführungsrecht für Berlin
565 2431 2370 2553 besitzt, so konnten wir den Schillerthester seinerseit nur mit dem
565 2515 2449 2635 Einverständnis des lessingtheaters, auf Grundlage einer Aufführungs-
561 2597 2405 2729 rechtigung das Verk überlassen. Der Fertrag mit den Schillertheater
572 2684 2421 2825 besteht noch zu Recht, kann aber jederzeit gekündigt werden, vorauf
584 2790 2297 2945 er einen Monat nach Zustellung der Eündigung als aufgehoben unge¬
584 2900 748 3029 wird.
704 2907 2466 3074 In allgemeinen setzen wir bei Abschluss einesvertrages gleich ein
1506 3050 2419 3210 ih der 1. Oktober der Spielseit ist
786 3069 1387 3224 agstermin an, der gewöhnliche
