2610 3512
1171 615 1337 771 188
635 728 1933 864 S. FISCHER, VERLAG,’ BERLIN W., BÜLowSTR. 90
1022 839 1541 960 THEATERABTEILUNG
1215 980 1858 1130 BERene W., DEN. 25. Nov. 93
932 1255 1636 1378 Herrn Dr. Arthur Schnitzler
1615 1335 1894 1437 Wien XVIII
1696 1417 2060 1504 Spöttelgasse 7
793 1539 1293 1664 Lieber Herr Doktor,
904 1631 2046 1747 nach dem, was ich gehört habe, hat sich Bloch
735 1739 2044 1851 verpflichtet, ein Drittel der Provisionen von den in
738 1830 2005 1959 seinen Bühnenvertrieb übergegangenen Werken in den
738 1931 2010 2046 nächsten zehn Jahren zurückzuvergüten. Er hat sich
740 2037 1985 2143 ausserdem verpflichet, die Abrechnung des letzten
749 2124 1985 2219 Quartals, Juli-September, vollkommen zu ersetzen.
746 2194 2055 2307 Bloch hat diese Verpflichtung nur den Autoren gegen¬
743 2287 2006 2406 über übernommen, die in seinen Bühnenverlag einge-
751 2356 2057 2504 treten sind, er hat also juristisch keine Verpflich-
757 2459 2063 2596 tung Ihnen gegenüber. Herr Justizrat Jonas hat s. Zt.
749 2553 2019 2692 in meiner gegenwart Herrn Dr. Entsch (den Sohn von
757 2658 2016 2774 Entsch, der in den Verlag Blochs eingetreten ist).
753 2747 1970 2881 telephonisch angefragt, ob Ihr Conto in Ordnung
