2696 3512
1157 341 1325 472 276
687 430 2074 554 S. Fischer, Verlag, Berlin W., Bülowstrasse 9o
1152 571 1419 673 1/4. 1912
584 937 1340 1066 Herrn Dr. Arthur Schnitzler
1320 1043 1548 1125 Salzburg
1120 1063 1887 1189 Hotel Oesterreichischer Hof
443 1214 984 1350 Lieber Herr Doktor,
621 1402 2341 1486 vielen Dank für Ihre beiden Briefe. Soweit es sich um die chro-
2285 1481 2364 1538 DATES DES
443 1461 764 1568 nologische
762 1488 2374 1590 Anordnung der gesammelten Werke handelt, finde ich Ihre An-
457 1543 769 1607 l'année avec les mêmes sont aussi en
1160 1555 1409 1612 de la nouvelle ses avec les
448 1582 2319 1662 gaben nicht ganz konsequent. Sie sind doch damit einverstanden, dass
440 1679 2430 1775 wir beide Novellenbände grundsätzlich chronologisch ordnen. Daraus würde
452 1753 2418 1869 sich ergeben, dass nicht nur "Geronimo", sondern auch "Andreas Thameyers
445 1837 2364 1938 letzter Brief“ in den ersten Band übergeführt wird, während alle neuen
440 1936 2361 2052 Novellen in der von Ihnen angegebenen Reihenfolge sich dem Schluss des
445 2023 1103 2131 zweiten Bandes anreihen.
608 2109 2364 2193 Das neue Novellenbuch wollen wir also etwa 8-10 Tage vor der Ge-
885 2173 1219 2235 DATES DES ACTES
440 2201 2339 2299 samtausgabe erscheinen lassen. Das Buch wird in einer schönen grossen
443 2285 2297 2383 Unger Frakturschrift gedruckt werden (Schrift und Format wie Saltens
455 2369 2297 2465 "Schicksal der Agathe", im Inselverlag erschienen). Ich finde dieses
438 2472 2255 2566 lange, schmale Format, das ich Ihnen auch vorgeschlagen habe, sehr
445 2554 2346 2660 schön, und da wir eine grössere Schrift nehmen, so scheidet das kleine
430 2628 2262 2740 Format der "Dämmerseelen", das sich ohnehin nicht sehr bewährt hat,
443 2730 2275 2831 von selbst aus. Der Umschlag wird ohne figürliche Darstellung, eine
440 2821 2329 2932 geschmackvolle Schrift im Rahmen, von einem guten Künstler gezeichnet
443 2908 653 2989 werden.
561 2937 2359 3150 Für die gesammelten Werke werden wir Ihnen wegen der Einbände Vor-
