2616 3177
975 148 1127 284 270
552 225 1935 383 S. Fischer, Verlag, Berlin W., Bülowstrasse 90
1484 357 1895 453 den 27/2. 1912
683 686 1452 834 Herrn Dr. Arthur Schnitzler
1414 763 1616 883 Wien
538 883 634 994 G.H.F.P.
449 970 1015 1095 Lieber Herr Doktor.
481 1055 2306 1207 Barnowsky gibt mir eine Darstellung der Verhandlung mit Ihnen, als
411 1141 2295 1289 Grundlage für einen Vertrag. Ich bitte Sie, seinen Brief durchzusehen
416 1226 2281 1393 und mich wissen zu lassen, ob Sie einen Vertrag auf dieser Basis mit
418 1379 799 1484 Ihm wünschen.
528 1358 2318 1581 Salten schreibt für das Maiheft der Rundschau etwas über Sie. Ich
416 1480 2278 1663 habe angenommen, dass dieser Aufsatz Ihren gesammelten Werken voran-
432 1609 2161 1771 gestellt werden könnte; wir können ja abwarten, ob er sich dazu
437 1743 653 1867 eignet.
561 1762 2332 1902 Die Einleitung hätte ja nur den praktischen Zweck, dem Leser das
444 1865 2330 2003 Charakteristische über Ihr Werk zu sagen. Derartige Einleitungen sind
446 1957 2325 2107 üblich, sie sind aber nicht unbedingt notwendig und können auch fort-
444 2097 693 2191 bleiben.
554 2130 2323 2267 Auf Ihre neue Hovelle freue ich mich sehr. Wir werden uns zu die-
458 2229 2337 2389 ser Frage äussern, sobald wir die Hovelle gelesen haben. Uns würde es
470 2311 2349 2459 viel besser passen, die Hovelle in zwei Heften zu bringen, vielleicht
460 2398 2267 2525 würde es sich arrangieren lassen, das hängt ja ganz vom Umfang ab.
554 2497 2248 2631 Haben Sie die Güte, mir den Brief von Barnowsky und den Brief
477 2579 2302 2722 von Putlitz, den ich Ihnen neulich geschickt habe, sogleich zurück-
481 2708 747 2830 zusenden.
580 2760 2245 2929 Aus Schweden kommt die Anfrage, ob Sie für 50 Mark die Autori-
