2823 3320
655 639 2037 818 bestehen zu süssen geglaubt, konnte es aber bei Linde-
669 748 2033 891 mann nur in der Form erreichen, dass ihn für die drit-
676 856 2045 974 te Rate von 1000 Mark, die an 1. November 1906 zahlbar
679 953 2045 1079 Ist, Ihr neues, in Entstehen begriffenes Verk zu den
688 1040 2026 1151 gleichen Tautienen-Bedingungen angesichert wurde. Es
697 1119 2010 1235 stellt sich demnach diese dritte Rate von 1000 Mark
685 1191 1937 1343 als eine Mindestgarantie für Ihr neues Werk dar.
830 1305 2002 1429 Ich hoffe, dass Sie mit diesem Vergleich, der
681 1399 2089 1550 nach Lage der Sache als günstig bezeichnet werden darf
716 1508 1226 1630 einverstanden sind.
1012 1578 1515 1702 Mit besten Grüssen
1413 1658 1785 1800 Ihr ergebener
1403 1753 1993 1958 fischl
