2921 3432
676 1066 2803 1236 Berliner Première größere Wellen gisst
489 1168 2718 1454 Wann ist denn die Erstaufführung in
557 1324 1785 1553 Berlin in Aussicht
727 1429 2752 1666 Bezügl. Ihrer Betheiligung an „März
537 1536 2803 1802 will ich Ihren Vorschlag also annehmen
668 1675 2823 1887 Sie zahlen also 20 Mrk. zum Kaufgeld
515 1796 2795 2037 zu (ich belaste Hr Conto mit dissem Betrau)
546 1924 2758 2133 und nach Abzug aller Kosten theils
537 2042 1873 2294 wir den Gewinn
1488 2105 2817 2317 Mit besten Grüßen
2201 2209 2823 2379 Ihr ergebene
2305 2317 2826 2489 Sfischerl
