3265 3656
1615 813 1770 910 320
1057 894 2128 994 S'FISCHER/VE.RLAG/BERLIN'THEATERABTE.
2174 903 2285 985 UNG.
1871 975 2291 1057 W57-BÜLOWSTR.90
1034 983 1524 1066 AMT: LUTZÖW 1662 & 6162
1841 1104 2176 1237 den 14/4.13
1216 1124 1329 1220 T/P
1205 1363 1988 1502 Herrn Dr. Arthur Schnitzler
2040 1478 2202 1579 Wien
1216 1566 1958 1652 Sehr geehrter Herr Doktor!
1346 1718 2357 1841 Wir machten heute die Direktion des
1217 1825 2344 1913 Kleinen Theaters darauf aufmerksam, dass
1230 1913 2412 2021 sie das Recht der Aufführung von Professor
1227 1989 2422 2095 Bernhardi" für Budapest und Pressburg nicht
1227 2076 2416 2185 erworben hat. Uns wurde darauf geantwortet,
1230 2168 2406 2292 dass ihr dieses Recht direkt von Ihnen er-
1230 2271 2418 2383 teilt wurde. Wir sind in diesem Fall natür-
1223 2357 2373 2438 lich auch hiemit einverstanden, haben nur
1223 2459 2406 2551 die Direktion darauf hingewiesen, dass die
1220 2542 2372 2632 Abrechnung über die Aufführungen in Buda-
1214 2632 2445 2732 pest und Pressburg mit uns zu geschehen hat.
1223 2720 2401 2808 Wir hoffen, dass Sie dagegen nichts einzu-
1227 2808 2401 2919 wenden haben werden und bitten Sie nur der
1236 2873 2441 3009 Ordnung halber um Bestätigung dieser Mittei¬
