2604 3592
1174 585 1351 693 304
666 646 1965 779 S. FISCHER,VERLAG, BERLIN W., BÜLowSTR. 90
1050 773 1555 873 THEATERABTEILUNG
1230 943 1887 1063 BERene W., DEN 5/12.12
795 1119 1563 1296 Herrn Dr. Arthur Schnitzler
1591 1252 1743 1361 Wien
805 1312 1341 1474 Sehr geehrter Herr!
870 1471 1997 1609 Da eine Zurückziehung des Zensurverbotes
763 1607 2019 1717 gegen „Professor Bernhardi" wohl auf dem amt-
760 1714 2023 1826 lich üblichen Wege nicht vor Ablauf der näch-
766 1792 1976 1899 sten 4 - 5 Jahre zu erwarten ist, gestatten
773 1884 1962 2001 wir uns, Ihnen heute einen Vorschlag zu ma-
766 1973 1972 2072 ohen, der eventuell geeignet wäre, eine ra-
770 2072 2040 2153 sehere Zurückziehung des Verbotes zu erwirken.
855 2148 1947 2232 Vielleicht wäre es möglich in Wien eine
1677 2218 1759 2265 8.
781 2223 1978 2336 Vorstellung vor geladenem Publikum oder vor
773 2330 2038 2422 einem Arbeiterverein zu veranstalten, für wel-
774 2409 1920 2529 che die Entscheidung der Zensur natürlich
770 2485 1938 2621 keine Bedeutung hat. Durch die Berichte in
770 2582 1913 2714 der Presse über diese Vorstellung und die
774 2686 2001 2809 dadurch hervorgerufene lokale Stimmung würde
