2908 3688
2271 135 2373 275 4
1377 229 1538 391 35A
880 376 2267 584 S. Fischer, Verlag, Berlin W., Bülowstrasse 90
1374 494 1676 593 25/5. 1915
911 897 1673 1039 Herrn Dr. Arthur Schnitzler
1712 989 1893 1126 Wien
740 1128 1150 1235 Lieber Freund,
890 1230 2580 1362 die Numerierung der Vorzugsexemplare ist notwendig, damit die
762 1341 2474 1447 öffentliche Kontrolle über das verlegerische Versprechen, dass
762 1440 2628 1536 nur 200 signierte Exemplare in den Handel gebracht werden, sicherge-
762 1529 2587 1640 stellt ist. Das ist auch der Grund, weshalb mehr als 200 signierte
762 1637 2539 1726 Exemplare nicht in Verkehr kommen dürfen. Ziehen Sie vor, Heller
767 1700 2623 1813 eine geringere Anzahl von Exemplaren zuzuweisen und die Numerierung
767 1799 2561 1912 von 1 bis 100 sich selbst vorzubehalten, so bitte ich darüber mit
424 1816 514 1893 Le
772 1861 2708 2018 Heller direkt zu verhandeln, er wird sich wohl in Anbetracht des guten
393 1987 514 2088 tot
774 1977 2498 2088 Zweckes Ihren wünschen fügen müssen. Wir haben nicht die Macht,
772 2074 2652 2177 irgend einen Buchhändler daran zu hindern, mit signierten Exemplaren
772 2170 2568 2267 Spekulation zu treiben, und wir haben auch nicht angenommen, dass
767 2259 2676 2382 Heller solche Absichten hat, da es mir schien, als ob Gelegenheit und
767 2337 1806 2443 Zweck jede Nebenabsicht ausschliesst.
883 2431 2710 2539 Von Ihren Dispositionen wegen der Verteilung der Erträgnisse haben
774 2525 2628 2619 wir Kenntnis genommen. Bitte lassen Sie uns die Rechnung Schmutzers
767 2590 2696 2742 über die gelieferten Radierungen zugehen, damit die Gesamtkosten fest-
767 2717 1254 2804 gestellt werden.
883 2742 2708 2930 Wir haben Ihnen im ganzen 25 Freiexemplare geschickt, die Sie wohl
776 2879 1500 3002 inzwischen erhalten haben.
1092 2951 1734 3101 Mit herzlichen Grüssen
1943 3004 2592 3224 Hffischer
494 3118 596 3260 F. d 21
