2725 3336
1133 310 1257 412 155
1320 329 1702 552 VERLAG
777 390 1295 535 S. FISCHER
1787 596 2070 760 18. Okt. 67
1295 639 1741 746 BERLIN W., DEN
269 685 513 765 TELEPHON:
1293 724 1707 845 BÜLowSTRASSE 90.
264 753 511 845 AMT VI, 1662
903 845 1024 966 H.F.P.
709 1005 1407 1140 Herrn Dr. Arthur Schnitzler
1429 1097 1726 1206 Vies XVIII
1351 1186 1714 1298 Spöttelgasse 7
542 1281 1036 1436 Lieber Herr Doktor,
850 1361 2271 1523 die „Neue Rundschau“ wäre leider nicht in der Lage, Ihnen
487 1494 2278 1591 ein Honorar von 15,000 Mark anzubieten. Wir würden uns aber vielleicht zu
494 1574 2310 1700 einer Erhöhung des Honorars auf 12,000 Mark verstehen können, wenn wir aus
492 1663 2315 1772 dem Roman den Hindruck gewinnen, xxx er in seiner Wirkung stark genug ist,
496 1772 2322 1898 um uns durch Zuführung neuer Leser ein genisses Aequivalent zu bieten. Denn
479 1850 2310 1981 das ist ja, abgesehen von der künstlerischen Qualität, an der wir nicht zu
484 1939 2312 2048 zweifeln brauchen, die Hauptfrage, die sich an den Erwerb eines Romans für
496 2039 1046 2184 den Vorabdruck knüpft.
857 2102 2353 2230 Die Frage der garantierten Auflagen hat ja in Grunde genossen
494 2232 2291 2337 mit dem Verabdruck nichts zu tun. Da Sie aber diese beiden Dinge zusammen
504 2283 2361 2407 behandelt wissen wollen, so würde ich vorschlagen, falle das Honorar auf Nk.
496 2399 2351 2504 12,000 erhöht wird, eine Garantie nur für acht: Auflagen zu leisten. Es ist
496 2472 2445 2583 nur eine Frage des Risikos, in Effekt wird dadurch für Sie an den Messrer nichts
504 2550 2312 2675 verändert, dann wenn das Buch sehr als acht Auflagen hat, so geht Ihnen am
504 2663 2339 2794 Nenorar nichts verloren. Indessen würde ich auch hierüber, wenn Sie Gericht
494 2770 2416 2891 darauf legen, dass zehn Auflagen garantiert werden, erst nach der Lektüre eine
487 2857 1303 3017 endgiltige Entscheidung treffen.
