2854 3431
1609 538 1902 697 Namen
509 621 2428 751 schon auf der Scepe befindlichen Personen gestrichen, da für die Lek-
540 699 2423 841 türe diese Bemerkungen störend sind und das Bild des Dialogs im Satz
528 802 2494 949 zerhacken. Vielleicht sehen Sie sich daraufhin die Dramen von Hauptmann
528 892 2345 1054 an. Sollten Sie damit nicht einverstanden sein, so bitte ich, mit
535 998 1978 1152 einer Postkarte die Druckerei davon zu verständigen.
1966 2738 2171 2900 sion
1496 3071 1765 3188 ann
1320 3083 1406 3223 at
