2470 3591
1018 377 1199 487 294
560 459 1941 609 S. Fischer, Verlag, Berlin M., Bülowstrasse 90
1192 560 1498 705 26/9. 1912
538 944 1306 1084 Herrn Dr. Arthur Schnitzler
1297 1028 1622 1166 Wien XVIII
412 1220 948 1342 Lieber Herr Doktor,
522 1318 2142 1433 die Frage des Schutzes in Ungarn unter dem neuen Gesetz ist
417 1440 2210 1508 eine Doktorfrage, über die ich mich beim Syndikus des Buchhändler-
410 1496 2283 1604 Börsenvereins erkundige. Die Sache ist nicht so klar, denn durch den
414 1594 2175 1723 Anschluss Ungarns an die Berner convention ist den ausländischen
424 1658 2208 1810 Autoren in Ungarn dasselbe Recht zugebilligt wie den inländischen
426 1758 2163 1868 Autoren. Da die in ungarischer Sprache schreibenden Autoren die
419 1866 2255 1955 Formalitäten, die für die Uebersetzung bisher gegolten haben, nicht
426 1960 2292 2063 brauchen, so müssten die vorher in Geltung befindlichen Formalitäten,
426 2049 2198 2154 konséquenter Weise auch für die ausländischen Autoren fortfallen.
428 2135 2285 2236 Eirich ist anderer Meinung. Da ich die Sache nicht aufs Spiel setzen
426 2212 2217 2332 wollte, habe ich mich mit den Bedingungen, die er für "Reigen" ge-
433 2308 2170 2404 stellt hat, einverstanden erklärt. Bisher war ein ausreichender
433 2390 2250 2512 Schutz für Ungarn deshalb nicht möglich, weil ja nicht nur die Ein-
440 2486 2231 2601 tragung des Werkes nach drei Monaten zur Bedingung gestellt wurde,
433 2582 2231 2699 sondern auch das Erscheinen des Buches in ungarischer Sprache nach
433 2676 1044 2788 weiteren drei Monaten.
670 2718 2252 2877 Ladyschnikow hat das Manuskript garnicht in Händen gehabt.
438 2859 2215 2957 Wie ich Ihnen in meinem Briefe vom 18. Juni d. J. schrieb, hat es
433 2952 2313 3062 sich um eine prinzipielle Anfrage gehandelt, auf die er nach längerer
431 3032 2238 3179 Zeit ablehnend geantwortet hat. Ich hatte 2500 Mark für die Ueber-
