2572 3608
2034 304 2358 517 81513
1882 620 1991 765 11
712 649 1450 832 Herrn Dr. Arthur Schnitzler
465 797 2224 1016 welcher der Saison folgt, in der die Promiere des Verkes stattge-
463 960 2253 1110 funden hat. Von diesen Kündigungstermin an kann die Aufhebung des
459 1045 1658 1228 Vertrages auf die vorgenannte Art erfolgen.
544 1110 2291 1284 Wir arbeiten augenblicklich an einen Aufführungsvertrag, in dem
486 1213 2287 1376 unter andern Dingen auch die Kündigungsfrage noch genauer geordnet
486 1302 2260 1479 wird und in den x.B. der Vertrag mit sofortiger Wirkung gekündigt
486 1389 2287 1564 werden kann, wenn sechs Monate nach vorvorletzten Aufführung des
492 1506 1868 1649 Verkes eine Wiederholung nicht stattgefunden hat“.
580 1553 2224 1730 Ueber die Angelegenheit „Anatol" im Deutschen Schauspielhaus
492 1658 2018 1826 können wir Ihnen augenblicklich nichts Neues berichten.
584 1750 1577 1962 In vollkommener Schachtung sind wir
1730 1808 2029 1940 ergebenst
1636 1900 2146 2000 S. FISCHER, VERLAG,
1660 1980 2126 2112 FHEATERABTEILUNG
2097 1987 2202 2148 Mal
