2891 3671
1418 121 1522 223 l.
2037 121 2277 250 A
1257 295 1388 408 & C.
750 349 2136 522 S. Fischer, Verlag, Berlin M., Bülowstrasse 90
1388 505 1703 634 16/3. 1915
2188 549 2537 673 Unterlle (sigel-
2203 636 2557 733 Aus der Kreis¬
2242 715 2393 807 2 R.
2235 772 2564 879 Compte-bas.
2262 859 2487 965 läßiges
2270 938 2512 1057 Ticulblou
792 953 1572 1101 Herrn Dr. Arthur Schnitzler
2255 1022 2515 1146 schaft. -
1552 1040 1713 1181 Wien
2284 1134 2460 1230 Carlin.
631 1252 1042 1376 Lieber Freund,
775 1391 2599 1492 ich habe Ihnen depeschiert, dass ich herzlich gern beim "Gercnimo"
644 1480 2480 1619 dabei bin. Freilich weiss ich nicht, ob sich die Sache so rentabel
634 1569 2529 1695 realisieren wird, wie Sie es sich vorstellen. Eine kleine veröffent-
646 1636 2505 1770 lichte Novelle als Buch für 2 Mark hat heute nicht so viel Chancen,
644 1742 2477 1866 wie in normalen Zeiten, für diesen Preis kann das Publikum ein um-
658 1829 2505 1958 fangreicheres Novellenbuch von Ihnen erwerben, und so schön die Ra-
658 1945 2438 2039 dierung von Schmutzer ist, so ist die Kauflust der Bücherfreunde
651 2010 2460 2141 einerseits sehr gesunken, während andererseits der Name Schmutzer
661 2111 2487 2230 bei uns nicht bekannt genug ist, um dem Käufer ein Aequivalent für
663 2215 2534 2304 den unter den jetzigen Verhältnissen nicht billigen Preis zu bieten.
661 2302 2460 2398 Aber das sind Einwände, die ich aus meiner Erfahrung machen muss,
668 2349 2552 2500 und die, wie ich hoffe, sich nicht bestätigen. Ich kann übrigens mit
661 2470 2430 2591 Sicherheit noch nicht feststellen, ob Ihre Kalkulation zutrifft.
666 2562 2653 2678 Das Buch soll jedenfalls sobald wie möglich angezeigt und fertiggestellt
671 2643 2547 2779 werden. Nur weiss ich nicht, ob es gehen wird, dass wir das Buch nur
671 2747 2492 2866 bar und nicht auch in Kommission liefern, wir werden uns hier den
676 2834 2507 2955 Erfahrungen aus der Praxis anpassen müssen, und ich habe doch wohl
676 2918 2515 3069 die Vollmacht, den Vertrieb so zu gestalten, wie er sich praktisch
386 3079 478 3203 F. 121
