2766 3399
1556 184 1851 324 JERLAC
1972 450 2094 522 181
2190 414 2514 605 lept. 1801
1462 439 2026 569 BERLIN W., DEN
385 510 994 634 TELEPHON: AAT VI, No. 1662.
1396 546 1857 684 BÜLÖWSTRASSE 91.
1154 864 1898 983 Herrn Dr. Arthur Schnitzler
1936 947 2276 1102 Wien IX.
855 1091 1417 1196 Lieber Herr Doktor!
875 1201 2586 1349 Ich habe zu der neuen Auflage von „Die Frau des Weisen“ bei dem
774 1282 2555 1432 bekannten Maler Münzer in Paris den Entwurf zu einem Umschlagbilde
774 1360 2564 1495 bestellt. Heute schickt mir Münzer eine sehr feine, stimmungsvolle
780 1464 2550 1603 Skizze. Das Motiv ist der ersten Novelle entnommen, es stellt die
783 1558 2588 1700 Bootfahrt des Liebespaares dar. Wünschen Sie die Skizze zur Ansicht
783 1621 2555 1786 zugesandt oder kann ich, um keine Zeit zu verlieren, den Künstler
783 1720 2568 1873 mit der Ausführung nach der ausserordentlich gelungenen Skizze be¬
783 1862 1088 1992 auftragen?
1102 1927 1621 2055 Mit besten Grüssen
1666 1986 2058 2116 Ihr ergebener
722 2042 1021 2154 die Hälfte
825 2123 1048 2240 en glaies
1646 2080 2100 2298 ffice.
731 2224 1048 2300 in gleicher
729 2307 1127 2429 Auszahlung des
1923 2800 2348 3000 Md lebens
