2744 3480
1612 203 1999 361 ERLAG in
1127 222 1223 382 F
1371 184 1505 368 HER
2030 375 2334 537 17/9. 1901
1488 454 2078 612 BERLIN W., DEN
411 523 1020 609 TELEPHON: AMT VI, No. 1662.
1428 554 1894 686 BÜLÖWSTRASSE 91.
929 602 1022 702 1862.
1096 748 1878 956 Herrn Dr. Arthur Schnitzler
1830 877 2150 1006 WienIX
1808 982 2183 1084 Frankgasse 1.
805 1065 1519 1218 Sehr geehrter Herr Doktor!
977 1180 1276 1264 Cllastriacke
827 1209 2511 1350 Bei der diesjährigen Abrechnung haben wir Ihnen contraktgemäss
729 1283 2594 1428 die Honorare so zu verrechnen, dass von jedem Werk nur eine halbe Auf-
731 1369 2611 1522 lage (so weit sie noch unverkauft) unverrechnet bleibt. Vom illustrir-
733 1462 2611 1598 ten „Anatol“ wurden 3 Auflagen gedruckt, 1 ½ Auflage im vorigen Jahre
741 1543 2637 1715 honorirt, so dass also für dieses Jahr eine Auflage zu honorieren ist,
743 1641 2652 1780 was in der anliegenden Abrechnung geschehen ist. Das bezügliche Honorar
1142 1744 1259 1789 .V.
743 1710 2647 1863 von 500 Mark senden wir heute für Ihre Rechnung an die Allgem. Oesterr.
741 1858 1548 1987 Boden-Credit-Anstalt in Wien.
913 1894 2685 2054 Unsere Honorar-Vereinbarung für dieses Werk lautet: 25 % Tantième,
745 2004 2668 2138 die Häifte für Sie, die Hälfte für Coschall, wobei wir aber der Ordnung
755 2078 2635 2229 wegen gleich bemerken, dass zur Vorauszahlung des Honorars an Coschelle
760 2183 2647 2327 in gleicher Weise keine Veranlassung ist, sondern dass an Coschall die
760 2267 2618 2425 Auszahlung des weiteren Tantièmen-Anteils nach Maassgabe des Absatzes
762 2410 991 2525 erfolgt.
948 2429 2680 2575 Die neuen Auflagen von „Frau des Weisen“ und „Märchen“ sind noch
1596 2520 2580 2675 beide Werke bis Mitte Oktober heraus¬
760 2573 1562 2699 nicht fertig, wir hoffen aber
1696 2632 2217 2769 Hochachtungsvoll
764 2673 1261 2797 bringen zu können.
1782 2740 2085 2855 ergebenst
1698 2828 2195 2943 8. FISCHER,VERLAG
1722 2881 2413 3053 v. Carl Schun
