2507 3448
1219 237 1324 323 21
759 617 1889 764 was ich an dieser Stelle noch eismal wieder-
806 730 1825 847 ###, xxx mit Rücksicht auf die Rausfrage
679 798 1871 921 auf die Wirkung der fortsatzungeweisen Veröf-
518 906 1582 1022 teH Efestlichung gescheben. xxx sxxnd al
793 999 1895 1143 ### die Anzeige betrifft, so war bei ihrer Ab¬
638 1094 1920 1215 fassung nicht voraussuschen, wohin die Entwickelung
645 1164 1935 1309 der Dinge in Ihres Roman weiterführt, und selbst Ihr
642 1260 1895 1394 Entzurf hat dafür gar keinen Anhalt gegeben. Wenn
738 1340 1892 1504 unter diesen Gesichtspunkt die Anzeige lesen,
660 1473 1943 1595 zu werden. Sie ansohmer erkennen, dass sie aus einer
663 1557 1606 1655 gewissen Verlegenheit entstanden ist.
790 1623 1931 1740 Ich glaube, es wird möglich sein, die einzel-
645 1714 1910 1864 nen Fortsetzungen des Romans in dem von Ihnen vor-
640 1799 1941 1941 geschlagenen Unfang zu veröffentlichen. Den letzten
656 1925 1812 2028 teil des Manuscripts habe ich soeben bekommen,
800 2000 1935 2132 Mit Fräulein Vengerow habe ich vor kurzen in
653 2080 1964 2194 Interesse Ihres Romans gesprochen. Ich habe der Dame
673 2176 1956 2330 ausdrücklich gesagt, dass die Kapitel des Rosans in
661 2266 1923 2398 russischer Sprache nicht früher erscheinen dürfen
668 2349 1907 2481 als in der deutschen Ausgabe, Nach seiner Auffasser
686 2459 1863 2576 wäre das auch garnicht notwendig, denn wenn die
1629 2558 1868 2645 Gebersetz
901 2535 1495 2672 nagweise Veröffentlichungen
