2730 3272
1532 166 1751 327 ERLAO
1414 380 2075 549 BERLIN W, DEN 15/12.
1417 537 1895 656 BÜLOWSTRASSE 90/91.
293 498 646 629 TELEPHON:
290 588 546 695 AMT VI, 1662
697 693 1802 915 Herrn Dr, Arthur Schnitzler.
1502 839 1819 941 Wien XVIII
1517 915 1941 1068 Spöttelgasse 7
563 1012 1095 1168 Lieber Herr Doktor!
639 1115 2488 1290 Wenn Sie meinen, dass 200 Bühnenexemplare nicht reichen, so habe ich
1097 1110 1188 1210 G.F.P
568 1229 2483 1378 natürlich garnichts dagegen, dass 300 gedruckt werden; ich habe es dem-
1329 1351 1527 1453 G.H.F.P.
573 1346 1271 1466 entsprechend angeordnet.
697 1327 2497 1536 Die Bemerkung, dass die Druckkosten hei gleichzeitiger Herstellung
578 1485 2461 1639 der beiden Ausgaben sich verringern, ist ohne Einfluss für die Berech-
576 1578 2495 1714 nung zu Ihren Lasten für die Bühnenexemplare. Ich habe davon Vermerk ge
576 1671 2414 1822 nommen, dass die Buchausgabe erst gelegentlich der Erstaufführung in
580 1753 2451 1885 Berlin in der letzten Fassung herzustellen ist. Meine Anfrage geschah
595 1839 2480 1997 lediglich für den Fall, dass auch die Buchausgabe inzwischen druckreif
595 1944 2507 2088 geworden wäre. Sie sind doch der Meinung, dass wir die Böhnen-Exemplare
597 2019 2480 2158 an die wichtigen Bühnen gleich nach Fertigstellung versenden und nicht
600 2129 2063 2261 erst die Erstaüfführung im Deutschen Theater abwarten?
2097 2127 2249 2227 den „
754 2212 2475 2324 Ich habe jetzt auch „Bertha Garlan“ in Druck gegeben. Der Druck
607 2290 2505 2434 wird nach dem stehenden Satz vorgenommen; wann Sie aber etwaige Fehler
600 2383 2563 2556 gefunden haben oder Aenderungen wünschen, so liesse sich das noch machen.
749 2483 1619 2661 Mitsherzlichen Grüssen
1658 2497 2007 2685 Ihr ergebene
412 2590 988 2741 2 Womit prs. veattrift 16
371 2690 949 2812 Miss fell for & went in Frank etc.
1749 2651 1846 2790 He
376 2773 849 2912 Bösen gehabt. Um
429 2885 671 3019 Milch N.
