3186 3672
1462 234 1612 346 22c
1492 332 1605 437 332.
907 368 2310 584 S. Fischer Verlag, Berlin W., Bülowstrasse, 90
1639 502 1921 632 6/2. 1914
955 894 1724 1062 Herrn Dr. Arthur Schnitzler
1746 998 1899 1100 Wien
910 1251 1321 1369 Lieber Freund,
1003 1271 2653 1485 wir sind seit etwa 14 Tagen wieder hier, St. Moritz hat uns
903 1498 1212 1583 gut getan.
2453 1485 2542 1562 r d:
2449 1542 2544 1596 G.C.H.
1737 1478 2392 1651 nhardi" für Amerika nur
1075 1558 1614 1676 Wir haben "Professor
910 1589 2722 1751 deutsche Sprache vergeben, das vollzieht sich in denselben Formen
916 1653 2715 1839 und unter denselben Bedingungen wie für jedes Theater in Deutsch-
925 1758 2678 1928 land. Für die englische Sprache ist "Bernhardi" in Amerika noch
932 1842 2760 2028 nicht vergeben. Mit Biedermann werden wir verhandeln und natürlich
939 1933 2703 2133 nur dann Vertrag schliessen, wenn wir ausreichende Garantien be-
1135 2112 2733 2301 Ihre Novellen bringe ich natürlich sehr gern in der Roman-
946 2115 1337 2233 kommen können.
955 2221 2688 2383 bibliothek, sie könnten im Sommer herauskommen. Vielleicht las-
957 2296 2788 2474 sen Sie mir die Novellen zugehen, damit wir mit dem Satz beginnen.
962 2397 2647 2572 Hoffentlich werden die Novellen den Raum eines Bandes füllen.
1135 2456 2683 2665 Wir überweisen Ihrem Conto bei der Allg. Oesterr. Boden-
966 2578 2660 2763 Kreditanstalt in Wien gleichzeitig das Honorar für drei neue
978 2656 2692 2824 Auflagen von "Leutnant Gustl" (16.-18. Auflage) mit Mk. 750.-
1412 2785 2053 2931 Mit herzlichen Grüssen
2099 2863 2231 2999 Ihr
2271 2854 2781 3076 Etische
