2610 3512
1121 261 1239 374 181
710 351 1651 502 S. FISCHER, VERLAG
1244 610 2002 725 BERene W., DEN 6. Okt. 08
188 672 434 738 TELEPHON:
1249 705 1678 818 BÜLowSTRASSE 90
196 725 444 830 AMT VI, 1662
517 803 913 923 had Haekaa ausb.
677 981 1372 1106 Herrn Dr. Arthur Schnitzler
1420 1049 1698 1187 Wien XVIII
439 1227 923 1365 Lieber Herr Doktor.
519 1347 2253 1455 die Haftbarkeit von Bloch ist so zu verstehen, dass er für das letzte
1131 1425 1287 1473 A
374 1432 2275 1533 Quartal, Juli-Oktober, die Auszahlung der Tantiemen bis zur Höhe von 43,000
374 1523 2301 1623 Mark garantiert hat. Diese Garantie erstreckt sich aber, wie mir gestern noch
379 1591 2293 1724 Herr Jonas sagte, in erster Linie auf die Autoren, die im seinen Verlag über-
384 1693 2343 1824 gegangen sind. Entsch ist fallit, von ihm ist nichts zu bekommen, und obgleich
376 1771 2265 1902 mir versichert wurde, dass Sie nichts zu fordern haben, so ist ein Nachweis
389 1864 2363 1992 darüber, da Entsch keine Bücher geführt hat, nicht festzustellen. Am 1. Septem-
391 1959 2341 2087 ber hat Bloch ein Zirkular an die Bühnen verschickt, dass die weiteren Abrech-
386 2050 2386 2180 nungen mit ihm zu geschehen haben. Was seit 1. September etwa bei Bloch eingeht.
391 2132 2338 2275 bekommen Sie natürlich voll ausbezahlt. Was bisher noch nicht eingegangen ist,
399 2230 2353 2388 wird durch meinen Verlag urgiert werden. Ich habe die Verträge, die Entsch mit
399 2313 2278 2451 den Bühnen gemacht hat, bis heute noch nicht bekommen können, ich habe mich
399 2408 2328 2556 daher einstweilen darauf beschränken müssen, ein allgemeines Zirkular an alle
406 2514 2311 2639 Bühnen zu verschicken. Sobald ich die Verträge, die mir Bloch noch für diese
396 2607 2311 2750 Woche versprochen hat, bekomme, geht noch ein besonderer Brief bezüglich der
391 2709 2338 2842 Verrechnung an die betreffenden Bühnen. Wir werden dann auch feststellen kön-
406 2797 2371 2923 nen, was etwa in Juli und August an Entsch bezahlt wurde. Bloch hat alle Hände
401 2878 2421 3026 voll zu tun, um überhaupt die Verträge zu finden, da bei Entsch eine unglaubliche
