2730 3399
1177 376 1291 480 130
681 451 1972 633 S. FISCHER,VERLAG, BERLIN W., BÜLowSTR. 91
1235 636 2009 785 BERene W., DEN 20. Okt. 1905
1062 930 1762 1102 Herrn Dr. Arthur Schnitsler
1759 978 1977 1097 men
1134 1161 1635 1290 Lieber Herr Doktor!
988 1279 2109 1401 Es ist doch recht schade, dass was.Zrischen¬
850 1367 2123 1524 spiel“ noch nicht erscheinen kann, das Interesse
858 1491 2042 1585 und die Nachfrage ist ziemlich rege. Ich glaube
866 1553 2091 1699 nicht, ob Russland soviel einbringen wird, um den
869 1632 2112 1773 Schaden, der durch die verspätete Buchausgabe ent¬
872 1725 2078 1860 steht, wieder auszugleichen. Ich sehe aber darin
875 1821 2082 1958 nicht nur einen materiellen Schaden. Es wäre gut
877 1905 2135 2058 gewesen, das Interesse für das Werk durch das Buch
883 2008 2104 2173 nachzuhalten, xxx vielleicht auch nicht ohne Ein-
882 2119 2051 2262 fluss auf die deutschen Bühnen geblieben wäre.
885 2188 2170 2352 Ueberlegen Sie, bitte, ob es nicht ratsam sein wird.
882 2286 2176 2419 die Ruabevegute tänigstens zu Tage der Berlinerität
900 2379 2160 2509 Aufführung herauszubringen. Wann soll die Berliner
