<?xml version="1.0" encoding="UTF-8" standalone="yes"?>
<PcGts xmlns="http://schema.primaresearch.org/PAGE/gts/pagecontent/2013-07-15" xmlns:xsi="http://www.w3.org/2001/XMLSchema-instance" xsi:schemaLocation="http://schema.primaresearch.org/PAGE/gts/pagecontent/2013-07-15 http://schema.primaresearch.org/PAGE/gts/pagecontent/2013-07-15/pagecontent.xsd">
    <Metadata>
        <Creator>prov=READ-COOP:name=TrHtr:version=2.1.0:model_id=51170:date=26_07_2023_22:34</Creator>
        <Created>2023-05-02T08:11:04.083+02:00</Created>
        <LastChange>2023-07-26T22:34:43.526+02:00</LastChange>
        <TranskribusMetadata docId="1416742" pageId="54955401" pageNr="633" tsid="131085561" status="IN_PROGRESS" userId="64420" imgUrl="https://files.transkribus.eu/Get?id=TUOPJYXGGMBEKERFXUEPTCYF&amp;fileType=view" xmlUrl="https://files.transkribus.eu/Get?id=EFWSCLWYPUIIWHEHDEVWCFRW" imageId="44459126"/>
    </Metadata>
    <Page imageFilename="1416742_0633.jpg" imageWidth="3265" imageHeight="3656">
        <ReadingOrder>
            <OrderedGroup id="ro_1711827512844" caption="Regions reading order">
                <RegionRefIndexed index="0" regionRef="tr_2"/>
                <RegionRefIndexed index="1" regionRef="tr_1"/>
            </OrderedGroup>
        </ReadingOrder>
        <TextRegion id="tr_2" custom="readingOrder {index:0;}">
            <Coords points="778,484 2184,484 2184,1454 778,1454"/>
            <TextLine id="tr_2_tl_1" custom="readingOrder {index:0;}">
                <Coords points="1214,572 1225,572 1238,588 1256,570 1275,570 1310,544 1321,555 1332,546 1345,546 1349,483 1319,487 1304,479 1284,477 1271,481 1240,477 1221,483"/>
                <Baseline points="1229,543 1259,537 1304,537 1348,534"/>
                <TextEquiv>
                    <Unicode>März</Unicode>
                </TextEquiv>
            </TextLine>
            <TextLine id="tr_2_tl_2" custom="readingOrder {index:1;}">
                <Coords points="766,690 949,664 1060,727 1306,664 1885,679 2122,629 2124,514 1567,498 1182,596 888,559 768,590"/>
                <Baseline points="778,656 784,656 829,653 874,653 919,650 963,650 1008,650 1053,647 1098,644 1143,644 1187,644 1232,644 1277,641 1322,638 1366,635 1411,635 1456,632 1501,632 1545,632 1590,632 1635,629 1680,629 1725,629 1769,626 1814,626 1859,626 1904,626 1948,623 1993,623 2038,620 2083,620 2127,620"/>
                <TextEquiv>
                    <Unicode>S. Fischer, Verlag, Berlin W., Bülowstrasse 90</Unicode>
                </TextEquiv>
            </TextLine>
            <TextLine id="tr_2_tl_3" custom="readingOrder {index:2;}">
                <Coords points="1963,799 1996,803 2017,792 2033,803 2065,783 2100,814 2117,807 2146,825 2178,825 2181,712 2067,688 2054,696 2046,686 2007,705 1965,692"/>
                <Baseline points="1975,764 2005,761 2050,761 2095,758 2139,761 2184,755"/>
                <TextEquiv>
                    <Unicode>rta. 21</Unicode>
                </TextEquiv>
            </TextLine>
            <TextLine id="tr_2_tl_4" custom="readingOrder {index:3;}">
                <Coords points="914,1166 1338,1169 1397,1149 1471,1173 1536,1138 1669,1149 1674,1036 1497,1077 1434,1051 1330,1086 1251,1062 1190,1097 1151,1064 1027,1086 916,1051"/>
                <Baseline points="925,1140 961,1137 1005,1137 1050,1137 1095,1137 1140,1137 1184,1137 1229,1134 1274,1131 1319,1128 1363,1128 1408,1128 1453,1125 1498,1125 1542,1125 1587,1122 1632,1122 1677,1113"/>
                <TextEquiv>
                    <Unicode>Korns Dr. byther Secretätter</Unicode>
                </TextEquiv>
            </TextLine>
            <TextLine id="tr_2_tl_5" custom="readingOrder {index:4;}">
                <Coords points="1721,1236 1776,1251 1798,1240 1819,1247 1856,1238 1882,1256 1926,1225 1965,1232 1963,1193 1904,1171 1880,1173 1839,1149 1798,1149 1780,1134 1765,1134 1745,1114 1717,1119"/>
                <Baseline points="1731,1220 1775,1217 1820,1217 1865,1220 1910,1223 1954,1223 1969,1223"/>
                <TextEquiv>
                    <Unicode>ev.</Unicode>
                </TextEquiv>
            </TextLine>
            <TextLine id="tr_2_tl_6" custom="readingOrder {index:5;}">
                <Coords points="1186,1473 1247,1484 1308,1467 1349,1489 1397,1489 1432,1460 1545,1475 1617,1436 1695,1441 1697,1371 1639,1358 1602,1380 1560,1369 1445,1393 1419,1373 1325,1360 1188,1369"/>
                <Baseline points="1199,1441 1211,1444 1256,1441 1301,1438 1346,1438 1390,1435 1435,1435 1480,1435 1525,1432 1569,1432 1614,1432 1659,1429 1704,1426"/>
                <TextEquiv>
                    <Unicode>Hoper fhrenpkeert</Unicode>
                </TextEquiv>
            </TextLine>
        </TextRegion>
        <TextRegion id="tr_1" custom="readingOrder {index:1;}">
            <Coords points="749,1534 2656,1534 2656,3257 749,3257"/>
            <TextLine id="tr_1_tl_1" custom="readingOrder {index:0;}">
                <Coords points="875,1639 2427,1641 2496,1608 2498,1504 2292,1484 2170,1552 1887,1480 875,1558"/>
                <Baseline points="886,1623 889,1623 934,1623 978,1623 1023,1620 1068,1617 1113,1617 1157,1617 1202,1617 1247,1617 1292,1614 1337,1614 1381,1614 1426,1614 1471,1614 1516,1614 1560,1611 1605,1611 1650,1611 1695,1611 1739,1611 1784,1611 1829,1608 1874,1605 1919,1608 1963,1605 2008,1602 2053,1602 2098,1602 2142,1599 2187,1599 2232,1596 2277,1596 2321,1593 2366,1593 2411,1590 2456,1587 2501,1584"/>
                <TextEquiv>
                    <Unicode>Noch bevor Tür Brief eingetroffen ist. xxx wisseten Bte und</Unicode>
                </TextEquiv>
            </TextLine>
            <TextLine id="tr_1_tl_2" custom="readingOrder {index:1;}">
                <Coords points="749,1748 2104,1695 2457,1739 2459,1645 751,1650"/>
                <Baseline points="761,1725 764,1722 808,1722 853,1719 898,1719 943,1716 987,1716 1032,1713 1077,1713 1122,1713 1166,1713 1211,1713 1256,1710 1301,1707 1346,1707 1390,1707 1435,1704 1480,1704 1525,1704 1569,1704 1614,1701 1659,1701 1704,1701 1748,1701 1793,1698 1838,1698 1883,1695 1927,1692 1972,1692 2017,1692 2062,1689 2107,1689 2151,1689 2196,1689 2241,1689 2286,1689 2330,1686 2375,1686 2420,1683 2465,1680"/>
                <TextEquiv>
                    <Unicode>mir verabredet, xxx dir eine xxx ründe Betrachtung über</Unicode>
                </TextEquiv>
            </TextLine>
            <TextLine id="tr_1_tl_3" custom="readingOrder {index:2;}">
                <Coords points="736,1852 2422,1830 2468,1741 1804,1717 738,1789"/>
                <Baseline points="749,1817 769,1814 814,1814 859,1808 904,1808 949,1808 993,1805 1038,1805 1083,1808 1128,1805 1172,1805 1217,1802 1262,1799 1307,1793 1351,1796 1396,1796 1441,1796 1486,1796 1531,1796 1575,1793 1620,1796 1665,1793 1710,1793 1754,1793 1799,1790 1844,1790 1889,1787 1933,1784 1978,1784 2023,1784 2068,1784 2113,1781 2157,1781 2202,1784 2247,1781 2292,1781 2336,1781 2381,1775 2426,1772 2471,1766"/>
                <TextEquiv>
                    <Unicode>Ihre-Proclasten des Petriens beträge wüngere. Die xxx</Unicode>
                </TextEquiv>
            </TextLine>
            <TextLine id="tr_1_tl_4" custom="readingOrder {index:3;}">
                <Coords points="749,1913 1156,1954 1471,1896 2461,1915 2496,1806 1711,1850 1145,1815 749,1872"/>
                <Baseline points="761,1907 799,1904 844,1901 889,1901 934,1901 978,1901 1023,1898 1068,1898 1113,1895 1157,1892 1202,1892 1247,1889 1292,1892 1337,1886 1381,1889 1426,1889 1471,1889 1516,1886 1560,1886 1605,1883 1650,1883 1695,1883 1739,1880 1784,1880 1829,1880 1874,1877 1919,1877 1963,1877 2008,1874 2053,1874 2098,1874 2142,1871 2187,1871 2232,1871 2277,1871 2321,1868 2366,1868 2411,1868 2456,1862 2501,1856"/>
                <TextEquiv>
                    <Unicode>seite von Frau Engesten wird xyz eine gute vollesamte;</Unicode>
                </TextEquiv>
            </TextLine>
            <TextLine id="tr_1_tl_5" custom="readingOrder {index:4;}">
                <Coords points="753,1998 2329,2009 2398,1996 2400,1909 755,1943"/>
                <Baseline points="764,1984 793,1990 838,1987 883,1984 928,1984 972,1984 1017,1984 1062,1981 1107,1981 1152,1981 1196,1978 1241,1978 1286,1978 1331,1975 1375,1978 1420,1978 1465,1978 1510,1978 1554,1975 1599,1975 1644,1969 1689,1969 1733,1966 1778,1963 1823,1966 1868,1966 1913,1963 1957,1963 2002,1963 2047,1963 2092,1960 2136,1960 2181,1957 2226,1957 2271,1954 2315,1951 2360,1951 2405,1945"/>
                <TextEquiv>
                    <Unicode>bieten. Wir sind uns magi nicht von xxx, per etpon qui¬</Unicode>
                </TextEquiv>
            </TextLine>
            <TextLine id="tr_1_tl_6" custom="readingOrder {index:5;}">
                <Coords points="753,2107 2466,2089 2494,2000 755,2011"/>
                <Baseline points="764,2080 796,2080 841,2077 886,2077 931,2074 975,2074 1020,2074 1065,2071 1110,2071 1154,2068 1199,2068 1244,2065 1289,2065 1334,2065 1378,2065 1423,2068 1468,2068 1513,2068 1557,2065 1602,2062 1647,2059 1692,2059 1736,2056 1781,2059 1826,2056 1871,2056 1916,2053 1960,2053 2005,2050 2050,2047 2095,2047 2139,2044 2184,2044 2229,2044 2274,2044 2318,2044 2363,2041 2408,2038 2453,2038 2498,2035"/>
                <TextEquiv>
                    <Unicode>chen Nesai schreiben kann. Ich setzte ein###e Nmen her und Bitte</Unicode>
                </TextEquiv>
            </TextLine>
            <TextLine id="tr_1_tl_7" custom="readingOrder {index:6;}">
                <Coords points="760,2181 2474,2168 2474,2089 2176,2063 762,2122"/>
                <Baseline points="772,2166 778,2163 823,2166 868,2166 913,2166 958,2163 1002,2163 1047,2160 1092,2157 1137,2157 1181,2157 1226,2157 1271,2154 1316,2154 1360,2154 1405,2154 1450,2154 1495,2157 1539,2157 1584,2157 1629,2154 1674,2154 1719,2151 1763,2148 1808,2148 1853,2145 1898,2142 1942,2142 1987,2142 2032,2139 2077,2136 2121,2139 2166,2139 2211,2136 2256,2136 2301,2136 2345,2133 2390,2133 2435,2133 2480,2127"/>
                <TextEquiv>
                    <Unicode>sto, mir vertraullet in seiner Aar Ihnen für Eier befeht Arbett</Unicode>
                </TextEquiv>
            </TextLine>
            <TextLine id="tr_1_tl_8" custom="readingOrder {index:7;}">
                <Coords points="751,2285 1956,2246 2363,2302 2416,2294 2420,2154 753,2228"/>
                <Baseline points="764,2256 767,2256 811,2256 856,2256 901,2256 946,2253 990,2253 1035,2253 1080,2250 1125,2247 1169,2247 1214,2247 1259,2247 1304,2247 1348,2247 1393,2247 1438,2244 1483,2244 1528,2244 1572,2241 1617,2238 1662,2238 1707,2238 1751,2235 1796,2235 1841,2235 1886,2235 1930,2235 1975,2232 2020,2235 2065,2232 2110,2229 2154,2229 2199,2229 2244,2226 2289,2226 2333,2226 2378,2226 2423,2232"/>
                <TextEquiv>
                    <Unicode>um geeignetsten scheint. xxx dachten an xxx, Hausl, Fakten,</Unicode>
                </TextEquiv>
            </TextLine>
            <TextLine id="tr_1_tl_9" custom="readingOrder {index:8;}">
                <Coords points="764,2363 2080,2357 2107,2274 1950,2244 1780,2283 764,2285"/>
                <Baseline points="775,2342 811,2345 856,2342 901,2342 946,2345 990,2342 1035,2339 1080,2339 1125,2339 1169,2339 1214,2336 1259,2336 1304,2336 1348,2333 1393,2333 1438,2333 1483,2333 1528,2333 1572,2330 1617,2330 1662,2327 1707,2327 1751,2324 1796,2324 1841,2324 1886,2324 1930,2324 1975,2324 2020,2324 2065,2324 2110,2324"/>
                <TextEquiv>
                    <Unicode>Stöbel, Zoll, eventl. vielleicht xxx</Unicode>
                </TextEquiv>
            </TextLine>
            <TextLine id="tr_1_tl_10" custom="readingOrder {index:9;}">
                <Coords points="894,2455 2283,2440 2487,2413 2490,2348 894,2376"/>
                <Baseline points="907,2432 925,2432 969,2432 1014,2432 1059,2429 1104,2429 1149,2423 1193,2423 1238,2423 1283,2420 1328,2426 1372,2423 1417,2423 1462,2423 1507,2420 1551,2423 1596,2420 1641,2417 1686,2417 1731,2417 1775,2417 1820,2414 1865,2414 1910,2411 1954,2414 1999,2414 2044,2411 2089,2411 2133,2411 2178,2411 2223,2411 2268,2411 2312,2408 2357,2408 2402,2408 2447,2405 2492,2402"/>
                <TextEquiv>
                    <Unicode>Veder die Korf'schen Aufweisen bräuche ich kein Ehrt zu</Unicode>
                </TextEquiv>
            </TextLine>
            <TextLine id="tr_1_tl_11" custom="readingOrder {index:10;}">
                <Coords points="1650,2479 1663,2479 1674,2468 1691,2477 1708,2468 1715,2474 1724,2468 1750,2474 1778,2472 1780,2429 1752,2435 1741,2424 1717,2437 1713,2431 1706,2433 1700,2427 1684,2440 1667,2429 1652,2431"/>
                <Baseline points="1662,2465 1692,2465 1736,2462 1781,2459"/>
                <TextEquiv>
                    <Unicode>G.C.H</Unicode>
                </TextEquiv>
            </TextLine>
            <TextLine id="tr_1_tl_12" custom="readingOrder {index:11;}">
                <Coords points="768,2559 2501,2538 2520,2446 768,2464"/>
                <Baseline points="781,2530 820,2527 865,2524 910,2524 955,2524 999,2524 1044,2521 1089,2521 1134,2518 1178,2518 1223,2518 1268,2515 1313,2515 1357,2515 1402,2515 1447,2515 1492,2515 1537,2512 1581,2509 1626,2512 1671,2509 1716,2506 1760,2509 1805,2503 1850,2506 1895,2503 1939,2503 1984,2503 2029,2503 2074,2503 2118,2503 2163,2501 2208,2501 2253,2501 2298,2501 2342,2501 2387,2501 2432,2501 2477,2495 2521,2492"/>
                <TextEquiv>
                    <Unicode>wertigenen. Ich habe ich darüber byhr geändert, dass paa in sei-</Unicode>
                </TextEquiv>
            </TextLine>
            <TextLine id="tr_1_tl_13" custom="readingOrder {index:12;}">
                <Coords points="757,2629 1380,2655 1452,2609 1848,2601 2418,2642 2448,2555 1047,2535 757,2581"/>
                <Baseline points="769,2614 796,2617 841,2617 886,2614 931,2614 975,2611 1020,2611 1065,2608 1110,2608 1154,2608 1199,2608 1244,2608 1289,2605 1334,2608 1378,2605 1423,2602 1468,2602 1513,2602 1557,2602 1602,2602 1647,2602 1692,2599 1736,2599 1781,2599 1826,2596 1871,2596 1916,2596 1960,2596 2005,2593 2050,2593 2095,2596 2139,2593 2184,2590 2229,2590 2274,2590 2318,2590 2363,2590 2408,2587 2453,2587"/>
                <TextEquiv>
                    <Unicode>ter leschei östätigkeit Herr die Grüße zu entgehen liest. Hof-</Unicode>
                </TextEquiv>
            </TextLine>
            <TextLine id="tr_1_tl_14" custom="readingOrder {index:13;}">
                <Coords points="773,2722 2305,2736 2424,2716 2424,2635 773,2651"/>
                <Baseline points="784,2703 817,2703 862,2703 907,2703 952,2703 996,2700 1041,2700 1086,2700 1131,2697 1175,2697 1220,2697 1265,2697 1310,2697 1354,2697 1399,2697 1444,2694 1489,2692 1534,2692 1578,2692 1623,2692 1668,2692 1713,2692 1757,2689 1802,2689 1847,2686 1892,2686 1936,2686 1981,2683 2026,2683 2071,2686 2116,2683 2160,2683 2205,2683 2250,2680 2295,2683 2339,2683 2384,2680 2429,2677"/>
                <TextEquiv>
                    <Unicode>sehen Sie und mir von unterstelles deneiudert, und sehr aber</Unicode>
                </TextEquiv>
            </TextLine>
            <TextLine id="tr_1_tl_15" custom="readingOrder {index:14;}">
                <Coords points="770,2820 2376,2801 2376,2722 2231,2705 773,2753"/>
                <Baseline points="784,2799 814,2799 859,2796 904,2799 949,2796 993,2796 1038,2793 1083,2793 1128,2787 1172,2787 1217,2790 1262,2790 1307,2790 1351,2787 1396,2787 1441,2787 1486,2787 1531,2784 1575,2781 1620,2781 1665,2778 1710,2778 1754,2778 1799,2775 1844,2778 1889,2775 1933,2775 1978,2772 2023,2772 2068,2772 2113,2772 2157,2775 2202,2775 2247,2772 2292,2775 2336,2775 2381,2769"/>
                <TextEquiv>
                    <Unicode>den „Ässärztung“ tich! 16 wahralben kth. Er sollte auch der</Unicode>
                </TextEquiv>
            </TextLine>
            <TextLine id="tr_1_tl_16" custom="readingOrder {index:15;}">
                <Coords points="766,2888 875,2927 1388,2923 1473,2879 2394,2899 2435,2810 768,2818"/>
                <Baseline points="778,2886 784,2886 829,2886 874,2886 919,2886 963,2883 1008,2883 1053,2880 1098,2877 1143,2880 1187,2880 1232,2880 1277,2877 1322,2877 1366,2877 1411,2880 1456,2877 1501,2877 1545,2874 1590,2871 1635,2871 1680,2874 1725,2871 1769,2871 1814,2868 1859,2868 1904,2865 1948,2865 1993,2862 2038,2862 2083,2862 2127,2862 2172,2862 2217,2862 2262,2862 2307,2859 2351,2862 2396,2862 2441,2862"/>
                <TextEquiv>
                    <Unicode>Kopia xyz, ved xyz den etc.</Unicode>
                </TextEquiv>
            </TextLine>
            <TextLine id="tr_1_tl_17" custom="readingOrder {index:16;}">
                <Coords points="766,2997 2468,2990 2468,2905 2318,2884 768,2914"/>
                <Baseline points="781,2978 817,2978 862,2975 907,2975 952,2975 996,2975 1041,2972 1086,2969 1131,2966 1175,2966 1220,2963 1265,2963 1310,2963 1354,2963 1399,2963 1444,2963 1489,2960 1534,2960 1578,2960 1623,2957 1668,2957 1713,2960 1757,2960 1802,2957 1847,2957 1892,2954 1936,2954 1981,2951 2026,2951 2071,2951 2116,2951 2160,2951 2205,2951 2250,2951 2295,2951 2339,2951 2384,2954 2429,2954 2474,2957"/>
                <TextEquiv>
                    <Unicode>zu der Ähnigen iederholenenen xxx</Unicode>
                </TextEquiv>
            </TextLine>
            <TextLine id="tr_1_tl_18" custom="readingOrder {index:17;}">
                <Coords points="766,3103 2174,3084 2176,2984 768,3008"/>
                <Baseline points="778,3068 793,3071 838,3065 883,3065 928,3062 972,3062 1017,3059 1062,3062 1107,3059 1152,3059 1196,3056 1241,3056 1286,3056 1331,3053 1375,3053 1420,3053 1465,3053 1510,3050 1554,3053 1599,3053 1644,3050 1689,3047 1733,3047 1778,3044 1823,3044 1868,3047 1913,3047 1957,3047 2002,3047 2047,3044 2092,3044 2136,3041 2181,3038"/>
                <TextEquiv>
                    <Unicode>genannt, um xxx mit Ihnen als einen Dafus xxx</Unicode>
                </TextEquiv>
            </TextLine>
            <TextLine id="tr_1_tl_19" custom="readingOrder {index:18;}">
                <Coords points="1560,3173 1632,3153 1811,3203 1882,3177 1948,3203 2050,3153 2072,3173 2185,3177 2185,3084 1832,3066 1737,3090 1669,3071 1560,3103"/>
                <Baseline points="1572,3136 1608,3136 1653,3133 1698,3133 1742,3133 1787,3133 1832,3130 1877,3130 1922,3133 1966,3133 2011,3130 2056,3133 2101,3133 2145,3133 2190,3130"/>
                <TextEquiv>
                    <Unicode>und xxx nachrichten xxx</Unicode>
                </TextEquiv>
            </TextLine>
            <TextLine id="tr_1_tl_20" custom="readingOrder {index:19;}">
                <Coords points="2228,3288 2318,3253 2411,3273 2457,3251 2494,3262 2548,3236 2579,3251 2605,3240 2651,3251 2651,3156 2546,3164 2494,3195 2455,3197 2298,3097 2228,3099"/>
                <Baseline points="2240,3236 2253,3229 2298,3238 2342,3244 2387,3247 2432,3247 2477,3244 2521,3241 2566,3238 2611,3238 2656,3232"/>
                <TextEquiv>
                    <Unicode>Stieder</Unicode>
                </TextEquiv>
            </TextLine>
        </TextRegion>
    </Page>
</PcGts>
