2677 3416
1203 265 1859 437 Mannheim, 17. Mai 1911
365 294 680 420 Abschrift!
637 537 828 687 Herrn
935 651 1477 783 S. Fischer, Verlag
1620 716 1904 833 Berlin W.
1508 807 1885 957 Bülowstr. 90
654 962 2231 1114 Auf Ihre Tantièmenanforderung vom 15.d.Mts. teilen wir
508 1012 2374 1198 Ihnen ergebenst mit, dass "Schnitzler's Literatur" seit 7. April
525 1164 1479 1310 1908 hier nicht aufgeführt wurde.
1584 1198 1952 1317 Hochachtend!
1551 1281 2150 1434 Hoftheater Mannheim.
1272 1453 1930 1582 Mannheim, 23. Mai 1911
659 1563 2329 1663 Bezugnehmend auf Ihre gefällige Reklamation der Tantiemen
520 1656 2398 1761 aus der Aufführung von "literatur" am 13. Februar 1910 teilen wir
520 1749 2324 1847 Ihnen ergebenst mit, dass die Ablieferung versehentlich unter-
532 1821 2451 1950 blieben ist, da es sich um eine eingeschobene Vorstellung handelte.
527 1904 2436 2028 Der hiernach an Sie abzuführende Betrag M 66,28 wird sogleich nach
532 1997 2348 2131 Eingang der Zahlungsanweisung nächster Tage an Sie abgehen. Wir
530 2093 1651 2219 bitten, das Versehen zu entschuldigen.
1613 2155 2117 2288 Hochachtungsvoll
1587 2241 2198 2381 Hoftheater Mannheim.
