2765 3576
937 539 2203 666 S. FISCHER,VERLAG, BERLIN W., BÜLowSTR. 90
1299 635 1822 775 THEATERABTEILUNG
1465 833 2203 923 BERene W., DEN  20/9. 1910.
1106 1049 1870 1197 Herrn Dr. Arthur Schnitzler
1836 1151 2003 1266 Wien
983 1293 1512 1402 Sehr geehrter Herr,
1087 1405 2059 1551 Miss Kaiser teilt uns mit, dass das
1000 1517 2093 1618 "Märchen" vom 7. September ab durch Mme.
984 1608 2120 1704 Alle Nazimowa in New-Haven zur Aufführung
980 1706 2126 1792 gelangt und dass es ihr gelungen ist, den
976 1794 2142 1879 Manager von Mme Nazimowa, Mr. Shubert, zur
984 1871 2117 1994 Zahlung von 7 Dollars 50 pro Vorstellung
983 1969 2070 2073 zu verpflichten. Da das "Märchen" nicht
983 2046 2170 2156 geschützt ist, so müssen wir uns damit wohl
983 2150 1438 2244 zufrieden geben.
1058 2244 2166 2331 Wir erlauben uns, Ihnen gleichzeitig an-
984 2339 2175 2414 bei die Abschrift eines Briefes des Brünner
976 2430 2118 2501 Stadttheaters zur gefl. Kenntnisnahme und
973 2492 2196 2624 Rückäusserung zu überreichen. Wir verhalten
976 2603 2183 2714 uns zwar zunächst ablehnend, bitten aber je-
