2944 3608
2115 453 2553 708 6 or
592 681 2476 832 sorgen und diesmal auch Platten vom Satz anfertigen lassen, damit bei
587 775 2580 936 künftigen Neuauflagen eine Durchsicht überhaupt nicht mehr notwendig ist.
706 869 2541 1013 Ich überreiche Ihnen mitfolgend 400 Mark, und zwar 200 Mark für die
602 946 2451 1090 erste Hälfte der vierten Auflage von „Liebelei“ und 200 Mark für die
599 1072 2570 1216 erste Hälfte der zweiten Auflage von „Vermächtnis“ und bitte um gelegent-
599 1164 1307 1315 liche Empfangsbestätigung
1374 1238 1884 1347 Mit besten Grüssen
1535 1332 1914 1459 Ihr ergebener
1595 1402 2350 1632 Hischer
775 1654 2605 1899 Ihre Absicht, im März drei Bücher
780 1803 2642 1998 erscheinen zu lassen, ist doch wohl
792 1931 2672 2130 nicht Ihr ernst? Da würde
792 2063 2655 2308 ja ein Buch das andere verdränger
817 2196 2617 2407 darüber sprechen wir noch
810 2318 1924 2583 im November
