2183 3544
1202 275 1372 409 212
1024 387 1234 482 20k
1119 587 1250 666 201
558 655 1854 776 S. FISCHER,VERLAG, BERLIN W., BÜLowSTR. 90
1144 804 1829 967 BERene W., DEN 25. Okt. '09
864 1134 1559 1268 Herrn Dr. Arthur Schnitzler
1462 1249 1760 1406 men
665 1373 1166 1529 Lieber Herr Doktor,
797 1508 1855 1618 wenn Sie es wünschen, bin ich gern bereit,
1148 1616 1947 1719 „ separat zu drucken. Ich nehme
673 1622 1153 1744 den „Tapfern Cassia
1150 1671 1302 1726 le
674 1690 1912 1791 an, dass Sie dabei in erster Linie an den Verkauf
679 1808 1944 1899 inqartonettentheater von Grann denken, denn nur so
1402 1857 1491 1907 8.
679 1881 1894 2002 würde sich die Separatausgabe rechtfertigen. Der
673 1981 1881 2100 ganze Sand „Marionetten“ kostet M. 2.-; geheftet;
678 2067 1841 2188 meinen Sie nicht, dass das Buch zu teuer wird,
674 2161 1891 2266 wenn wir den „Tapfern Cassian" allein für 1 Mark
674 2239 1896 2353 herausgeben? Vielleicht ist die Verbreitungsmög-
671 2345 1925 2451 lichkeit bei den Gesuchern des Theaters erheblich
674 2410 1954 2538 grösser, wenn das Buch nur 50 -: 60 Pfennig kostet.
674 2541 1972 2632 Bitte lassen Sie sich Ihre Meinung wissen, ich kann
674 2609 1939 2717 dann mit dem Druck des Textbuches gleich beginnen.
