2521 3496
969 313 1096 454 also
240 1021 1183 1223 bezahlt oder nicht
348 1104 2314 1385 Den eventuellen Gewinn würde ich mit
208 1285 2352 1461 theilen. Villeicht würden wir – wenn Sie mit dem
256 1385 2360 1561 Buch bis zum Herbst warten – das Werk im
2120 1453 2271 1520 le dernier ses
292 1493 2368 1658 Szimmer in der freien Bühne veröffentlichen. In
265 1555 2403 1774 diesem falle würde ich auf Ihre Garantie
251 1652 2422 1868 verzichten, weil die freie Zähne erfahrungsgemäß
265 1760 2379 1944 ein gutes Agitationsmittel für die später er
278 1841 2411 2055 scheinenden Buchausgaben bildet. Ohnlien
273 1963 2416 2176 wurde sich Ihr Buch besser für den Herbsteignen
230 2103 2195 2284 da das frühjahr Büchern nicht günstig ist.
1779 2138 2373 2290 Ihr begebener
400 2200 1731 2368 Ich bitte um Ihre Entscheidung.
