2929 3495
2202 239 2556 437 1400
628 404 2480 626 verlangen, sondern weil ich, wie ich schon ausgeführt habe, gezwungen
631 530 2410 678 bin, die Honorierung in ein gewisses Verhältnis zu der Honorierung
621 597 2542 764 anderer Arbeiten und zu unserm Etat zu bringen. Es scheint mir wichtig,
628 700 2472 848 diesen Punkt schon jetzt zu berühren und Sie gleichzeitig zu bitten,
628 791 2102 960 über die Honorar-Angelegenheit Discretion zu bewahren.
975 903 1495 1020 Mit besten Grüssen
1237 927 2052 1154 Thr ergebene
1792 1041 2554 1245 Ffischer
1749 2329 1873 2525 re
