2207 3478
485 679 1637 812 schliessen, wäre praktisch garnicht ausführbar
492 777 1693 911 gewesen. Miss Kaiser hat für sieben ungeschätzte
502 854 1739 976 Stücke die Kosten der Uebersetzung übernommen, sie
511 929 1734 1060 übernimmt auch die Gebersetzung der vier geschütz-
509 1036 1725 1163 ten Stücke auf ihre Kosten und die Copyright- und
522 1142 1668 1257 Uebersetzungskosten der zukünftigen Stücke. Es
522 1205 1730 1339 wäre unmöglich, innerhalb von drei Jahren die elf
529 1291 1691 1437 vorliegenden Stücke übersetzun und aufführen zu
532 1379 1680 1537 lassen, dazu muss ihr doch billiger Weise Zeit
526 1468 1739 1597 gelassen werden. Ich finde, dass die fünfjährige
532 1580 1696 1710 Dauer das wenigste ist, was ihr oediert werden
545 1651 1768 1782 musste, sie wollte ja, wie Sie wissen, die Rechte
559 1770 1362 1891 für eine unbegrenzte Zeit haben.
812 1870 1299 1979 Mit vielen Grüssen
1308 1914 1665 2022 Ihr ergebener
1291 2003 1771 2213 S. Fischer
