3230 3658
1287 328 1407 463 325.
792 449 2254 611 ISCHER/VERLAG/BERLIN’THEATERABTEILUNG
1738 546 2257 644 W 57 BÜLÖWSTR90
642 546 1282 659 AMT: LUTZÖW 1662=6162
1743 702 2102 826 den 29/5.13
2025 806 2139 893 G.C.P
1907 883 2015 975 G.C.F.P.
813 876 1586 999 Herrn Dr. Arthur Schnitzler
1958 982 2139 1093 Wien
743 1144 1468 1287 Sehr geehrter Herr Doktor
768 1318 2414 1427 Die Firma Hugo Baruch & Co. teilt uns mit, dass die Schubert
589 1395 2525 1564 Company den „Professor Bernhardi" für Amerika erwerben will. Es müss-
1364 1501 1620 1559 a-
635 1511 2527 1646 ten aber nach der Meinung des Managers für Amerika Veränderungen vor-
632 1605 2554 1723 genommen werden und wir gestatten uns, an Sie die Frage zu richten, ob
640 1697 2486 1834 Sie selbst, wenn Ihnen prinzipiell die Gesichtspunkte dieser Verän-
637 1798 2481 1895 derungen gerannt werden, bereit wären, sich diese Arbeit zu machen.
640 1880 2580 1982 Unserer Meinung nach dürfte dies das Beste sein, denn wenn man den Hän-
640 1979 2474 2076 den des englischen Uebersetzers und Bearbeiters ausgeliefert ist, so
640 2057 2452 2160 kommt selbst in am Fall, dass man sich, wie natürlich, die Vorlage
642 2143 2551 2274 der Bearbeitung und die Notwendigkeit der eigenen Zustimmung gesichert
637 2245 2501 2349 hat, die übelsten Sachen heraus, eventuell auch Prozesse, wie wir dies
637 2353 2421 2448 erst jetzt zum Beispiel bei den „Fünf Frankfurtern“ erlebt haben.
746 2421 2421 2554 Wir haben von Baruch & Co. 5 % Tantiene und Zintausend Dollar
642 2515 1159 2638 Garantie verlangt.
743 2561 2520 2706 Haben sie die Liebenswürdigkeit, uns möglichet umgehend zu sagen,
640 2711 2484 2807 ob Sie auf unsern Vorschlag eingehen oder nennen Sie vielleicht an-
637 2781 2513 2868 dernfalls einen englischen schriftsteller, der Ihnen bekannt ist und
635 2870 2532 2969 zu dem sie das Vertrauen haben, dass er eine literarische und sinnge-
635 2957 2532 3092 müsse Umarbeitung machen würde. Wir würden dann der Firma Hugo Baruch
