3221 3687
536 286 2479 519 FISCHER,VERLAG, BERLIN, Herrn Dr. Arthur Schnitzler Blatt 2
758 703 2469 874 Es ist Ihnen entgangen, dass sowohl "Der blinde Geronimo" wie
631 820 2533 966 "Die griechische Tänzerin" in den Gesammelten Werken abgedruckt sind.
1197 919 1319 969 G.C.F.P
628 897 2533 1051 Das würde nicht ausschliessen, dass wir aus 21 Novellen der Gesammel-
638 1011 2404 1128 ten Werke etwa 3 oder 4 Novellen für ein Propaganda-Bändchen der
633 1073 2516 1215 Bibliotehk auswählen. Wir könnten am Schluss des Buches eine Anzeige
636 1180 2519 1301 machen, dass die Novellen aus den Gesammelten Werken entnommen sind.
636 1239 2633 1448 Ich glaube nicht, ob sich daraus eine Schädigung des Gesamtwerks ergeben
646 1376 1210 1498 würde, im Gegenteil.
1078 1418 1716 1575 Mit herzlichen Grüssen
1771 1575 1873 1677 Ihr
1781 1746 2511 1965 H fischer
