2488 3066
1159 780 1469 907 Arthur Schnitz,
768 1042 1228 1178 wieber Herr Doktor.
976 1151 1998 1268 wir haben in unserm neuen Theaterprospekt
747 1242 1952 1399 „Komtesse. Mizzi“ schon angezeigt und es wäre mir
740 1349 1974 1460 lieb, wenn ich den Sinakter behalten könnte. Ich
724 1415 2013 1580 würde vorschlagen, dass Sie einen Zyklus von Sin¬
753 1527 1971 1657 aktern für den Abend feststellen, der zusammen
782 1615 1920 1742 vergeben werden soll. So weit „Komtesse Mizzi“
760 1692 1952 1844 dabei in Betracht kommt, hätte Entsch auch seine
771 1793 1985 1913 seits das Stück anzuzeigen, während ich in seinen
771 1875 1990 2032 Anzeigen die für „Komtesse Mizzi“ bestimmten Sin-
774 1963 1952 2114 akter von Entsch ankündigen würde. Ich glaube und
880 2061 1997 2200 Ihnen Gutsch einige Binakter für meinen Verlag
1631 2171 1934 2256 aufe der Zeit
869 2176 1322 2284 eingeben wird. Sollte
1612 2237 1764 2341 erst
1026 2263 1130 2397 sakelt
