2646 3559
1215 587 1404 728 246
854 613 2139 895 S. JCHER,VERLAG, BERLIN W., BÜLowSTR. 90
1796 887 2111 1033 11/4. 11
1419 930 1760 1056 BERLIN W., DEN
886 1107 1679 1291 Herrn Dr. Arthur Schnitzler
1704 1214 1863 1327 Wien
1125 1387 1661 1506 Sehr geehrter Herr!
1076 1558 2137 1684 Sie haben uns im Februar dieses Jahres
948 1610 2248 1789 die Anfrage von Hugo Gebers Förlag in Stockholm
945 1711 2189 1863 wegen der schwedischen Uebersetzung von „Der
954 1815 2278 1993 „Weg ins Freie“ übermittelt mit dem Ersuchen, die
969 1883 2283 2040 Angelegenheit für Sie zu erledigen. Das Resultat
968 2007 2160 2130 der Verhandlungen war, dass der schwedische
969 2078 2196 2229 Verlag für das Uebersetzungsrecht ins Schwe¬
977 2165 2271 2337 dische für eine Auflage von 1750 Exemplare den
976 2289 2189 2406 Betrag von M. 300.- bezahlt hat. Diese Summe
987 2334 2268 2478 haben wir laut unserem Briefe vom 27. März. cr.,
986 2452 2204 2598 mit dem wir Ihnen auch den Originalbrief der
991 2535 2207 2668 Firma sandten, auf Ihr Bankkonto überwiesen.
