2631 3255
576 524 2305 670 Direktor Barnowsky, der zukünftige Leiter des Lessing-Theaters,
476 656 2263 764 wird dieser Tage nach Wien kommen. Er will Sie besuchen, um Ihnen
482 743 2236 839 vor allem die Aufführung des "Medardus" verzuschlagen. Barnowsky
485 809 2291 926 wird vielleicht der geeignetste Mann dazu sein, und unter gewissen
482 894 2323 1033 Kautelen, die die Besetzung betreffen, wäre wohl an ihn zu denken.
482 988 2266 1136 Er legt das grösste Gewicht darauf, Sie für sein Theater zu inte-
482 1095 2238 1223 ressieren, ich glaube, dass er ein gutes und künstlerische wert-
492 1205 1251 1333 volles Ensemble haben wird.
766 1276 1395 1420 Mit herzlichen Grüssen
1445 1337 1555 1465 Ihr
1319 1429 1779 1632 T. Fischer
