2512 3320
2095 381 2188 474 R
1910 379 2024 482 E
835 394 1691 492 E K A U
1681 391 1847 545 S
651 406 785 507 C
318 406 608 510 L I
724 477 1020 586 STOT
1486 517 1757 601 *
1772 507 2196 633 PLAYS
1073 522 1557 606 AGENT
172 530 1010 616 DRAMATISTS
495 578 1625 709 BROADWAY, NE
1653 618 2201 724 W. T. F. V. R K.
169 646 462 709 1402
172 707 2196 878 CABLE ADDRESS: LINADORE, KEMYORK
303 871 434 946 G.H.F.P.
507 871 644 944 G.H.F.P.
790 863 1078 969 G.C.H.F.P.S
1100 871 1572 962 dans une lettre de Votre très de
1618 886 1863 982 G.C.H.F.P.
861 941 2032 1090 December 3,1912
828 1025 926 1146 G.C.F.P.
225 1032 742 1133 S. Fischer Verlag,
1320 1052 1651 1156 G.C.H.F.P.P:P.
1683 1035 1938 1168 G.C.F.P.
386 1090 644 1184 Berlin W
497 1131 1065 1239 Bulowstrasse 90.
1277 1126 2059 1252 de Vous avez lisé a lisné a mais je
644 1189 871 1305 Germany.
896 1239 1068 1300 G.C.P.
1113 1216 1984 1345 de mon frere, que je ne suis ai-
222 1247 538 1401 Dear Sirs:
502 1317 1969 1439 I have yours of November 11th. I shall be very glad
225 1413 1961 1542 if you will send me at once manuscript of "Professor Bernhard",
220 1502 2024 1635 and I will either write you within one week of its receipt or es-
222 1608 2052 1774 ble you, as you desire, whether I shall be able to place it or not
217 1709 560 1825 in America.
502 1754 2027 1905 The Graft for $300.00 advance upon royalties of "Anatol"
227 1883 1885 1976 is going to you under separate cover. There is only one com-
222 1956 1762 2102 pany playing "Anatol" at the present moment in America.
500 2044 1946 2170 The royalties to Mr.awker are paid to him directly
227 2140 1868 2249 by Mr. Ames. Mr. Larker's receives, so Mr. Ames informe me,
230 2239 2001 2347 very excellent royalties owing to the fact that Mr. Ame¬ prefer-
225 2327 2047 2430 red his.translation to the translation] made and paid for by him to
225 2425 1928 2536 Langdon Mitohell, as well as the translations made by me, and
222 2486 2016 2612 paid for by me by Mrs. Dorenus, Mrs. Michell and John Severance.
227 2615 1842 2698 Mr. Amea does not feel in position to revealed the amount of
225 2685 1461 2806 royalties which havebeen paid to Mr. Larker.
474 2774 1971 2872 I regret to state that the matter of Mr.Maurice Browne
240 2877 1900 2973 in Chicago has not yet been settled. Mr. Browne is standing
227 2963 1916 3071 out for all kinds of impossible conditions, such as confining
217 3036 1842 3182 Mr. Amen to two weeks performances of the play in Chicago.
