3230 3658
2329 474 2423 573 II
822 467 1589 611 Herrn Dr. Arthur Schnitzler
589 707 2504 805 4 Co. resp. der Snubert Company vorschreiben, diesen von Ihnen genann-
597 774 2526 899 ten Herrn, zu dieser Arbeit zu nehmen. Ist Ihren Herr Frank E.Washburn-
597 870 2403 985 Freund, Gaddeshill Lodge, Eversley/Hants, bekannt? Eventuell könnte
604 951 2459 1088 dieser die Arbeit besorgen. Jedenfalls würden wir uns vertragsmässig
589 1054 2480 1177 natürlich das Recht sichern, dass Sie Ihr Einverständnis zur Umarbei-
609 1162 1114 1294 tung geben müssen.
700 1217 1706 1361 In vollkommener Hochachtung sind wir
1862 1308 2140 1431 ergebenst
1761 1414 2250 1500 S. FISCHER, VERLAG
1780 1483 2240 1577 THEATERABTEILUNG
2195 1488 2305 1644 l'ab
1505 2739 1685 2816 wurden
1605 2832 1776 2964 dans les
