2505 3483
879 290 1229 441 Ficouer
473 656 1793 806 S. FISCHER, VERLAG, HOFBUCHHANDLUNG
1975 809 2198 951 1894
18 824 719 994 Fernsprecher Amt VI, 1662.
1079 811 1898 971 Berlin W., den 4. Jannen
1022 924 1620 1057 Kothener-Strasse 441
290 1014 506 1207 Herrn
593 1087 1460 1269 Dr. Arthur Schnitzler,
1527 1189 1730 1360 Wien
794 1380 1535 1575 Schwehrter Herr Doctor,
348 1560 2168 1758 Ihr Druckmanuscript hat uns seiner zeit allerdings vorgelegen,
168 1705 2178 1848 ist aber von uns Herrn Bölsche mit dem Ersuchen übergeben worden,
168 1775 2153 1915 es Ihnen zurückzuschicken, nachdem Herr Bölsche schon früher ent¬
160 1875 2163 2041 schieden hatte, daß der Obdank des Werkes in der. Freien Bühm
150 1978 776 2113 nicht erfolgen kann.
258 1978 2123 2131 Wir unsererseits haben Ihnen seinerzeit mitgetzilt, daß der
200 2091 2126 2193 Verlag des Werkes nach unseren Erfahrungen die Kosten der Her¬
185 2158 2151 2266 stellung nicht einbewesen würde, und wir haben aus diesem Grun¬
185 2228 2083 2308 de von dem Buchverlag Abstand genommen. Sie werden ja
188 2273 2131 2386 selbst wissen, wie klein das Publicum für Dramen ist. Sollten
170 2356 2091 2439 Sie in nächster Zeit Hovellistisches oder einen Roman zu veröffent¬
183 2409 2148 2536 lichen in der Lage sein, so werden Sie uns mit Vergnügen be¬
195 2494 1287 2619 reit finden, darüber zu verhandeln.
366 2491 2128 2646 Ihr Druckmannscript befindet sich nicht im Besitze des Herrn
203 2616 2116 2722 Bierlaum und wir sind eine gezwungen, bei Herrn Bölsche, des¬
210 2689 2136 2817 sen Adresse uns übrigens augenblicklich unbekannt ist, zu re¬
218 2772 2161 2892 cherchiren. Wir denken, daß es Ihnen nicht so sehr auf das Manu¬
213 2834 2133 2979 script ankam, welches ja gedruckt vorliegt, als auf den Bescheid.
1139 2932 1753 3087 Hochachtungsvoll
1813 3032 2176 3197 derlang
1627 3055 1795 3210 her
