2696 3432
1974 223 2329 340 Blatt 2
291 220 1028 370 S. Fischer, Verlag, Berlin,
1087 230 1286 360 190....
639 455 1998 590 Bremen ist am 13. Oktober 1910 verrechnet worden.
642 556 2231 669 Cassel: die Garantie von 50 Mark ist Ihnen am 25. April cr.
642 664 2133 766 verrechnet worden, die Summe ist noch nicht überspielt.
639 735 2123 852 Kiel: die Aufführungsdaten beziehen sich auf die Oper.
380 828 2282 960 "literatur". Mannheim: Wir haben einen Vertrag nicht gefunden, der Ver-
646 953 2268 1073 trag ist wohl noch bei Entsch, wir haben aber die Abrechnung
654 1019 1124 1131 sogleich moniert.
402 1060 2302 1222 "Comtesse Mizzi" Düsseldorf ist bisher noch nicht bezahlt, obgleich die
646 1215 2248 1313 Abrechnungen dieses Theaters sonst sehr pünktlich sind. Wir
642 1290 1577 1403 haben die Abrechnung eingefordert.
509 1386 2312 1523 Hätten wir eine Ahnung gehabt, dass Sie nach München kommen, wären
289 1489 2255 1611 wir sehr gern noch einige Tage dort geblieben, um Sie zu sehen. Jetzt
367 1582 2277 1697 steht nur noch Unterach für den Sommer auf unserm Reiseprogramm. Viel-
365 1663 2089 1775 leicht kommen Sie doch wieder im Sommer nach dem Salzkammergut.
776 1768 1866 1876 Mit herzlichen Grüssen von uns zu Ihnen
1827 1839 1922 1949 Ihr
1729 1932 2160 2108 S. Fischer
