<?xml version="1.0" encoding="UTF-8" standalone="yes"?>
<PcGts xmlns="http://schema.primaresearch.org/PAGE/gts/pagecontent/2013-07-15" xmlns:xsi="http://www.w3.org/2001/XMLSchema-instance" xsi:schemaLocation="http://schema.primaresearch.org/PAGE/gts/pagecontent/2013-07-15 http://schema.primaresearch.org/PAGE/gts/pagecontent/2013-07-15/pagecontent.xsd">
    <Metadata>
        <Creator>prov=READ-COOP:name=TrHtr:version=2.1.0:model_id=51170:date=26_07_2023_22:28</Creator>
        <Created>2023-05-02T08:10:21.356+02:00</Created>
        <LastChange>2023-07-26T22:28:31.937+02:00</LastChange>
        <TranskribusMetadata docId="1416742" pageId="54954723" pageNr="392" tsid="131084790" status="IN_PROGRESS" userId="64420" imgUrl="https://files.transkribus.eu/Get?id=FCPQPVNTFOBSUQUBCSOQYDNG&amp;fileType=view" xmlUrl="https://files.transkribus.eu/Get?id=GBNYHOLNEOSQHAIKAVHIVZYG" imageId="44458448"/>
    </Metadata>
    <Page imageFilename="1416742_0392.jpg" imageWidth="2183" imageHeight="3544">
        <ReadingOrder>
            <OrderedGroup id="ro_1711827327747" caption="Regions reading order">
                <RegionRefIndexed index="0" regionRef="tr_1"/>
            </OrderedGroup>
        </ReadingOrder>
        <TextRegion id="tr_1" custom="readingOrder {index:0;}">
            <Coords points="644,299 1907,299 1907,1813 644,1813"/>
            <TextLine id="tr_1_tl_1" custom="readingOrder {index:0;}">
                <Coords points="1203,383 1216,384 1235,402 1282,397 1308,380 1333,397 1359,398 1359,296 1285,306 1258,290 1247,300 1230,286 1203,286"/>
                <Baseline points="1212,352 1256,352 1301,349 1346,352 1361,352"/>
                <TextEquiv>
                    <Unicode>212</Unicode>
                </TextEquiv>
            </TextLine>
            <TextLine id="tr_1_tl_2" custom="readingOrder {index:1;}">
                <Coords points="1031,461 1059,467 1067,461 1090,467 1159,461 1184,480 1202,482 1219,474 1222,384 1197,383 1186,391 1166,378 1147,394 1109,400 1093,392 1032,394"/>
                <Baseline points="1039,450 1044,447 1089,450 1134,450 1179,447 1224,444"/>
                <TextEquiv>
                    <Unicode>204</Unicode>
                </TextEquiv>
            </TextLine>
            <TextLine id="tr_1_tl_3" custom="readingOrder {index:2;}">
                <Coords points="656,935 1161,908 1261,932 1322,902 1362,910 1363,849 1316,831 1175,852 1108,825 911,875 769,868 659,819"/>
                <Baseline points="665,916 695,913 740,910 785,910 830,907 874,907 919,907 964,907 1009,904 1053,901 1098,898 1143,898 1188,898 1233,895 1277,895 1322,895 1367,895"/>
                <TextEquiv>
                    <Unicode>sichtiger, es so zu machen.</Unicode>
                </TextEquiv>
            </TextLine>
            <TextLine id="tr_1_tl_4" custom="readingOrder {index:3;}">
                <Coords points="748,1029 1136,991 1818,1002 1820,940 1627,910 1246,954 990,908 750,969"/>
                <Baseline points="758,1006 794,1003 838,1006 883,1003 928,1000 973,997 1018,994 1062,994 1107,991 1152,991 1197,988 1242,988 1286,985 1331,985 1376,985 1421,982 1465,985 1510,982 1555,982 1600,982 1645,979 1689,976 1734,976 1779,976 1824,973"/>
                <TextEquiv>
                    <Unicode>Den „Medardus“ habe ich noch nicht zu Ende</Unicode>
                </TextEquiv>
            </TextLine>
            <TextLine id="tr_1_tl_5" custom="readingOrder {index:4;}">
                <Coords points="634,1144 778,1097 1183,1112 1592,1075 1774,1103 1777,1017 929,1059 839,1023 637,1065"/>
                <Baseline points="644,1101 659,1098 704,1095 749,1095 794,1092 838,1092 883,1089 928,1089 973,1086 1018,1083 1062,1080 1107,1080 1152,1080 1197,1080 1242,1077 1286,1077 1331,1077 1376,1077 1421,1077 1465,1074 1510,1074 1555,1071 1600,1071 1645,1068 1689,1068 1734,1065 1779,1065"/>
                <TextEquiv>
                    <Unicode>gelesen; was ich bisher davon kenne, hat mich</Unicode>
                </TextEquiv>
            </TextLine>
            <TextLine id="tr_1_tl_6" custom="readingOrder {index:5;}">
                <Coords points="638,1216 1370,1225 1641,1164 1766,1205 1882,1181 1884,1104 640,1144"/>
                <Baseline points="647,1194 677,1191 722,1188 767,1185 812,1185 856,1182 901,1179 946,1179 991,1176 1036,1176 1080,1173 1125,1173 1170,1173 1215,1170 1259,1170 1304,1170 1349,1167 1394,1167 1439,1164 1483,1167 1528,1164 1573,1164 1618,1164 1663,1161 1707,1161 1752,1161 1797,1158 1842,1155 1886,1158"/>
                <TextEquiv>
                    <Unicode>entzückt. Es ist mir aber nicht verständlich, wie</Unicode>
                </TextEquiv>
            </TextLine>
            <TextLine id="tr_1_tl_7" custom="readingOrder {index:6;}">
                <Coords points="645,1316 980,1277 1087,1307 1813,1288 1903,1253 1904,1214 1081,1195 935,1242 646,1231"/>
                <Baseline points="653,1280 698,1280 743,1277 788,1274 833,1274 877,1274 922,1271 967,1271 1012,1268 1056,1268 1101,1265 1146,1265 1191,1262 1236,1262 1280,1259 1325,1259 1370,1259 1415,1256 1459,1256 1504,1256 1549,1253 1594,1253 1639,1253 1683,1253 1728,1250 1773,1250 1818,1248 1863,1248 1907,1245"/>
                <TextEquiv>
                    <Unicode>Sie bei der Anlage des Werkes den Umfang auf einen</Unicode>
                </TextEquiv>
            </TextLine>
            <TextLine id="tr_1_tl_8" custom="readingOrder {index:7;}">
                <Coords points="645,1404 949,1365 1804,1379 1859,1373 1862,1300 1732,1274 1104,1327 646,1318"/>
                <Baseline points="653,1373 698,1370 743,1367 788,1367 833,1364 877,1361 922,1361 967,1358 1012,1358 1056,1358 1101,1358 1146,1355 1191,1355 1236,1352 1280,1352 1325,1349 1370,1349 1415,1349 1459,1346 1504,1346 1549,1346 1594,1343 1639,1343 1683,1343 1728,1340 1773,1340 1818,1340 1863,1337"/>
                <TextEquiv>
                    <Unicode>Theaterabend reduzieren wollen. Durch die Presse</Unicode>
                </TextEquiv>
            </TextLine>
            <TextLine id="tr_1_tl_9" custom="readingOrder {index:8;}">
                <Coords points="643,1511 1090,1456 1699,1506 1774,1479 1777,1387 1184,1387 918,1426 646,1404"/>
                <Baseline points="653,1465 659,1468 704,1462 749,1459 794,1459 838,1457 883,1454 928,1454 973,1451 1018,1451 1062,1448 1107,1448 1152,1448 1197,1445 1242,1445 1286,1442 1331,1442 1376,1439 1421,1439 1465,1439 1510,1439 1555,1436 1600,1436 1645,1436 1689,1436 1734,1433 1779,1436"/>
                <TextEquiv>
                    <Unicode>gehen die sunderlichsten Nachrichten darüber.</Unicode>
                </TextEquiv>
            </TextLine>
            <TextLine id="tr_1_tl_10" custom="readingOrder {index:9;}">
                <Coords points="772,1578 1112,1544 1189,1567 1225,1541 1344,1561 1348,1490 1286,1504 1247,1479 1202,1481 1090,1509 1026,1484 933,1511 853,1486 775,1495"/>
                <Baseline points="782,1555 812,1552 856,1546 901,1546 946,1543 991,1543 1036,1540 1080,1540 1125,1537 1170,1537 1215,1534 1259,1534 1304,1531 1349,1531"/>
                <TextEquiv>
                    <Unicode>Mit herzlichen Grüssen</Unicode>
                </TextEquiv>
            </TextLine>
            <TextLine id="tr_1_tl_11" custom="readingOrder {index:10;}">
                <Coords points="1340,1642 1428,1633 1489,1649 1542,1638 1569,1647 1608,1622 1649,1646 1704,1619 1707,1512 1652,1511 1586,1539 1536,1509 1410,1545 1341,1537"/>
                <Baseline points="1349,1624 1394,1624 1439,1621 1483,1621 1528,1621 1573,1621 1618,1621 1663,1618 1707,1618"/>
                <TextEquiv>
                    <Unicode>Ihr ergebener</Unicode>
                </TextEquiv>
            </TextLine>
            <TextLine id="tr_1_tl_12" custom="readingOrder {index:11;}">
                <Coords points="1230,1895 1291,1898 1368,1835 1464,1792 1530,1813 1691,1806 1683,1688 1597,1679 1548,1710 1415,1638 1321,1627 1252,1653 1213,1646"/>
                <Baseline points="1230,1773 1274,1776 1319,1776 1364,1779 1409,1782 1454,1785 1498,1791 1543,1794 1588,1797 1633,1797 1677,1803 1695,1803"/>
                <TextEquiv>
                    <Unicode>S. Fischer</Unicode>
                </TextEquiv>
            </TextLine>
        </TextRegion>
    </Page>
</PcGts>
