2791 3544
670 364 2032 594 S. Fischer, Verlag, Berlin M., Bülowstrasse 90.
1349 505 1653 606 24/6. 1912
865 883 1628 1047 Herrn Dr. Arthur Schnitzler
1585 991 1744 1130 Wien
753 1130 1299 1285 Lieber Herr Dekter.
941 1218 2365 1401 Miss Kausar übermittelt mir das Anerbieten von Amen.
778 1293 2356 1473 Vielleicht könnte man die Garantie von 200 auf 250 Dellars
780 1419 2412 1560 erhöhen. Ich würde verschlagen, zuzugreifen, was man dert an
786 1487 2447 1663 Garantie bekennt, ist jedenfalls sicher. Das wäre ja auch die
788 1568 2394 1744 Gelegenheit, wo wir zur Bedingung stellen könnten, dass die
796 1659 2460 1856 Uebersetzung von Granville Bärker zur Verwendung kommt. Bitte
805 1765 2145 1959 sogleich um Bescheid und Rücksendung der Anlagen.
972 1808 2443 2005 Wegen der Auflagenzahl der Theaterstücke habe ich noch
811 1936 2371 2120 keine Verfügung getroffen. Bis das Werk in den Buchhandel
809 2038 2069 2228 kommt, wird ja immerhin Ende September werden.
989 2089 2433 2263 Aus Triest schreibt mir ein Herr Sestan, dass Ricardi
830 2176 2373 2363 drei Werke von Ihnen erworben hat, für die sich eine Auf-
838 2286 2478 2474 führungsmöglichkeit bisher nicht gebeten hat; er möchte gern
840 2338 2474 2565 noch einige andere Werke von Ihnen erwerben. Bitte schreiben
846 2472 2234 2654 Sie mir, welche Werke Sie Ricardi überlassen haben.
1010 2520 2532 2731 Da ich nicht weiss, was Sie mit Bauer in Paris abgemacht
846 2644 2160 2824 haben, lege ich die Anfrage aus Frankreich bei.
1245 2739 1825 2919 Mit herzlichen Grüsse
1827 2909 2187 3113 Fischer
