2944 3608
999 324 1884 540 S. FISCHER, VERLAG
1479 477 2367 633 Datz anfertigen lassen, damit bei
1970 566 2255 644 30/x. 1900
1479 579 2504 719 BERLIN W, DEN
374 607 994 786 TELEPHON: AMT VI, No. 1662.
1541 667 2434 843 Von Mark, und zwar 200 Mark für die
1438 682 1884 781 BÜLÖWSTRASSE 91.
882 677 1269 823 schlagen eine
1015 763 1417 877 Ihnen mitfolge
1679 758 2346 921 bei" und 200 Mark für die
906 830 2481 1056 der zweiten Auflage von „Vermächtnis“ und bitte um gelegent-
895 833 1658 1009 Herrn Dr. Arthur Schnitzler
1674 960 1835 1061 Wien.
1082 1056 1238 1137 G.F.P.F:
913 1072 1817 1259 Lieber Herr Doktor! esten Grüssen
1513 1139 1835 1253 Ihr ergebenen
657 1147 2502 1370 Ich bestätige den Empfang der „Bertha Garlan.“ Ich freue mich sehr,
555 1230 2574 1456 dass Sie noch tüchtige Striche gemacht haben; im Anfang scheinen mir diese
563 1399 1762 1573 Striche besonders notwendig gewesen zu sein.
644 1432 2621 1635 Es wird nicht gehen, dass wir Ihnen diecorrecturen auf einmal schicken,
571 1515 2603 1726 die Druckerei, die die Neue deutsche Rundschau druckt, kann so viel Schrift
579 1604 2611 1811 auf 3 Monate im Voraus nicht festlegen, denn Ihre Erzählung wird durch 3
1477 1733 1702 1822 assez
934 1762 1409 1884 cheinen zu
750 1731 2608 2011 Bezüglich der Buchausgabe bitte ich zur Kenntnis zu nehmen, dass ich
589 1793 976 1931 Hefte gehen.
599 1876 2618 2092 zwei Auflagen à 1150 Exemplare drucken werde. Zur Verrechnung gelangen je
610 1988 2566 2201 1000 Exemplare mit einem Honorar von 20 % vom Ladenpreise des Exemplars.
2338 2022 2496 2079 d'une
618 2029 2600 2258 Für eine Auflage ist das Honorar im Voraus bei Erscheinen fällig, für die
623 2138 2642 2348 zweite Auflage, nachdem die erste verkauft ist. Von jeder Auflase erhalten
633 2216 2688 2437 Sie 10 broschierte und 10 gebundene Freiexemplare. Den Ladenpreis werden wir
644 2320 2696 2522 wohl auf 3 Mark feststellen; Genaueres darüber werde ich mir erlauben Ihnen
644 2419 2247 2637 vorzuschlagen, sobald der Bogenumfang des Buches feststeht.
747 2470 2642 2688 Es freut mich, Ihnen bei dieser Gelegenheit mitteilen zu können, dass
646 2541 2740 2797 ich eine neue Auflage (die zweite) von „Vernächtnis“ vorbereite. Gleichzeitig
659 2668 2569 2899 lasse ich auch „Liebelei“ in einer neuen Auflage (der vierten) setzen.
670 2787 2608 2992 Lassen Sie mich freundl. wissen, ob Sie die Carrecturen selbst zu lesen
677 2865 2618 3098 wünschen. Ich würde eventl. für zuverlässige Durchsicht deréerecturen
2421 3010 2691 3205 tigkeit.
690 3023 2169 3259 oder wünschen Sie es in diesem
708 3143 1941 3329 gleich für beide Auflagen? Bei
