2633 3497
1414 215 1607 303 212
1217 411 1354 551 158
769 518 2033 634 S. FISCHER,VERLAG, BERLIN-W., BÜLOUSTR. 90
1302 708 2001 831 BERene W., DEN 14. Nov. 07
1673 818 1840 922 14. No
1896 814 1980 896 07
1662 906 1820 1006 G.C.P
916 1019 1628 1152 Herrn Dr. Arthur Schnitzler
1600 1152 1883 1240 Wien XVIII
1505 1215 1870 1310 Spöttelgasse 7
859 1352 1359 1497 Lister Kere Doktor.
969 1510 2078 1627 es hat natürlich etwas sehr Missliches, Kür-
841 1610 2086 1715 zu sachen, ohne das ganze Werk zu
1250 1670 1349 1713 O
836 1682 2120 1818 können. Ich habe wir das selbst gesagt und ich war
841 1782 2110 1880 sehr zaghaft bei einigen Strichen, die ich mir er-
837 1861 2155 1978 lenst xxx vom unsiten Kapitel an anzumerken. Sicher
841 1956 2091 2101 sind es mit den ersten Kapitel nicht anders sein.
831 2045 2169 2148 Da aber xxx xxx zweite Kapitel nicht sehr stark
811 2155 2056 2263 schien, xxx wir geglaubt, die Streichung des
832 2246 2148 2339 Kersten Kapitalt-verschlager zu können, weil uns das
829 2328 2125 2441 näpile in der irträchtetur des Gassen nicht entbehr¬
829 2429 2103 2544 Hod unddes. Sie übersehen des ja viel besser und
829 2512 2056 2667 xyz wie die erste Kmitel sich
