2646 3559
878 356 1754 542 Hugo Gebers Förlag
1320 642 2328 773 Stockholm den 8. April 1911
283 667 998 810 Riks 1592. Allm. 51 49
306 763 948 898 Telegramadress: Gebers
429 971 913 1114 Herrn. S. Fischer
853 1071 1059 1197 Verlag
876 1162 1327 1287 Bülowstrasse 90
933 1242 1375 1365 BerlinW.
534 1410 2333 1588 Eben gestern finden wir zu unser grossen Verwunderung in hiesigen
321 1543 2333 1676 Zeitungen angezeigt, dass die Firma Albert Bonnier in Stockholm bald eine
321 1616 2290 1789 schwedische Übersetzung von Schnitzlers “Der Weg ins Freie“ publizieren
334 1718 2296 1869 werde. Da diese Sache uns, die neuligst das Übersetzungsrecht von Ihnen
329 1816 2303 1967 erworben hatten, unerklärlich war, traten wir mit Albert Bonnier in Ver-
339 1899 2268 2030 bindung. Diese hat uns dann eine Abschrift einer Ubereinkunft zwischen
341 1964 2358 2112 Gyldendalske Boghandel Nordisk Forlag in Köpenhamn und Dr. Arthur Schnitz-
344 2037 2308 2223 ler übersendet, woraus hervorgeht, dass Dr. Schnitzler schon den 22 Dec.
354 2155 2240 2293 1909 dieser Firma nicht nur das dänische und norwegische sondern auch
354 2215 2215 2388 das schwedische Übersetzungsrecht überträgt hat. Eine gleichlautende
341 2366 1159 2499 Abschrift schliessen wir bei.
572 2406 2378 2561 Wie Sie sehen ist das für uns eine sehr unangenehme Sache und bit-
366 2484 2361 2634 ten wir um Ihre Erklärung darüber, aber machen wir Ihnen schon jetzt dar-
366 2587 2253 2740 auf aufmerksam, dass wir uns nicht mit einer Rücksendung des Honorars
371 2725 825 2840 begnügen lassen.
1601 2727 2080 2883 Hochachtungsvoll
1676 2757 2346 3046 Stage übers Fertag
389 3021 682 3169 1 Beilage.
