<?xml version="1.0" encoding="UTF-8" standalone="yes"?>
<PcGts xmlns="http://schema.primaresearch.org/PAGE/gts/pagecontent/2013-07-15" xmlns:xsi="http://www.w3.org/2001/XMLSchema-instance" xsi:schemaLocation="http://schema.primaresearch.org/PAGE/gts/pagecontent/2013-07-15 http://schema.primaresearch.org/PAGE/gts/pagecontent/2013-07-15/pagecontent.xsd">
    <Metadata>
        <Creator>prov=READ-COOP:name=TrHtr:version=2.1.0:model_id=51170:date=26_07_2023_22:27</Creator>
        <Created>2023-05-02T08:09:54.640+02:00</Created>
        <LastChange>2023-07-26T22:27:47.182+02:00</LastChange>
        <TranskribusMetadata docId="1416742" pageId="54954212" pageNr="267" tsid="131084595" status="IN_PROGRESS" userId="64420" imgUrl="https://files.transkribus.eu/Get?id=AZRPKTWGDWZURTOTEHQBFMKA&amp;fileType=view" xmlUrl="https://files.transkribus.eu/Get?id=EVMLWXURUJLVDPFOCMUWIOLN" imageId="44457936"/>
    </Metadata>
    <Page imageFilename="1416742_0267.jpg" imageWidth="2213" imageHeight="3479">
        <ReadingOrder>
            <OrderedGroup id="ro_1711827233239" caption="Regions reading order">
                <RegionRefIndexed index="0" regionRef="tr_2"/>
                <RegionRefIndexed index="1" regionRef="tr_1"/>
            </OrderedGroup>
        </ReadingOrder>
        <TextRegion id="tr_2" custom="readingOrder {index:0;}">
            <Coords points="456,883 1918,883 1918,1707 456,1707"/>
            <TextLine id="tr_2_tl_1" custom="readingOrder {index:0;}">
                <Coords points="480,988 596,1024 1094,969 1183,1002 1296,964 1544,985 1828,955 1829,902 1738,867 1306,910 983,869 738,922 482,876"/>
                <Baseline points="489,969 492,969 537,972 581,969 626,966 671,966 716,960 760,960 805,960 850,957 895,957 939,954 984,954 1029,954 1074,954 1118,951 1163,951 1208,948 1253,948 1297,945 1342,945 1387,945 1432,942 1476,945 1521,945 1566,945 1611,942 1655,942 1700,936 1745,936 1790,933 1834,939"/>
                <TextEquiv>
                    <Unicode>Ihre aukünftigen Drassen den Gepyright-Schutz zu</Unicode>
                </TextEquiv>
            </TextLine>
            <TextLine id="tr_2_tl_2" custom="readingOrder {index:1;}">
                <Coords points="520,1109 859,1064 1670,1057 1809,998 1638,966 1347,1005 910,981 522,1031"/>
                <Baseline points="531,1059 557,1062 602,1059 647,1059 692,1056 736,1056 781,1053 826,1053 871,1053 915,1050 960,1047 1005,1047 1050,1044 1095,1044 1139,1044 1184,1044 1229,1041 1274,1041 1318,1038 1363,1038 1408,1035 1453,1035 1497,1035 1542,1032 1587,1032 1632,1029 1676,1029 1721,1026 1766,1026 1811,1023"/>
                <TextEquiv>
                    <Unicode>xx sichern. Was Miss Kaiser in ihrem Vertrag vor¬</Unicode>
                </TextEquiv>
            </TextLine>
            <TextLine id="tr_2_tl_3" custom="readingOrder {index:2;}">
                <Coords points="503,1175 1857,1147 1892,1057 504,1107"/>
                <Baseline points="513,1148 551,1148 596,1151 641,1148 686,1148 731,1148 775,1148 820,1145 865,1145 910,1142 954,1139 999,1139 1044,1136 1089,1136 1133,1133 1178,1133 1223,1133 1268,1133 1312,1130 1357,1127 1402,1127 1447,1127 1491,1127 1536,1124 1581,1124 1626,1121 1670,1121 1715,1121 1760,1121 1805,1118 1849,1115 1894,1115"/>
                <TextEquiv>
                    <Unicode>alles vorschlägt, ist xxx wesentlichen das, was ich verlangt</Unicode>
                </TextEquiv>
            </TextLine>
            <TextLine id="tr_2_tl_4" custom="readingOrder {index:3;}">
                <Coords points="513,1249 1446,1265 1714,1213 1861,1244 1876,1156 1456,1189 1140,1154 795,1201 636,1161 515,1195"/>
                <Baseline points="522,1241 537,1241 581,1241 626,1241 671,1241 716,1238 760,1238 805,1235 850,1235 895,1232 939,1232 984,1232 1029,1229 1074,1232 1118,1229 1163,1226 1208,1226 1253,1223 1297,1223 1342,1220 1387,1217 1432,1217 1476,1217 1521,1214 1566,1214 1611,1214 1655,1211 1700,1208 1745,1208 1790,1208 1834,1205 1879,1205"/>
                <TextEquiv>
                    <Unicode>enien habe, ist glaube, wir können mit diesen Vereinba-</Unicode>
                </TextEquiv>
            </TextLine>
            <TextLine id="tr_2_tl_5" custom="readingOrder {index:4;}">
                <Coords points="518,1349 1848,1339 1883,1251 520,1292"/>
                <Baseline points="528,1330 546,1330 590,1330 635,1330 680,1327 725,1327 769,1324 814,1324 859,1321 904,1321 948,1321 993,1318 1038,1318 1083,1318 1127,1315 1172,1315 1217,1312 1262,1312 1306,1312 1351,1309 1396,1309 1441,1309 1485,1312 1530,1312 1575,1312 1620,1309 1664,1309 1709,1306 1754,1303 1799,1300 1843,1297 1888,1297"/>
                <TextEquiv>
                    <Unicode>rung durchaus zufrieden sein. Der Vertrag kann in</Unicode>
                </TextEquiv>
            </TextLine>
            <TextLine id="tr_2_tl_6" custom="readingOrder {index:5;}">
                <Coords points="1584,1408 1607,1398 1702,1406 1717,1398 1762,1415 1826,1396 1878,1427 1912,1430 1916,1332 1892,1339 1859,1328 1817,1344 1800,1335 1714,1356 1688,1342 1639,1354 1615,1337 1588,1337"/>
                <Baseline points="1596,1402 1605,1393 1649,1390 1694,1393 1739,1390 1784,1390 1829,1387 1873,1384 1918,1381"/>
                <TextEquiv>
                    <Unicode>Schlägt, natür-</Unicode>
                </TextEquiv>
            </TextLine>
            <TextLine id="tr_2_tl_7" custom="readingOrder {index:6;}">
                <Coords points="1417,1406 1430,1408 1437,1401 1467,1398 1474,1391 1482,1396 1484,1394 1496,1398 1498,1358 1486,1356 1475,1346 1463,1346 1446,1335 1436,1335 1429,1328 1418,1325"/>
                <Baseline points="1426,1405 1456,1390 1501,1401"/>
                <TextEquiv>
                    <Unicode>a.</Unicode>
                </TextEquiv>
            </TextLine>
            <TextLine id="tr_2_tl_8" custom="readingOrder {index:7;}">
                <Coords points="1491,1432 1501,1432 1520,1442 1544,1436 1553,1427 1569,1430 1575,1437 1593,1434 1591,1351 1582,1351 1570,1341 1563,1346 1550,1339 1544,1341 1536,1334 1524,1335 1518,1341 1510,1337 1501,1346 1489,1342"/>
                <Baseline points="1501,1401 1548,1402 1593,1402 1596,1402"/>
                <TextEquiv>
                    <Unicode>H.F.S.</Unicode>
                </TextEquiv>
            </TextLine>
            <TextLine id="tr_2_tl_9" custom="readingOrder {index:8;}">
                <Coords points="1415,1434 1429,1434 1434,1441 1453,1436 1461,1441 1472,1436 1494,1437 1498,1391 1474,1391 1468,1394 1442,1392 1437,1396 1427,1382 1418,1382"/>
                <Baseline points="1426,1405 1456,1411 1501,1401"/>
                <TextEquiv>
                    <Unicode>G.C.H.H</Unicode>
                </TextEquiv>
            </TextLine>
            <TextLine id="tr_2_tl_10" custom="readingOrder {index:9;}">
                <Coords points="1588,1422 1598,1420 1627,1432 1651,1429 1664,1439 1688,1434 1693,1439 1696,1432 1715,1439 1731,1437 1726,1398 1714,1399 1708,1394 1703,1401 1698,1398 1689,1404 1672,1399 1612,1398 1596,1417 1588,1418"/>
                <Baseline points="1596,1402 1638,1420 1682,1420 1727,1423 1733,1426"/>
                <TextEquiv>
                    <Unicode>G.C.H.</Unicode>
                </TextEquiv>
            </TextLine>
            <TextLine id="tr_2_tl_11" custom="readingOrder {index:10;}">
                <Coords points="1173,1415 1218,1408 1273,1408 1278,1335 1261,1335 1252,1330 1223,1347 1209,1361 1201,1360 1187,1344 1178,1344"/>
                <Baseline points="1184,1413 1232,1402 1277,1405 1280,1410"/>
                <TextEquiv>
                    <Unicode>Kawy</Unicode>
                </TextEquiv>
            </TextLine>
            <TextLine id="tr_2_tl_12" custom="readingOrder {index:11;}">
                <Coords points="1270,1441 1299,1434 1311,1448 1322,1444 1330,1449 1366,1436 1382,1446 1423,1451 1423,1347 1380,1349 1370,1339 1323,1320 1309,1328 1270,1327"/>
                <Baseline points="1280,1410 1291,1408 1336,1411 1381,1411 1426,1405"/>
                <TextEquiv>
                    <Unicode>Sr. F.</Unicode>
                </TextEquiv>
            </TextLine>
            <TextLine id="tr_2_tl_13" custom="readingOrder {index:12;}">
                <Coords points="1173,1451 1190,1451 1204,1444 1206,1448 1213,1448 1228,1439 1247,1441 1258,1434 1268,1441 1277,1441 1277,1403 1263,1403 1251,1408 1216,1408 1209,1406 1187,1380 1176,1379"/>
                <Baseline points="1184,1413 1232,1423 1280,1410"/>
                <TextEquiv>
                    <Unicode>G.H.F.P.</Unicode>
                </TextEquiv>
            </TextLine>
            <TextLine id="tr_2_tl_14" custom="readingOrder {index:13;}">
                <Coords points="480,1446 682,1434 746,1472 788,1444 883,1436 926,1463 1069,1432 1088,1448 1138,1429 1140,1346 914,1372 846,1346 807,1372 650,1365 610,1391 482,1399"/>
                <Baseline points="492,1423 516,1423 560,1423 605,1420 650,1420 695,1417 739,1417 784,1417 829,1414 874,1414 918,1417 963,1420 1008,1414 1053,1414 1098,1414 1144,1413"/>
                <TextEquiv>
                    <Unicode>da in der Gestalt, wie Ni</Unicode>
                </TextEquiv>
            </TextLine>
            <TextLine id="tr_2_tl_15" custom="readingOrder {index:14;}">
                <Coords points="1316,1527 1361,1531 1404,1503 1593,1534 1689,1494 1892,1513 1893,1425 1869,1420 1679,1449 1572,1434 1320,1449"/>
                <Baseline points="1327,1497 1372,1491 1417,1488 1462,1488 1506,1485 1551,1485 1596,1482 1641,1482 1685,1482 1730,1482 1775,1482 1820,1479 1864,1473 1897,1470"/>
                <TextEquiv>
                    <Unicode>ich habe einige Aen-</Unicode>
                </TextEquiv>
            </TextLine>
            <TextLine id="tr_2_tl_16" custom="readingOrder {index:15;}">
                <Coords points="446,1527 536,1551 599,1524 1323,1498 1323,1456 1273,1437 1085,1441 1045,1467 903,1441 750,1474 700,1444 447,1465"/>
                <Baseline points="456,1515 477,1518 522,1515 566,1515 611,1512 656,1509 701,1509 745,1506 790,1506 835,1503 880,1500 924,1500 969,1500 1014,1497 1059,1497 1103,1491 1148,1491 1193,1491 1238,1491 1282,1491 1327,1497"/>
                <TextEquiv>
                    <Unicode>die sich nicht angenommen werde.</Unicode>
                </TextEquiv>
            </TextLine>
            <TextLine id="tr_2_tl_17" custom="readingOrder {index:16;}">
                <Coords points="670,1563 1009,1537 1232,1550 1322,1529 1323,1494 1132,1515 845,1510 713,1537 672,1524"/>
                <Baseline points="680,1554 707,1554 751,1548 796,1542 841,1536 886,1536 930,1533 975,1530 1020,1530 1065,1533 1109,1533 1154,1533 1199,1530 1244,1524 1288,1518 1327,1497"/>
                <TextEquiv>
                    <Unicode>lʼaude ettävättä</Unicode>
                </TextEquiv>
            </TextLine>
            <TextLine id="tr_2_tl_18" custom="readingOrder {index:17;}">
                <Coords points="662,1626 819,1655 1379,1589 1429,1617 1897,1593 1899,1520 663,1563"/>
                <Baseline points="671,1602 692,1602 736,1602 781,1602 826,1602 871,1599 915,1596 960,1593 1005,1590 1050,1590 1095,1590 1139,1587 1184,1584 1229,1584 1274,1584 1318,1581 1363,1581 1408,1578 1453,1578 1497,1578 1542,1575 1587,1575 1632,1572 1676,1572 1721,1569 1766,1572 1811,1569 1855,1569 1900,1566"/>
                <TextEquiv>
                    <Unicode>derungen an den Rand den Uebersetzung notiert, die</Unicode>
                </TextEquiv>
            </TextLine>
            <TextLine id="tr_2_tl_19" custom="readingOrder {index:18;}">
                <Coords points="523,1729 821,1752 1567,1686 1657,1715 1824,1689 1828,1605 1458,1624 1365,1589 1211,1636 525,1662"/>
                <Baseline points="534,1697 578,1694 623,1694 668,1694 713,1691 757,1691 802,1688 847,1685 892,1685 936,1685 981,1682 1026,1682 1071,1679 1115,1679 1160,1676 1205,1676 1250,1676 1294,1676 1339,1673 1384,1673 1429,1670 1473,1667 1518,1667 1563,1664 1608,1661 1652,1661 1697,1661 1742,1658 1787,1658 1831,1658"/>
                <TextEquiv>
                    <Unicode>### in Ihren Interesse noch durchsetzen möchte.</Unicode>
                </TextEquiv>
            </TextLine>
        </TextRegion>
        <TextRegion id="tr_1" custom="readingOrder {index:1;}">
            <Coords points="677,1695 1975,1695 1975,2790 677,2790"/>
            <TextLine id="tr_1_tl_1" custom="readingOrder {index:0;}">
                <Coords points="829,1823 1062,1785 1230,1823 1551,1760 1791,1776 1928,1755 1930,1691 833,1734"/>
                <Baseline points="841,1781 859,1778 904,1778 948,1775 993,1775 1038,1775 1083,1769 1127,1769 1172,1769 1217,1766 1262,1763 1306,1763 1351,1760 1396,1757 1441,1757 1485,1757 1530,1754 1575,1754 1620,1754 1664,1751 1709,1751 1754,1748 1799,1748 1843,1745 1888,1745 1933,1745"/>
                <TextEquiv>
                    <Unicode>Zu dem letzten Rassus in dem Briefe von Miss</Unicode>
                </TextEquiv>
            </TextLine>
            <TextLine id="tr_1_tl_2" custom="readingOrder {index:1;}">
                <Coords points="665,1904 1795,1890 1912,1866 1916,1791 669,1833"/>
                <Baseline points="677,1873 710,1873 754,1870 799,1870 844,1867 889,1867 933,1867 978,1864 1023,1864 1068,1861 1112,1858 1157,1858 1202,1855 1247,1855 1291,1855 1336,1852 1381,1849 1426,1846 1470,1846 1515,1846 1560,1843 1605,1843 1649,1843 1694,1840 1739,1837 1784,1837 1829,1834 1873,1834 1918,1834"/>
                <TextEquiv>
                    <Unicode>Käuser ist zu bemerken, dass offenbar Miss Achwell</Unicode>
                </TextEquiv>
            </TextLine>
            <TextLine id="tr_1_tl_3" custom="readingOrder {index:2;}">
                <Coords points="675,2006 1696,1981 1880,1945 1883,1864 677,1928"/>
                <Baseline points="686,1966 722,1963 766,1963 811,1960 856,1960 901,1960 945,1957 990,1954 1035,1951 1080,1951 1124,1951 1169,1948 1214,1948 1259,1945 1303,1945 1348,1945 1393,1942 1438,1939 1482,1939 1527,1936 1572,1933 1617,1930 1661,1930 1706,1930 1751,1930 1796,1927 1840,1924 1885,1927"/>
                <TextEquiv>
                    <Unicode>eine englische Uebersetzung von „Liebelei“ selbst</Unicode>
                </TextEquiv>
            </TextLine>
            <TextLine id="tr_1_tl_4" custom="readingOrder {index:3;}">
                <Coords points="665,2090 952,2052 1059,2090 1164,2057 1208,2092 1448,2037 1558,2073 1724,2026 1836,2042 1840,1976 669,2006"/>
                <Baseline points="677,2055 680,2055 725,2052 769,2052 814,2049 859,2049 904,2046 948,2046 993,2043 1038,2043 1083,2043 1127,2040 1172,2037 1217,2037 1262,2034 1306,2034 1351,2031 1396,2031 1441,2028 1485,2028 1530,2025 1575,2025 1620,2022 1664,2022 1709,2019 1754,2019 1799,2019 1843,2016"/>
                <TextEquiv>
                    <Unicode>anfertigen will, falls sie die Autorisation für</Unicode>
                </TextEquiv>
            </TextLine>
            <TextLine id="tr_1_tl_5" custom="readingOrder {index:4;}">
                <Coords points="675,2189 976,2154 1175,2201 1259,2146 1823,2165 1854,2061 1341,2097 910,2056 679,2095"/>
                <Baseline points="686,2145 692,2145 736,2145 781,2142 826,2139 871,2136 915,2136 960,2133 1005,2133 1050,2133 1095,2130 1139,2130 1184,2127 1229,2127 1274,2124 1318,2124 1363,2121 1408,2121 1453,2121 1497,2118 1542,2118 1587,2118 1632,2115 1676,2115 1721,2112 1766,2112 1811,2109 1855,2109"/>
                <TextEquiv>
                    <Unicode>England nicht bekommt. Denn auch in England ist</Unicode>
                </TextEquiv>
            </TextLine>
            <TextLine id="tr_1_tl_6" custom="readingOrder {index:5;}">
                <Coords points="675,2287 973,2280 1102,2230 1467,2254 1753,2208 1881,2241 1883,2159 677,2190"/>
                <Baseline points="686,2237 725,2237 769,2234 814,2234 859,2231 904,2228 948,2228 993,2225 1038,2225 1083,2222 1127,2222 1172,2222 1217,2219 1262,2219 1306,2216 1351,2213 1396,2213 1441,2210 1485,2210 1530,2207 1575,2207 1620,2204 1664,2204 1709,2201 1754,2201 1799,2201 1843,2198 1888,2198"/>
                <TextEquiv>
                    <Unicode>„Liebelei“ ja frei, weil schon mehr als 10 Jahre</Unicode>
                </TextEquiv>
            </TextLine>
            <TextLine id="tr_1_tl_7" custom="readingOrder {index:6;}">
                <Coords points="686,2334 1049,2367 1866,2336 1867,2237 688,2285"/>
                <Baseline points="695,2324 707,2324 751,2321 796,2321 841,2318 886,2318 930,2318 975,2315 1020,2315 1065,2312 1109,2312 1154,2312 1199,2309 1244,2306 1288,2306 1333,2303 1378,2303 1423,2300 1467,2300 1512,2300 1557,2297 1602,2297 1647,2297 1691,2294 1736,2294 1781,2291 1826,2291 1870,2288"/>
                <TextEquiv>
                    <Unicode>verstrichen sind, seitdem das Werk in deutscher</Unicode>
                </TextEquiv>
            </TextLine>
            <TextLine id="tr_1_tl_8" custom="readingOrder {index:7;}">
                <Coords points="672,2453 1061,2453 1379,2403 1607,2450 1852,2394 1855,2327 1202,2368 995,2339 674,2384"/>
                <Baseline points="683,2416 695,2413 739,2416 784,2413 829,2413 874,2410 918,2407 963,2407 1008,2404 1053,2404 1098,2404 1142,2401 1187,2401 1232,2398 1277,2398 1321,2395 1366,2392 1411,2392 1456,2389 1500,2389 1545,2386 1590,2386 1635,2386 1679,2383 1724,2383 1769,2383 1814,2380 1858,2383"/>
                <TextEquiv>
                    <Unicode>Sprache erschienen ist. Niss Kaiser spricht in</Unicode>
                </TextEquiv>
            </TextLine>
            <TextLine id="tr_1_tl_9" custom="readingOrder {index:8;}">
                <Coords points="670,2514 1240,2541 1316,2496 1491,2531 1779,2474 1933,2517 1954,2417 672,2453"/>
                <Baseline points="680,2506 704,2509 748,2506 793,2503 838,2503 883,2500 927,2497 972,2497 1017,2497 1062,2494 1106,2494 1151,2494 1196,2491 1241,2488 1285,2485 1330,2485 1375,2485 1420,2482 1464,2482 1509,2482 1554,2479 1599,2479 1644,2476 1688,2476 1733,2473 1778,2473 1823,2470 1867,2470 1912,2467 1957,2467"/>
                <TextEquiv>
                    <Unicode>ihrem Brief davon, dass Ihre Briefe an Miss Gelbren</Unicode>
                </TextEquiv>
            </TextLine>
            <TextLine id="tr_1_tl_10" custom="readingOrder {index:9;}">
                <Coords points="677,2652 865,2602 1636,2612 1949,2574 1950,2512 681,2558"/>
                <Baseline points="689,2601 701,2598 745,2595 790,2592 835,2592 880,2592 924,2589 969,2586 1014,2586 1059,2586 1103,2583 1148,2583 1193,2583 1238,2580 1282,2577 1327,2577 1372,2574 1417,2574 1462,2571 1506,2571 1551,2568 1596,2568 1641,2565 1685,2565 1730,2563 1775,2563 1820,2560 1864,2560 1909,2557 1954,2554"/>
                <TextEquiv>
                    <Unicode>schuld daran seien, dass sich nicht sehr für die¬</Unicode>
                </TextEquiv>
            </TextLine>
            <TextLine id="tr_1_tl_11" custom="readingOrder {index:10;}">
                <Coords points="677,2740 864,2681 997,2729 1220,2690 1398,2719 1510,2669 1926,2681 1971,2672 1973,2603 681,2648"/>
                <Baseline points="689,2691 722,2688 766,2688 811,2685 856,2682 901,2682 945,2679 990,2676 1035,2676 1080,2676 1124,2673 1169,2673 1214,2670 1259,2670 1303,2667 1348,2667 1393,2664 1438,2664 1482,2661 1527,2661 1572,2658 1617,2658 1661,2655 1706,2655 1751,2652 1796,2652 1840,2649 1885,2649 1930,2649 1975,2649"/>
                <TextEquiv>
                    <Unicode>belei" erzielen liesse. Hier handelt es sich effen-</Unicode>
                </TextEquiv>
            </TextLine>
            <TextLine id="tr_1_tl_12" custom="readingOrder {index:11;}">
                <Coords points="701,2793 890,2824 1004,2774 1270,2812 1384,2773 1522,2811 1650,2769 1859,2771 1862,2655 1696,2709 1265,2697 795,2757 703,2733"/>
                <Baseline points="713,2780 745,2777 790,2780 835,2774 880,2774 924,2771 969,2771 1014,2768 1059,2768 1103,2765 1148,2768 1193,2762 1238,2762 1282,2759 1327,2759 1372,2756 1417,2756 1462,2756 1506,2753 1551,2753 1596,2750 1641,2750 1685,2747 1730,2747 1775,2747 1820,2745 1864,2742"/>
                <TextEquiv>
                    <Unicode>bar um die Briefe, die Miss Colbren vergibt en-</Unicode>
                </TextEquiv>
            </TextLine>
        </TextRegion>
    </Page>
</PcGts>
