2631 3192
1258 192 1415 293 269
544 270 1931 432 S. Fischer, Verlag, Berlin W., Bülowstrasse 9o
1450 345 2060 500 den 23. Februar 1912
662 706 795 786 Sebr:
589 744 1412 913 Herrn Dr. Arthur Schnitzler
1408 840 1551 955 Wien
568 950 730 1070 Monsieur
382 1058 948 1180 Lieber Herr Doktor,
561 1107 2149 1290 wir werden nun also mit dem Satz der erzählenden Schriften
408 1192 2217 1380 beginnen. Ich schicke Ihnen morgen eine Satzpröbe Ih deutscher und
413 1300 2137 1483 Antiqua-Schrift. Wir werden uns mit dem Satz beeilen müssen, um
415 1363 2304 1570 rechtzeitig fertig zu werden, denn ich lege doch Gewicht darauf, dass
422 1473 2259 1678 die erste Abteilung der erzählenden Schriften im Mai erscheint. Die
425 1572 2304 1767 zweite Abteilung, Theaterstücke, kann dann erst im Herbst erscheinen.
429 1624 2316 1821 Ich denke, dass wir jede der Abteilungen einzeln zu 10 Mark verkaufen
443 1739 2276 1926 werden, um den Bezug der "Gesammelten Werke", die im ganzen 20 Mark
443 1865 1624 2051 kosten werden, dem Publikum zu erleichtern.
619 1976 1366 2126 Der Titel wird also lauten:
828 2039 1872 2177 Gesammelte Werke von Arthur Schnitzler
1058 2152 1389 2259 in 6 Bänden
868 2215 1816 2351 I. Abteilung: Erzählende Schriften
880 2311 1652 2461 II.Abteilung: Theaterstücke.
631 2332 2243 2543 Eine kleine Vorrede, die Salten gewiss gern schreiben wird,
476 2447 2344 2623 hätte ich dem Werke gern verangeschickt. Auch möchte sich ein Porträt
479 2546 2349 2736 reproduzieren; vielleicht xxx Sie mir die in Frage stehende Radie-
479 2698 1469 2823 rung zur Einsichtnahme zuschicken.
636 2710 2299 2916 Ich glaube nicht, ob Sie sich auf eine Durchsicht Ihrer Verkeiten
