2763 3624
1926 430 2184 552 Blatt 2
564 373 1226 578 VERLAG, BERLIN,
418 752 932 893 durchführen lässt.
566 831 2149 949 Ich schicke Ihnen zwei Satzproben; ich denke, wie werden
418 923 2086 1036 die mit I bezeichnete grössere Schrift des grönseren Umfangs
418 1026 2252 1137 wegen wählen müssen. Es ist eine alte schöne holländische Antiqua-
427 1097 2271 1207 schrift, mit der Sie wohl einverstanden sein werden. Um keine Zeit
427 1203 2252 1329 zu verlieren, bitte ich um eine Depesche. Wir werden ein stärkeres
423 1292 2252 1407 Papier nehmen müssen und die Qualität des Materials so gut gestal-
430 1374 1992 1482 ten, wie es sich mit der Kalkulation irgendwie verträgt.
594 1463 2210 1597 Veranlassen Sie bitte jedenfalls, dass Prof. Schmutzer mit
427 1543 2318 1672 der Herstellung der Radierungen beginnt, damit wir in etwa 3 Wochen
432 1658 2184 1773 2000 Exemplare in Leipzig vorfinden. Die Sendung soll an die
425 1762 1952 1865 Spamersche Buchdruckerei in Leipzig adressiert werden.
963 1848 1621 1975 Mit herzlichen Grüssen
1576 1935 1698 2039 Ihr
1578 2018 2130 2224 Fisstier
