2119 3544
1104 483 1259 662 289
555 629 1851 758 S. IS CHER,VERLAG, BERLIN W., BÜLowSTR. 90
941 726 1441 820 THEATERABTEILUNG
1117 886 1812 1009 BERene W., DEN 24. Juli 18.
776 1154 1546 1280 Herrn Dr. Arthur Schnitzler
1494 1235 1670 1393 Wien
942 1462 1501 1596 Sehr geehrter Herrt
925 1646 1891 1817 An Herrn A. Sestan, Triest, hatten
686 1786 1890 1903 wir geschrieben, dass wir bereit wären, den
679 1857 1846 1985 italientechen Verleger Rigmardi, Rom, das
683 1920 1907 2043 Becht der Aufführung Ihrer Stücke in Italie-
686 2035 1846 2159 nischer Sprache gegen Vorausbezahlung von
686 2141 1983 2235 mindestens je 300 Lira & conto der zu teilenden
686 2212 1962 2324 Einnahmen zu übertragen. Von Herrn Seaton, re-
707 2296 1983 2411 spektive Blocardi haben wir noch keine Antwort,
699 2395 1943 2527 glauben aber, dass sie in den nächsten Tagen
699 2496 1943 2611 eintreffen wird. Wir werden Ihnen dann sofort
696 2579 1172 2722 Nachricht geben.
