3230 3658
1284 376 1373 458 32.
803 406 2209 568 S. Fischer, Verlag, Berlin W., Bülowstrasse 90
1548 549 1847 661 16/6. 1913
919 837 1687 962 Herrn Dr. Arthur Schnitsler
1788 930 1965 1047 Wien
705 1094 1247 1224 Lieber Herr Doktor.
816 1172 2428 1311 ich sende Ihnen hier zwei Rechtsgutachten des Syndikus des
711 1277 2508 1416 Deutschen Verlegervereins über den Schutz Ihrer Dramen in England
716 1395 2453 1482 Das erste Gutachten vom 2. Mai war mir nicht ganz klar, aus dem
716 1477 2428 1598 zweiten vom 28. Mai ergibt sich aber zweifellos, dass Sie auch
711 1585 2501 1701 mit denjenigen Werken, die schon seit mehr als 10 Jahren erschie-
720 1676 2458 1762 nen sind, in England geschützt sind. Bitte senden Sie mir diese
725 1751 2412 1883 Gutachten wieder zurück und lassen Sie mich wissen, ob ich in
720 1856 1575 1963 England für Sie etwas tun kann.
834 1936 2458 2057 Ich füge eine Information von Neldner in Riga bei, die sich
727 2038 2497 2127 auf den zukünftigen Schutz in Russland bezieht und wie Sie sehen,
734 2093 2426 2209 speziell von Ihrem Fall ausgeht. Mir ist es nicht zweifelhaft,
727 2216 2485 2316 dass Ihre Werke, die bei einem deutschen Verleger erscheinen, in
727 2303 2510 2403 Zukunft in Russland geschützt sein werden. Aber es empfiehlt sich
727 2380 2526 2467 nicht, dass Sie direkt mit irgend einem russischen Uebersetzer ar-
730 2458 2485 2572 beiten, weil wir uns auf den Standpunkt stellen müssen, dass Sie
730 2551 2446 2668 Ihre Rechte, auch die der Aufführung, einem deutschen Verleger
736 2645 2549 2745 übertragen haben. Es wird möglich sein, für Sie 55 % der Einnahmen
732 2761 2547 2841 aus den Aufführungen in russischer Sprache zu bekommen, in die an-
732 2850 2565 2941 dern 45 % teilen sich die russische Autorengesellschaft, der Ueber-
741 2925 2444 3007 setzer und Neldner. Wir würden Ihnen nur denselben Satz wie in
734 2998 2449 3140 Deutschland für die Einnahmen berechnen. Die deutsch-russische
