2696 3529
493 675 2421 833 schäge machen. Es wird sich bei dem billigen Preis dieser Ausgabe zwar
498 799 2359 924 um einfäche, aber doch geschmackvolle Einbände handeln. Ich habe die
495 890 2477 1016 Zeichnung des Einbands Herrn Prof. Walter Ehemann in Leipzig übertragen,
495 984 1888 1062 ich werde Ihnen die Proben zur Zeit zugehen lassen.
629 1075 2406 1168 Eine Luxusausgabe von den gesammelten Werken zu veranstalten, ist
491 1127 2324 1245 nicht ratsam. Bei dem grossen Umfang des Werkes würde der Druck auf
495 1250 2366 1331 einem besonderen Papier sehr kostspielig sein; wenn wir nicht mindes-
493 1356 2369 1457 tens 100 Vorzugsexemplare verkaufen können, so kommen wir dabei nicht
495 1405 2384 1536 auf die Kosten. Erfahrungsgemäss gibt es nicht soviel Bücherliebhaber,
493 1521 2453 1605 die einen so hohen Preis bezahlen würden. Wohl aber werden wir neben dem
493 1605 2403 1701 gewöhnlichen Band einen Luxuslederband herstellen, für Bücherliebhaber
495 1684 2433 1795 und verwöhntere Leute. Da das Papier zu der Ausgabe sehr gut ist, liegt
500 1787 1972 1883 ohnehin ein Bedürfnis für eine Luxusausgabe nicht vor,
631 1861 2460 1987 Ich fahre auf 14 Tage nach Santa Margherita, hoffentlich bleibt das
491 1957 809 2066 Wetter gut.
624 2034 2347 2159 Ich wünsche Ihnen schöne Ostertage und grüsse Sie und Ihre Frau
493 2120 1060 2263 Gemahlin herzlichst.
1666 2199 1780 2320 Ihr
1758 2273 2162 2485 F.fischer
592 2458 2413 2571 P. S. Bitte antworten Sie sogleich an mein Büro wegen der chrenolo-
486 2564 2418 2679 gischen Anordnung der Gesamtausgabe. Die Jahreszahlen können doch fort-
486 2657 1918 2778 fallen, wenn wir streng bei der Chronologie bleiben?
