2926 3592
1268 243 1365 372 56
1010 422 1798 589 S. FISCHER, VerLAG
1314 541 1485 653 xyz
2265 682 2425 784 1898.
1462 697 2229 834 BERene W., den 11. Februar
384 663 824 839 Telephon: Amt VI, No. 1662.
1559 788 1815 900 Bülowstrasse 91.
915 1010 2155 1185 Herrn Dr. Arthur Schnitzler.
1844 1107 2214 1219 Wien.
970 1248 1513 1363 Lieber Herr Doktor!
786 1350 2482 1475 Herr Dr. Albert Osterrieth, den ich wegen des „Liebesreigen“
608 1439 1893 1591 consultiert habe, schreibt mir heute Folgendes:
832 1548 2503 1667 „Ein eingentliches Sachverständigen-Gutachten kann ich Ihnen
881 1622 2516 1739 nicht geben, da es sich doch wesentlich um eine rein subjek-
868 1703 2508 1832 tive Anschauung handelt, und die moralische Empfindlichkeit
881 1817 2527 1937 eines Staatsanwalts oder Gerichtshofs schwer vorher zu beur-
883 1916 1255 2028 theilen ist.-
1020 1988 2522 2106 Rein privatim kann ich allerdings die Befürchtung nicht
883 2074 2431 2193 unterdrücken, dass die Skizzen, so fein durchgeführt sie
2429 2083 2548 2224 ge¬
889 2167 2436 2271 sind, manchen Anstoss erregen werden und vielleicht auch
2425 2201 2541 2279 Cultivateur
889 2235 2427 2370 richtlich verfolgt werden könnten. Es zirkuliert bei uns
889 2339 2489 2448 französische Literatur, die jedenfalls in vieler Beziehung
904 2415 2499 2552 bedenklicher ist als der Liebesreigen. Indessen glaube ich,
898 2497 2493 2647 dass man mit deutsch geschriebenen Sachen strenger ist als
887 2603 2533 2727 mit französischer Literartur, der - mit Recht oder Unrecht -
896 2696 1891 2827 der Ruf der Liederlichkeit anhaftet.
1003 2780 2543 2909 Alles in allem glaube ich daher, - so sehr die Unterlas-
898 2862 2486 3012 sung der Veröffentlichung dieser Skizzen zu bedauern wäre,
900 2934 2569 3088 dass Sie sich, im Fall Sie den Liebesreigen in Verlag nehmen,
2201 3050 2368 3173 einer
