3186 3672
1011 389 1155 490 828
531 511 2027 608 ISCHER/VERLAG'BERLIN'THEATERABTEILUNG.
1486 581 2039 665 W57·BUL0WSTR.90
394 598 1040 706 AMT: LUTZÖW 1662 & 6162
1726 627 2176 776 18. Juni 1913
852 1203 1443 1323 Sehr geehrter Herr!
480 1285 2166 1503 Eine neue dänische Filmfabrik die Dania Biofilm Komp.A/G.,
401 1460 2180 1587 Kopenhagen ( mit einem Aktienkapital von 500 000 Kronen) will
401 1527 2212 1698 zu ihrer Spezialität den literarischen und künstlerischen Film
1770 1604 1919 1647 ouvert eu le
411 1650 2132 1763 machen. Im Aufsichtsrat der Gesellschaft sitzt Peter Nansen
1717 1686 1808 1734 8.
411 1722 2178 1849 als künstlerischer Berater. Er hat sich mit uns in Verbindung
415 1811 2103 1959 gesetzt und uns gebeten, die Vermittlung mit der deutschen
413 1897 2164 2048 produktion zu übernehmen. Im Interesse unserer Autoren haben
423 2027 1244 2130 wir uns dazu bereit erklärt.
514 2003 2142 2219 Sollten Sie der Verfilmung eines Ihrer Werke prinzipiell
420 2183 2154 2317 nicht abgeneigt sein, so bitten wir Sie, mit uns darüber zu
435 2231 2260 2406 verhandeln. Wir würden dafür sorgen, dass Ihre Interessen nicht
420 2358 2231 2497 nur nach der materiellen, sondern auch nach de künstlerischen
437 2444 2216 2598 Seite gewahrt werden. Unsere Vermittlung geschieht, ohne dass
442 2550 2118 2685 wir Ihnen irgend etwas dafür berechnen. Wir würden nur zur
432 2591 2168 2769 Bedingung machen müssen, dass Sie uns für die Dania Biosilm
439 2733 2149 2857 Komp. vor anderen Filmgesellschaften ein Vorrecht gewähren,
442 2788 2372 2958 sei es bezüglich der Verfilmung bereits erschienener Werke, sei es
