2649 3465
1179 164 1294 265 all
321 307 1172 450 S. FISCHER, VERLAG, BERLIN,
1978 307 2196 452 Blatt 2
438 642 2205 776 Regel so, dass an jedem Freitag, in diesem Fall also am 13., die
441 783 2271 891 Bücher überall aufliegen. Können wir diesen Termin nicht einhalten,
443 853 2241 947 dann füllt der nächste Leipziger Versendungstermin wieder auf den
445 963 2248 1064 Freitag, also auf den 20. Oktober. Das wäre in den Städten, wo Ihr
445 1048 1310 1160 Stück aufgeführt wird, zu spät.
520 1139 2311 1256 Ich glaube nicht, dass es eine Schädigung für das Stück ist, wenn
450 1245 2182 1359 wir, mit Ausnahme von Wien und Berlin, den Versendungstermin in
450 1298 1092 1402 dieser Woche ausnutzen.
525 1385 2203 1498 Ich wäre Ihnen sehr verbunden, wenn Sie sich darüber sogleich
455 1477 2194 1580 telegraphisch äussern wollten, denn morgen müssen wir die erfor-
445 1568 1334 1669 derlichen Dispositionen treffen.
548 1652 2210 1762 Könnten Sie Ihre Reise nach Berlin nicht so einrichten, dass
443 1774 2327 1854 Sie schon am 22. Oktober hier sind? Ich hätte ein besonderes Interes-
450 1847 2278 1936 se daran, Sie an diesem Tage hier zu sehen, wenn es nicht mit Unbe-
445 1922 1462 2032 quemlichkeiten für Sie verbunden ist.
659 2004 1748 2119 Mit herzlichen Grüssen von uns zu Ihnen
1713 2081 2095 2250 Ihr ergebener
1760 2234 2215 2449 S. Fischer
