2807 3704
1147 257 1359 383 235
891 344 1998 490 S. Fischer, Verlag, Berlin M Bûlamstraße.
1400 724 1570 808 234
841 787 2140 929 S. FISCHER, VERLAG,’ BERLIN W., BÜLowSTR. 90
1237 916 1746 1031 THEATERABTEILUNG
1413 1076 2140 1193 BERene W., DEN... 19/12.10
968 1337 1735 1451 Herrn Dr. Arthur Schnitsler
1834 1415 1989 1526 Wien
1242 1514 1787 1618 Sehr geehrter Merr!
999 1643 2227 1730 Wir beehren uns Ihnen auf Ihre gefl. Anfrage
837 1726 2221 1829 herdurch mitzuteilen, dass der Anatol-Zuklus in
842 1841 2156 1930 ###r Aufführung des Lessingtheaters, hier bisher
850 1904 2237 2009 ausser Hamburg mit den Sehauspielhäusern Frankfurt
842 1991 2268 2119 a/M. und Leipsig abgeschlossen wurde (beide mit 10/8
850 2090 1831 2189 fantieme garantiert mit Mk. 500.-).
927 2158 2255 2275 Wegen einer Provinz bearbeitung haben sich bisher
850 2255 2209 2376 He Stadttheater Bonn und Görlits an uns gewandt,
842 2363 2241 2464 während das Bühnenbuch in der Fassung des Hofburg-
848 2437 2192 2572 theaters, Wien von dem Moftheater Wiesbaden ver-
846 2513 2245 2617 langt wurde. Zur Einsicht haben das Manuscript die
842 2621 2291 2718 aufgeführten Bühnen erbeten: Bern, Stadt-
848 2711 2219 2813 ### — Breslau, Stadttheater - Coblenz, Sta###-
860 2785 2117 2932 theater - Grefeld, Stadttheater - Düsseldorf,
