2914 3655
1227 422 1380 530 am 324.
819 504 2135 636 S. Fischer, Verlag, Berlin W., Bülowstrasse 90
1441 617 1717 765 7/6. 1883
758 903 1532 1089 Herrn Dr. Art###r Schmitaler
669 1255 1234 1394 Lieber Herr Dektor.
758 1337 2510 1490 das Nonerar für die 1.-8. Auflage ver Frau laste und ihr Sohn!
683 1476 2475 1577 zunächst in Gesamtbetrage von M. 4750.-, laut anliegender Aufstel-
678 1539 2431 1661 lung, überweisen wir Ihren Conto bei der Allgen. Oesterr. Boden-
678 1640 2508 1760 creditanstalt in Wien. Wir haben den Ladenpreis doch nur auf M. 2,50
685 1753 2452 1839 festgesetzt, um das Buch verkäuflicher zu machen. Für die 8. Auf-
683 1814 2487 1952 lage haben wir Ihnen einstweilen nur 16 % gutgeschrieben; bis Ende
673 1936 2489 2048 des Jahres werden wir Ihnen eine Aufstellung geben können, wieviel
683 2004 2510 2152 Exemplare zum Vorzugarabatt verkauft wurden. Die Honorarverrechnung
676 2079 2027 2217 für die 8. Auflage ist also noch keine endgilige.
760 2154 2379 2306 Sie haben übrigens meinen Brief aus Gardone doch in einigen
678 2257 2452 2426 Punkten missverstanden. Zunächst macht es für den Sentimentsbuch-
678 2370 2414 2466 händler keinen Unterschied, welchen Ladenpreis wir für das Buch
683 2440 2442 2576 ansetzen. Der Sortimentsbuchhändler ist gezwungen, jedes Buch zu
678 2555 2482 2661 dem offiziell angesetzten Ladenpreis zu verkaufen. Der Sortimenter
678 2649 2478 2747 hat kein Interesse daran, ob das Buch billig oder teuer ist, denn
678 2712 2501 2851 seinen Rabatt erhält er von dem offiziell festgesetzten Ladenpreis.
791 2811 2494 2926 Sie haben sodann auch meine Bemerkung wegen der Gesamtausgabe,
673 2900 2532 3022 die wir durch Reisebuchhandlungen vertreiben wollen, missverstanden.
664 2996 2440 3109 Hier handelt es sich nicht um Bahnhofsbuchhandlungen, sondern um
673 3064 2555 3226 Kolportage-Buchhandlungen, die durch Reisende den Publikum die Bücher
