3210 3671
1483 220 1628 345 636
961 307 2388 449 S. Fischer, Verlag, Berlin W., Bülowstrasse 90
1599 469 1951 560 4. März 1914
1031 826 1818 1000 Herrn Dr. Arthur Schnitzler
1790 966 1954 1080 Wien
848 1111 1246 1222 Lieber Freund,
1000 1159 2690 1321 ich habe Ihnen im Juni v. J. ein Rechtsgutachten des Syndikus
867 1253 2739 1413 des Deutschen Verlegervereins über den Schutz von Werken in England
2529 1307 2734 1369 Mais elle lui ai leur vrai ai-
2067 1321 2468 1389 Ce nouvelle de mouveau
877 1355 2671 1497 geschickt, bitte schicken Sie mir dieses Gutachten zurück. Soviel
877 1435 2787 1596 ich weiss, handelte es sich in diesem Gutachten nur um den Schutz von
879 1526 2656 1683 Dramen in England; ich muss mich darüber unterrichten, ob dieser
891 1591 2777 1758 Schutz sich auch auf erzählende Schriften bezieht. Da „Bertha Garlan“
891 1715 2717 1847 1901 erschienen ist, wäre es immerhin möglich, dass nach 10 Jahren
898 1775 2823 1956 der Schutz für dieses Werk erloschen ist. Für alle Fälle habe ich aber
901 1932 2116 2031 Goschen aufgefordert, sich zu rechtfertigen.
1036 1963 2635 2101 Die gewünschten Freiexemplare gehen Ihnen gleichzeitig zu.
1799 2058 2753 2186 findet in Ihrem Fall nicht statt,
903 2118 1770 2229 Eine Berechnung der Freiexempla
1128 2157 1770 2231 G.C.H.F.P.PT.
915 2159 2710 2314 weil sie durch die Höhe der Auflagen Ihrer Bücher sich von selbst
1563 2241 2077 2309 cʼest avec lʼautre ses mêmes.
918 2236 2787 2415 erledigt. Die Rechnungen, die Ihnen zugegangen sind, wollen Sie ver-
920 2410 1157 2500 nichten.
1060 2408 2840 2603 Prof. Bie hat Ihnen schon früher einmal geschrieben, dass er mit
927 2509 2784 2669 Anton Lindner die Besprechung Ihrer letzten Werke in der Rundschau
932 2577 2876 2748 vereinbart hat, wobei auch der „Bernhardi“ zu seinem Recht kommen soll.
930 2681 2864 2857 Bie sagt mir, dass Lindner wiederholt um Aufschub gebeten hat und dass
937 2753 2722 2944 er ihm jetzt ein Ultimatum stellt, um die Besprechung eventl. in
942 2925 1572 3038 andere Hände zu legen.
