2213 3479
892 519 1056 671 I am
559 988 1745 1129 Bücherreferats, in manchen Fällen wird ein Be-
586 1094 1812 1220 gleitzettel zum Buch direkt verlangt. Das Fehlen
579 1198 1729 1317 des Begleitzettels hat zur Folge, dass viele
568 1301 1691 1396 Provinzblätter nichts über ein solches Buch
590 1370 1839 1484 bringen. Unsere Waschzettel sehen von der Absicht
590 1468 1749 1579 aus, eine Charakteristik des Buches und nicht
594 1571 1743 1661 eine Kritik zu geben. Freilich läuft manchmal
589 1659 1844 1762 die Charakteristik unwillkürlich auf eine Kritik
605 1756 1745 1866 hinaus, das ist das Fatale, mit dem wir immer
590 1842 1819 1961 wieder zu rechnen haben. Aber jedenfalls besteht
597 1937 1863 2054 bei uns niemals die Absicht, eine Kritik zu geben.
663 2013 1833 2139 Natürlich soll Ihr Wunsch, den Waschzettel
587 2108 1771 2242 bei Ihren Büchern fortzulassen, berücksichtigt
587 2224 808 2333 werden.
793 2280 1250 2414 Mit besten Grüssen
1220 2389 1574 2496 Ihr ergebener
1241 2480 1678 2657 S. Fischer
