3221 3687
1248 289 1412 410 337.
792 324 2190 549 S. Fischer. Verlag. Berlin
676 559 2303 724 Amt Lützow 1662 u. 6162 Theaterabteilung postscheckkonto Nr. 16692
1121 640 1873 752 Berlin W 57, Bülowstraße Nr. 90
1233 749 1822 888 Den 4. März. 1914.
1367 840 2341 992 neffstens gedanlg anabnosed smaa
658 861 797 990 T/v.
658 939 1468 1040 Herrn Dr. Arthur Schnitzler,
410 962 2144 1114 -ibnälme med' guuttetanetdoise? nus negnutles medaatueb etc
1840 1030 1982 1099 Wien
524 1010 2339 1223 neblei tiw bmia, neaaultnised xx nevoduA teneann nehelmerk edoa
1896 1124 2359 1228 ebastami Jdotn
663 1195 1463 1329 Sehr geehrter Herr Doctor!
1096 1233 2154 1367 Tiw bata sautdosdooH genemmodffov aI
805 1301 2539 1471 J###iristenken für Ihren Brief vom 2. ds.. »Liebelei» und »Ab-
648 1380 2655 1554 schiedssoupers waren am Thaliatheater in Hamburg. Die Verträge waren
678 1496 2630 1671 mit Entsch abgeschlossen. Wir wenden uns heute an die Direktion und
686 1529 942 1595 selbige
688 1615 1311 1749 ersuchen im Freigabe
848 1600 2708 1812 Für Ihre Aeusserung in den Fall Hans Kyser „Erziehung zur Lieben
694 1747 2696 1881 danken wir Ihnen herzlichst und haben sie der Direktion der Münchener
694 1858 2734 1974 Kimmerspiele zur Verwendung gelegentlich ihres Rekurses weiter gegeben.
866 1926 2564 2096 Ueber die Aufführung des "Professor Bernhardi» in New-York
2106 2010 2222 2060 8. —
701 2002 2622 2146 haben wir keine weiteren Zeitungsausschnitte bekommen, als den der
701 2086 2653 2248 Berg.Märkischen Zeitung. Da er günstig war, druckten wir ihn ab. In
709 2220 2658 2336 deutschen Zeitungen ist sonst nichts erschienen. Die amerikanischen
699 2291 2627 2440 Zeitungen konnten wir trotz unserer Bitten von der Direktion nicht
709 2359 2701 2521 erhalten. Wir wenden uns heute nochmals dorthin und werden diese Auf-
709 2458 2605 2622 führung in unserm nächsten Prospekt nachholen, ebenso wie die des
719 2559 2582 2739 =Professor Bernhardi= in Stockholm. Die Aufführung in Kopenhagen
714 2648 2605 2825 hat nicht so günstige Kritiken ergeben, dass es uns angezeigt er-
716 2736 2635 2878 schien, sie zu veröffentlichen, da wir der Meinung sind, dass aus-
724 2810 2701 3005 ländische Kritiken nur dann mit Erfolg nachgedruckt werden, wenn sie
