2799 3671
1339 242 1550 370 216
1120 271 1253 399 9
743 339 1868 522 S. Fischer, Verlag, Berlin W., Bülowstraße 90.
1624 427 2094 593 den 8. Juni 1910
688 798 1467 976 Herrn Dr. Arthur Schnitzler
1493 890 1783 976 Wien XVIII
1434 919 1833 1044 Spöttelgasse 7
527 1130 1068 1249 Lieber Herr Doktor,
622 1194 2274 1348 ich muss um Entschuldigung bitten für das Versehen, dass wir
553 1256 2407 1441 Ihre Tragikomödie angekündigt haben. Ich hoffe, dass das Aergerliche
558 1365 2322 1529 der Sache für Sie schon überwunden ist. Natürlich wird Ihr Stück
560 1491 1655 1636 einstweilen niemand zu Gesicht bekommen.
693 1541 2355 1697 Die geplante Ausgabe Ihrer "Gesammelten Werke" im Jahre 1912
574 1640 2360 1806 war unter dem Gesichtspunkt eines Zeitabschnitts gedacht. Eine Zu-
577 1728 2381 1918 sammenfassung Ihres wesentlichen Werks würde doch den Vorteil bie-
591 1821 2345 1968 ten, eine gute und klare Uebersicht über Ihr bisheriges Schaffen
586 1885 2405 2063 zu geben. Eine gute Auswahl liesse sich vielleicht in 4 Bänden her-
598 1992 2369 2186 stellen, obgleich ich nicht verkenne, dass die Auswahl des Auszu-
598 2089 2414 2243 scheidenden Schwierigkeiten bietet. Ihre Bedenken, dass durch eine
608 2172 2438 2329 solche Auswahl ein einseitiges Bild Ihrer literarischen Persönlich-
608 2243 2478 2421 keit entstehen könnte, sind gewiss berechtigt. Aber ich habe mir die
612 2357 2500 2519 Sache ja auch garnieht so feierlich gedacht. Ihr 50. Geburtstag soll-
601 2428 2511 2611 te der äussere Anlass sein, das Wesentliche Ihres Werks zu einem bil-
631 2538 2473 2727 ligen Preis dem Publikum zugängig zu machen. Das, was wir mit einer
631 2623 2402 2784 solchen billigen Ausgabe erreichen könnten, ist mit den jetzigen
639 2713 2454 2908 Ausgaben, die für Ihr ganzes Werk einen ziemlich teuren Preis erge-
643 2813 2450 2958 ben, nicht zu machen. Es bleibt natürlich zu bedenken, in wie weit
648 2886 2464 3065 eine solche Ausgabe Ihre literarische Physiognomie vorzeitig fest-
650 2972 2471 3162 legt; diese Bedenken hatte ich auch, immerhin schien mir die Frage
