2779 3351
1168 290 1330 391 124
617 369 1911 533 S. FISCHER, VERLAG,’ BERLIN W., BÜLowSTR. 91
1169 564 1974 728 BERene W., DEN 29. April 1905
956 824 1666 991 Herrn Dr. Arthur Schnitzler
1439 960 1753 1062 Wien XVIII
728 1087 1245 1206 Lieber HerrsDoktor!
755 1139 2011 1312 Zunächst herzlichen Dank für Ihre Glückwünsche und
671 1293 1721 1397 für die Grüsse von Iheer Mittelmeerreise.
706 1367 1993 1490 Es sind bei uns Anfrägen eingegangen wegen eines
669 1459 2018 1582 Buches „Zum grossen Wurstl“. Steht so etwas von Ihnen
679 1540 2011 1686 in Aussicht? Es soll in der Zeitung etwas darüber ge-
691 1656 1941 1778 standen haben. Ich würde Sie bitten, sich darüber
698 1740 2006 1862 aufzuklären, da ich die Anfragen beantworten möchte.
770 1825 1916 1939 Haben Sie denn meinen Vergleich mit Lindemann
698 1956 1055 2045 gutgeheissen?
892 2025 1382 2151 Mit besten Grüssen
1399 2125 1746 2213 Ihr ergebener
1407 2226 1807 2416 Fischer
