2793 3704
1330 290 1488 398 232
780 382 1850 521 S. Fischer, Verlag, Berlin W., Bülowstraße 90
1584 451 2071 598 den 15. Dez. 1910
701 809 1462 931 Herrn Dr. Arthur Schnitzler
1440 886 1757 1008 Wien XVIII
468 1042 996 1183 Lieber Herr Doktor,
617 1164 2383 1274 ich habe vorige Woche Reinhardt einen eingehenden Brief geschrie-
480 1241 2345 1382 ben und ihn um eine Unterredung ersucht, falls er über den "Medardus"
492 1318 2330 1466 in Verhandlungen einzutreten wünscht. Er hat darauf, wie gewöhnlich,
468 1411 2395 1553 nicht geantwortet, und so scheint es, dass ihm an der Verhandlung über
833 1522 974 1572 comme le dit de ses
497 1502 2323 1637 den "Medardus“ nichts gelegen ist. Es wird sicher Ihren Intentionen
492 1584 2393 1733 entsprechen, wenn ich Reinhardt nicht nachlaufe; die Zeit wird kommen,
499 1670 2354 1884 wo der "Medardus" die Voraussetzung sein wird für andere Stücke, die
504 1834 1214 1939 Reinhardt etwa haben will.
583 1867 2342 2004 Unterdessen haben wir eine Anfrage bekommen, ob es nicht möglich
504 1968 2414 2081 wäre, den Umfang des "Medardus" für die Verhältnisse der Provinzbühnen
506 2064 2357 2172 zu reduzieren. Vielleicht haben Sie in nächster Zeit einmal Gelegen-
509 2170 1908 2290 heit, uns ein eingerichtetes Exemplar zuzuschicken.
619 2239 2357 2359 Ich habe Hermann Bahr angefragt, ob er eine "Schnitzler-Monogra-
511 2335 2350 2443 phie" schreiben möchte. Er schreiht mir, dass es ihn sehr locke und
521 2398 2378 2537 dass er über keinen andern deutschen Dichter so gern ausführlich und
526 2501 2285 2640 von ganzem Herzen schreiben würde wie über Sie. Wie ich vermutet
526 2566 2333 2719 habe, findet er aber keine Zeit dazu, weil seine Pläne ihn für die
528 2686 1867 2810 nächsten drei Jahre ganz und gar gefangen halten.
636 2762 2330 2892 An wen soll ich mich wenden? Ich dache jetzt wieder an Polgar,
528 2878 1742 3000 aber ich weiss nicht, wie er zu Ihnen steht.
631 2957 2474 3086 Soeben ist - auf Grund telegraphischer Verhandlungen" der Abschluss
533 3058 2371 3226 mit Direktor Beöthy für die ungarische Aufführung des Anatol-Zyklus
