2633 3497
374 353 2257 536 S. FISCHER, VERLAG, BERLIN, Herrn Dr. Arthur Schnitsler, Wien Blatt 2
562 694 2452 821 Buch wieder zuzusenden. Sie finden im Manuscript einzelne Stellen angestri-
590 811 2365 931 chen, die nach meinem Eindruck den Fluss der Erzählung etwas aufhalten.
583 886 2405 1023 Vielleicht prüfen Sie, ob Sie auf einige dieser Stellen, die ich sehr als
595 976 2408 1089 Einschaltungen empfunden habe, verzichten können. Die Vorschläge, die ich
604 1084 2415 1183 mir zu machen erlaube, gehen ja in erster Linie davon aus, dass der Roman
602 1176 2391 1298 für die Rundschau zu umfangreich ist. Von diesen Erwägungen brauchen Sie
604 1251 2335 1368 sich freilich nicht leiten zu lassen, worum ich Sie aber bitten würde,
614 1333 2485 1462 wäre, dass Sie kontrollieren, ob sich die vorgeschlagenen Streichungen nicht
614 1448 2208 1559 auch im Interesse der künstlerischen Oekonomie empfehlen würden.
762 1535 2408 1641 Oogleich ich den zweiten Teil des Manuscripts noch nicht in Händen
616 1636 2502 1754 habe, glaube ich jetzt schon unser Abkommen bezüglich des Erwerbs des Romans
623 1728 2452 1834 bestätigen zu können. Ich stelle das Honorar für Abdruck und Buch zu Ihrer
628 1796 2408 1963 Verfügung und bitte um Nachricht, ob das Geld Ihrem Bankkonto überwiesen
625 1935 943 2027 werden soll.
814 1963 2379 2104 Im Rundschau-Prospekt für den nächsten Jahrgang, der soeben in
628 2039 2476 2191 Druck muss, wollen wir an erster Stelle Ihren Roman ankündigen. Da ich das
630 2163 2405 2278 ganze Werk noch nicht kenne, bitte ich Sie, mir eine Charakteristik des
635 2248 2488 2372 Romans in 10-15 Zeilen zur Verfügung zu stellen. Es handelt sich bei dieser
628 2354 2476 2462 Anzeige lediglich darum, dass Sie über den Inhalt und äber Ihre künstleri-
637 2415 2455 2553 schen Absichten das Notwendige mitteilen. Auch Thomas Mann hat für seinen
640 2511 2422 2657 Roman eine solche Charakteristik verfasst. Da die Sache eilt, würde ich
647 2619 2391 2746 bitten, gleich nach Eintreffen dieses Briefes die Notiz zu übersenden.
637 2692 2464 2864 Der vorgeschlagene Titel „Der Neg ins Freie“ scheint, so weit es sich aus
640 2782 2429 2918 dem Inhalt bisher feststellen lässt, durchaus empfehlenswert. Ueber den
637 2899 2471 3050 fitel müssen Sie sich schon freundlichst jetzt schlässig machen, denn wir
2321 3115 2535 3280 L. I.
