2930 3544
1015 307 1814 473 S. FISCHER, VERLAG
1393 451 1493 568 rece
1490 549 2480 712 BERLIN W., den  1. Dezember 189 8.
2066 668 2214 746 Ordent
437 671 868 773 Telephon: Amt VI, No. 1662.
1493 685 1897 780 Bülowstrasse 91.
1166 695 1368 819 G.F.P
1039 768 1619 900 Zeit wird im Hintergn
976 836 2031 983 Herra Dr. Arthur Schnitzler.
1946 915 2058 1044 Bn.
1051 1024 2027 1205 Lieber Herr Doktor!
873 1102 2529 1307 Mitfolgend lasse ich Ihnen 10 broschierte Freiexemplare vom
654 1241 2531 1405 „Vermächtnis“ zusehen. Weitere 10 gebundene Exemplare werde ich in
637 1332 2388 1510 einigen Tagen folgen lassen, sobald die gebundenen fertig sind.
890 1417 2588 1568 Ich lege ferner 200 Mark bei, die Hälfte des Honorars für die
651 1490 2563 1653 erste Auflage. Ich habe gestern mit Mühe und Not Exemplare fertig be¬
649 1571 2509 1722 kommen und an eine Anzahl Wiener Firmen direkt per Post verschickt.
649 1644 2561 1810 damit morgen in Wien wenigstens bei den grösseren Firmen Exempl. vor-
651 1734 2561 1895 rätig sind. Die Versendung konnte unter diesen Umständen nicht, wie
671 1800 2497 1973 gewöhnlich, auf einmal via Leipzig erfolgen, und so kommt es, dass
668 1905 2597 2056 nicht alle Wiener Firmen schon morgen Exempl. haben, während es sonst
673 1988 2597 2144 bei unserer Organisation möglich zu machen ist, dass ein Buch in ganz
666 2075 2597 2214 Deutschland und Oesterreich an einem Tage ausgegeben wird. Das ist in
678 2144 2570 2302 Ihrem Falle nicht möglich gewesen, weil Sie den Druck des Werkes bis
678 2231 2539 2375 zum letzten Moment hinausgeschoben haben, und ich würde Sie bitten,
678 2288 2607 2485 mir in Zukunft Zeit zu lassen, damit die Expedition gleichmässig, wie
683 2385 2644 2595 bei allen anderen Büchern, geschehen kann. Dass Sie sich darauf verlas¬
680 2500 2588 2644 sen können, dass das Buch nur an dem von Ihnen bezeichneten Tage er¬
695 2556 2534 2722 scheint, das ist selbstverständlich und braucht nicht ausdrücklich
700 2600 2661 2846 verzichert zu werden. Es geschieht bei fast allen Dramen meines Verlags
695 2787 966 2914 genau so.
949 2819 2514 2968 Ich gratuliere Ihnen zum „Grünen Kakadu“: ich habe das
