2819 3624
1291 349 1454 465 350
845 392 2226 589 S. Fischer, Verlag, Berlin M., Bülowstrasse 90
1378 543 1751 688 2. März 1915
865 901 1647 1073 Herrn Dr. Arthur Schnitzler
1638 1030 1785 1156 Wien
710 1221 1122 1347 Lieber Freund,
911 1332 2558 1456 ich habe festgestellt, dass zur Zeit bei uns eine bestimmte
724 1444 2469 1546 Institution speziell für im Felde erblindete Krieger noch nicht
717 1531 2539 1664 besteht. Dagegen ist uns im Kriegsministerium gesagt worden, dass
724 1625 2483 1749 Spenden für im Felde Erblindete von der Medizinal-Abteilung des
724 1701 2667 1846 preussischen Kriegsministeriums, zu Händen des Rittmeisters Kiessking,
727 1822 1405 1950 entgegengenommen werden.
918 1882 2716 2011 Die Uebersetzungsprobe von Frau Best haben wir nachprüfen lassen.
736 2003 2641 2112 Sie ist, abgesehen von einigen Wendungen, die von dem englisch lesen-
729 2083 2597 2202 den Publikum vielleicht als fremd empfunden werden, für gut befun-
732 2188 2548 2309 den werden. Es ist anzunehmen, dass "Poet Lore" in solchen Fällen
732 2275 2548 2372 Uebersetzungsverbesserungen vornehmen wird. Ich habe also an Frau
732 2362 2568 2466 Best geschrieben, dass wir unter den von Ihnen erwähnten Bedingun-
741 2442 2602 2563 gen den Abdruck der englischen Uebersetzung in "Poet Lore" genehmi-
734 2553 882 2674 gen.
1139 2551 1807 2737 Mit herzlichen Grüssen
1907 2662 2374 2842 S. Fischer
875 2793 2527 2960 Die Restzahlung für die Newyorker Aufführung von Professor
749 2888 2594 3033 Bernhardi“ ist im Februar eingegangen und wird in unserer nächsten
741 3026 1383 3157 Abrechnung erscheinen.
407 3106 504 3256 F. 121
