2951 3528
1601 312 1696 452 DER
1026 302 1551 487 S. FISCHER.
1496 567 2403 717 BERene W., DEN 23/11. 1899.
574 654 989 779 ON:AMT VI, No. 1662.
1451 692 1898 817 BÜL iWSTRASSE 91.
1231 844 1991 1021 Herrn Dr. Arthur Schnitzler
1926 1079 2410 1219 mich nicht gedruckt?
614 1091 1166 1234 Lieber Herr Doktor!
644 1189 1174 1311 3. Ist übrigens der
864 1189 2610 1361 Das Vorwort zum „Reigen“ kann auf ein separates Blatt kommen und
634 1306 2502 1416 von Fall zu Fall in das Buch eingeklebt werden. Ich weiss zwar nicht,
644 1289 979 1379 e habe mit Amt
634 1386 2605 1533 was Sie damit bezwecken, wenn aber dieses Blatt überhaupt einen Zweck ha-
637 1479 2542 1616 ben soll, dann müsste es einen Bestandteil des Buches bilden. Das Ein-
832 1533 2627 1731 dieses Blattes würde den angestrebten Zweck vollkommen illusorisch
634 1711 854 1806 machen.
767 1741 2610 1891 Bezüglich des Umschlags zum „Anatol“ bitte ich Sie, abzuwarten, bis
647 1846 2625 1991 ich Ihnen die Druckproben schicke; Sie werden sich davon überzeugen, dass
1491 1903 2015 1981 und Decretur
652 1921 2505 2055 der Umschlag viel discreter ### doch wirksamer ist wie die
649 2033 2587 2153 erste Vorlage. Im übrigen wird Ihnen ja dann die Entscheidung zustehen.
649 2110 2577 2228 Über die Vignetten machen Sie sich jedenfalls eine falsche Vorstellung.
654 2205 2660 2308 Es sind einige ganz reizende Kleinigkeiten von Coschell gezeichnet worden,
667 2263 2575 2400 zur dekorativen Ausschmückung als Schlussvignetten. Es handelt sich um
669 2373 2512 2502 Gegenstände des Luxus und Comforts ohne jeden pikanten Beigeschmack.
1301 2450 1768 2525 Kurz. Schürm etc.
669 2465 2515 2582 Also um Toilettengegenstände, um Blumen u. dgl. Ich werde Ihnen auch
664 2532 2642 2692 diese Vignetten vorher zuschicken und Ihnen auch die Entscheidung
664 2695 992 2785 überlassen.
2100 2730 2195 2842 mit
797 2720 1661 2887 Es bleibt sehr fraglich, ob wir
672 2807 2180 2985 fertig werden. Coschall hat vorgestern die letzten Zeich¬
1886 2905 2068 3027 chen als
664 2940 1513 3074 Bis alle Zeichnungen reproduzie
1454 3029 1601 3154 sarbeit
667 3027 1411 3204 Der Druck und die Buchbinde.
