2649 3465
1073 271 1219 362 261
575 357 1958 507 S. Fischer, Verlag, Berlin W., Bülowstrasse 90
1708 509 2121 628 den 19/X. 1911
637 848 1405 973 Herrn Dr. Arthur Schnitzler
1376 937 1505 1071 Wien
425 1073 971 1203 Lieber Herr Doktor,
637 1203 2242 1314 über die Wirkung des "Weitan Landes" sind Sie ja inzwischen
443 1305 2126 1407 unterrichtet. Uns hat das Werk einen grossen Eindruck gemacht,
441 1387 2267 1487 die Gestalt Hofreiters schlug so durch, dass sie, trotz der Unnatur
441 1478 2190 1610 Monnards, prachtvoll sichtbar wurde. Aber die Kritiker haben, so
1676 1530 1921 1596 (v. m)
443 1573 2215 1680 weit ich gesehen habe, mit Ausnahme Jacobsohns, ziemlich versagt.
448 1671 2158 1771 Das Buch scheint sich indessen durchzusetzen, wir müssen heute
457 1753 2251 1853 schon die 5. und 6. Auflage drucken und ich hoffe, es wird in die-
459 1826 1264 1967 sem Jahr nicht dabei bleiben.
598 1914 2253 2024 Wir werden Sie bei unserm Fest sehr vermissen, wir hätten Sie
468 2021 2246 2133 gern dabei gehabt. Die Sache sollte ursprünglich im kleinen, inti-
459 2105 2244 2249 men Kreis gefeiert werden, sie wächst sich aber, sehr gegen meine
459 2192 1780 2342 Neigung, zu einer grossen offiziellen Sache aus.
628 2278 2226 2374 Hoffentlich werden Sie im November "Das weite Land" im Les-
471 2365 2135 2494 sing-Theater noch zu sehen bekommen. Ich habe Brahm seit der
468 2449 2237 2574 Premiere nicht mehr gesprochen und weiss nicht, welche Aussichten
487 2547 912 2669 er machen kann.
612 2610 2233 2747 Haben Sie die illustrierte Ausgabe mit dem Wiener Verlag ab-
480 2722 2165 2872 gemacht? Ich vermute, dass sich eine Wiener Zeitungsnotiz, die
482 2808 2171 2933 mir von Perles in Wien geheimnisvoll gemeldet wird, auf dieses
480 2901 862 3022 Buch bezieht.
853 2888 2399 3131 Mit herzlichen Grüssen Ihr ergebener Fischer
