2926 3592
1059 251 1851 484 S. FISCHER, VerlaG
2292 608 2500 723 189.8.
1514 551 2263 738 BERLIN W., den 17. Februar
484 592 893 754 Raphon: Amt VI, No. 1662.
1600 695 1870 826 Bülowstrasse 91.
1051 929 2261 1109 Herrn Dr. Arthur Schnitzler.
1914 1042 2256 1205 Wien.
1200 1109 1578 1217 reich darauf
1023 1200 1571 1320 Lieber Herr Doktor!
886 1284 2378 1485 Einliegen empfangen Sie laut mitfolgender Aufstellung
616 1423 939 1564 Mk. 478, 80.
917 1475 2510 1612 In zwei Postpaketen lassen wir Ihnen laut anliegender Auf-
1506 1583 1590 1638 P.S.
1468 1569 2539 1693 9 „Freiwild” und 6 „Sterben” zuge-
627 1590 1547 1727 stellung 27 Exempl. „Anatol,
625 1669 1787 1799 hen, sowie Ihr Manuscript „Liebesreigen.“
927 1727 2496 1902 Für Ihr Novellenbuch überreichen wir Ihnen anliegend eine
627 1868 2441 1964 Druckprobe; nach dieser Anordnung würde das Werk etwa 10 1/2 Bogen
630 1947 2558 2055 (168 Seiten) geben. Wenn Sie diesem Buch nichts mehr hinzufügen wollen,
623 2048 2421 2158 so wird es so auch gehen; wir werden dann eben einen 2 Mark-Band
627 2093 2551 2239 daraus machen. Lassen Sie mich gefäl. umgehend wissen, ob Sie mit die¬
627 2203 1837 2359 ser Anordnung des Satzes einverstanden sind.
929 2309 1449 2441 Mit besten Grüssen
1820 2366 2203 2491 Ihr ergebener
1818 2460 2596 2668 Ffischer
