<?xml version="1.0" encoding="UTF-8" standalone="yes"?>
<PcGts xmlns="http://schema.primaresearch.org/PAGE/gts/pagecontent/2013-07-15" xmlns:xsi="http://www.w3.org/2001/XMLSchema-instance" xsi:schemaLocation="http://schema.primaresearch.org/PAGE/gts/pagecontent/2013-07-15 http://schema.primaresearch.org/PAGE/gts/pagecontent/2013-07-15/pagecontent.xsd">
    <Metadata>
        <Creator>prov=READ-COOP:name=TrHtr:version=2.1.0:model_id=51170:date=26_07_2023_22:31</Creator>
        <Created>2023-05-02T08:10:48.447+02:00</Created>
        <LastChange>2023-07-26T22:31:50.438+02:00</LastChange>
        <TranskribusMetadata docId="1416742" pageId="54955165" pageNr="538" tsid="131085225" status="IN_PROGRESS" userId="64420" imgUrl="https://files.transkribus.eu/Get?id=WRQKATFNOQVFYTABJOSMJSVZ&amp;fileType=view" xmlUrl="https://files.transkribus.eu/Get?id=SPUWVRAGGTSZXAXEDUKYTMIF" imageId="44458890"/>
    </Metadata>
    <Page imageFilename="1416742_0538.jpg" imageWidth="2585" imageHeight="3160">
        <ReadingOrder>
            <OrderedGroup id="ro_1711827438920" caption="Regions reading order">
                <RegionRefIndexed index="0" regionRef="tr_1"/>
                <RegionRefIndexed index="1" regionRef="tr_2"/>
            </OrderedGroup>
        </ReadingOrder>
        <TextRegion id="tr_1" custom="readingOrder {index:0;}">
            <Coords points="492,162 2302,162 2302,1640 492,1640"/>
            <TextLine id="tr_1_tl_1" custom="readingOrder {index:0;}">
                <Coords points="1032,254 1071,259 1106,238 1113,247 1134,249 1164,235 1191,256 1201,252 1221,261 1224,143 1173,159 1122,145 1113,155 1067,166 1055,178 1034,175"/>
                <Baseline points="1045,221 1048,221 1093,218 1137,218 1182,218 1227,212"/>
                <TextEquiv>
                    <Unicode>274</Unicode>
                </TextEquiv>
            </TextLine>
            <TextLine id="tr_1_tl_2" custom="readingOrder {index:1;}">
                <Coords points="591,376 822,335 1491,351 1605,312 1799,342 1976,312 1979,233 593,270"/>
                <Baseline points="603,343 636,340 680,337 725,337 770,334 815,334 860,331 904,331 949,331 994,331 1039,328 1084,328 1128,325 1173,322 1218,319 1263,316 1308,316 1353,316 1397,313 1442,313 1487,313 1532,310 1577,310 1621,307 1666,307 1711,307 1756,304 1801,304 1845,301 1890,301 1935,298 1980,295"/>
                <TextEquiv>
                    <Unicode>S. Fischer, Verlag, Berlin W., Bülowstrasse 9o</Unicode>
                </TextEquiv>
            </TextLine>
            <TextLine id="tr_1_tl_3" custom="readingOrder {index:2;}">
                <Coords points="1304,455 1362,446 1436,471 1459,466 1494,436 1512,450 1531,448 1556,473 1591,462 1593,358 1540,386 1501,367 1468,386 1429,381 1415,390 1369,351 1360,358 1307,337"/>
                <Baseline points="1317,436 1329,436 1373,433 1418,433 1463,433 1508,430 1553,427 1597,427"/>
                <TextEquiv>
                    <Unicode>25/3. 1912</Unicode>
                </TextEquiv>
            </TextLine>
            <TextLine id="tr_1_tl_4" custom="readingOrder {index:3;}">
                <Coords points="513,679 552,670 573,681 616,688 644,681 656,688 702,658 709,663 743,653 746,575 709,575 693,561 674,575 665,568 649,577 635,563 614,568 603,556 586,566 575,559 568,566 515,563"/>
                <Baseline points="528,645 573,645 618,642 663,639 707,642 752,642"/>
                <TextEquiv>
                    <Unicode>in ich es</Unicode>
                </TextEquiv>
            </TextLine>
            <TextLine id="tr_1_tl_5" custom="readingOrder {index:4;}">
                <Coords points="843,734 873,732 882,736 889,730 898,734 905,730 921,736 926,732 937,732 940,683 926,683 921,688 898,676 868,674 859,660 847,660"/>
                <Baseline points="857,725 902,725 946,722"/>
                <TextEquiv>
                    <Unicode>G.F.P.</Unicode>
                </TextEquiv>
            </TextLine>
            <TextLine id="tr_1_tl_6" custom="readingOrder {index:5;}">
                <Coords points="480,776 515,771 531,755 536,762 556,743 593,743 607,757 644,764 667,750 686,757 725,748 767,762 769,646 697,660 656,688 575,683 552,670 483,688"/>
                <Baseline points="492,737 504,737 549,737 594,734 639,734 683,731 728,731 773,731"/>
                <TextEquiv>
                    <Unicode>Sie nicht,</Unicode>
                </TextEquiv>
            </TextLine>
            <TextLine id="tr_1_tl_7" custom="readingOrder {index:6;}">
                <Coords points="552,861 730,845 748,866 880,824 990,854 1212,810 1328,827 1332,718 1157,727 1111,755 1023,727 887,760 556,746"/>
                <Baseline points="567,818 573,821 618,818 663,818 707,815 752,815 797,815 842,815 887,812 931,809 976,806 1021,806 1066,803 1111,800 1155,800 1200,797 1245,794 1290,791 1335,794"/>
                <TextEquiv>
                    <Unicode>Herrn Dr. Arthur Schnitzler</Unicode>
                </TextEquiv>
            </TextLine>
            <TextLine id="tr_1_tl_8" custom="readingOrder {index:7;}">
                <Coords points="1284,924 1307,921 1328,930 1364,917 1371,924 1378,917 1390,924 1399,917 1438,924 1438,822 1404,836 1388,829 1364,833 1346,827 1325,833 1309,820 1298,831 1284,829"/>
                <Baseline points="1296,881 1341,878 1385,878 1430,878 1445,881"/>
                <TextEquiv>
                    <Unicode>Wien</Unicode>
                </TextEquiv>
            </TextLine>
            <TextLine id="tr_1_tl_9" custom="readingOrder {index:8;}">
                <Coords points="2059,960 2071,960 2080,954 2106,977 2124,965 2129,970 2149,967 2143,868 2110,866 2103,870 2099,880 2087,882 2066,898 2055,898"/>
                <Baseline points="2069,940 2114,943 2156,946"/>
                <TextEquiv>
                    <Unicode>G.P.</Unicode>
                </TextEquiv>
            </TextLine>
            <TextLine id="tr_1_tl_10" custom="readingOrder {index:9;}">
                <Coords points="489,1053 593,1060 688,1037 713,1055 785,1050 824,1027 873,1050 1020,1044 1025,912 866,933 845,921 780,947 746,926 612,965 545,944 492,965"/>
                <Baseline points="501,1048 534,1045 579,1045 624,1039 669,1039 713,1036 758,1036 803,1036 848,1033 893,1030 937,1030 982,1030 1027,1030"/>
                <TextEquiv>
                    <Unicode>Lieber Herr Doktor,</Unicode>
                </TextEquiv>
            </TextLine>
            <TextLine id="tr_1_tl_11" custom="readingOrder {index:10;}">
                <Coords points="1884,1067 1923,1053 1942,1062 1976,1055 2006,1067 2057,1044 2154,1071 2156,970 2124,965 2066,990 2039,977 1986,997 1925,977 1886,986"/>
                <Baseline points="1896,1036 1935,1036 1980,1039 2025,1036 2069,1036 2114,1030 2159,1030"/>
                <TextEquiv>
                    <Unicode>raus, der</Unicode>
                </TextEquiv>
            </TextLine>
            <TextLine id="tr_1_tl_12" custom="readingOrder {index:11;}">
                <Coords points="1452,1062 1473,1064 1489,1076 1496,1076 1501,1071 1510,1078 1526,1078 1531,1083 1542,1071 1554,1071 1554,1030 1542,1030 1535,1023 1519,1027 1515,1018 1494,1000 1475,1014 1455,1007"/>
                <Baseline points="1466,1057 1469,1057 1514,1057 1559,1054"/>
                <TextEquiv>
                    <Unicode>G.H.F.P</Unicode>
                </TextEquiv>
            </TextLine>
            <TextLine id="tr_1_tl_13" custom="readingOrder {index:12;}">
                <Coords points="1332,1069 1353,1067 1392,1094 1415,1080 1434,1083 1434,1020 1411,1023 1399,1016 1374,1014 1355,1023 1348,1018 1332,1020"/>
                <Baseline points="1344,1060 1388,1060 1433,1060 1439,1060"/>
                <TextEquiv>
                    <Unicode>G.C.F.P</Unicode>
                </TextEquiv>
            </TextLine>
            <TextLine id="tr_1_tl_14" custom="readingOrder {index:13;}">
                <Coords points="515,1113 533,1122 566,1108 598,1122 621,1106 663,1111 676,1104 709,1120 725,1117 727,1053 711,1055 683,1041 660,1053 637,1053 623,1044 586,1062 568,1050 517,1060"/>
                <Baseline points="528,1099 552,1096 597,1096 642,1093 686,1090 731,1090"/>
                <TextEquiv>
                    <Unicode>Ihr Sond</Unicode>
                </TextEquiv>
            </TextLine>
            <TextLine id="tr_1_tl_15" custom="readingOrder {index:14;}">
                <Coords points="496,1205 1512,1194 1990,1124 2193,1159 2295,1141 2300,1071 501,1113"/>
                <Baseline points="510,1185 555,1182 600,1182 645,1176 689,1176 734,1176 779,1173 824,1170 869,1167 913,1167 958,1164 1003,1164 1048,1161 1093,1161 1137,1158 1182,1152 1227,1152 1272,1149 1317,1149 1361,1146 1406,1140 1451,1140 1496,1140 1541,1137 1585,1134 1630,1134 1675,1131 1720,1128 1765,1126 1809,1123 1854,1123 1899,1120 1944,1120 1989,1117 2033,1114 2078,1114 2123,1114 2168,1108 2213,1105 2257,1102 2302,1102"/>
                <TextEquiv>
                    <Unicode>die Briefe von Miss Stephanson folgen anbei mit Dank zurück.</Unicode>
                </TextEquiv>
            </TextLine>
            <TextLine id="tr_1_tl_16" custom="readingOrder {index:15;}">
                <Coords points="501,1314 1727,1226 1949,1268 2219,1214 2221,1159 506,1217"/>
                <Baseline points="516,1272 522,1269 567,1272 612,1269 657,1266 701,1266 746,1266 791,1263 836,1260 881,1257 925,1257 970,1257 1015,1254 1060,1251 1105,1248 1149,1245 1194,1239 1239,1239 1284,1236 1329,1233 1373,1233 1418,1233 1463,1230 1508,1230 1553,1230 1597,1230 1642,1224 1687,1218 1732,1218 1777,1215 1821,1212 1866,1212 1911,1209 1956,1209 2001,1206 2045,1203 2090,1200 2135,1200 2180,1197 2225,1194"/>
                <TextEquiv>
                    <Unicode>Im übrigen mache ich darauf aufmerksam, dass wir Miss Kaiser am</Unicode>
                </TextEquiv>
            </TextLine>
            <TextLine id="tr_1_tl_17" custom="readingOrder {index:16;}">
                <Coords points="503,1381 2080,1341 2184,1304 2186,1231 508,1311"/>
                <Baseline points="519,1364 531,1361 576,1361 621,1358 666,1358 710,1355 755,1355 800,1353 845,1350 890,1347 934,1347 979,1344 1024,1344 1069,1341 1114,1341 1158,1335 1203,1332 1248,1332 1293,1329 1338,1326 1382,1326 1427,1323 1472,1320 1517,1317 1562,1317 1606,1317 1651,1314 1696,1311 1741,1308 1786,1305 1830,1305 1875,1302 1920,1302 1965,1299 2010,1296 2054,1290 2099,1290 2144,1290 2189,1284"/>
                <TextEquiv>
                    <Unicode>25. Februar v. J. auf Ihre Veranlassung den Vertrag gekündigt</Unicode>
                </TextEquiv>
            </TextLine>
            <TextLine id="tr_1_tl_18" custom="readingOrder {index:17;}">
                <Coords points="506,1475 2152,1404 2175,1309 508,1404"/>
                <Baseline points="519,1451 564,1451 609,1448 654,1448 698,1445 743,1442 788,1439 833,1439 878,1436 922,1436 967,1433 1012,1433 1057,1430 1102,1427 1146,1424 1191,1424 1236,1421 1281,1418 1326,1415 1370,1415 1415,1412 1460,1412 1505,1412 1550,1409 1594,1403 1639,1403 1684,1400 1729,1397 1774,1397 1818,1394 1863,1391 1908,1391 1953,1385 1998,1382 2042,1382 2087,1382 2132,1379 2177,1373"/>
                <TextEquiv>
                    <Unicode>haben und dass wir uns die Dispositionen über Ihre Stücke für</Unicode>
                </TextEquiv>
            </TextLine>
            <TextLine id="tr_1_tl_19" custom="readingOrder {index:18;}">
                <Coords points="513,1558 2219,1515 2239,1422 517,1482"/>
                <Baseline points="525,1541 540,1541 585,1538 630,1535 675,1535 719,1532 764,1532 809,1529 854,1529 899,1526 943,1523 988,1520 1033,1520 1078,1517 1123,1517 1167,1511 1212,1508 1257,1508 1302,1508 1347,1505 1391,1502 1436,1502 1481,1499 1526,1496 1571,1496 1615,1493 1660,1490 1705,1487 1750,1487 1795,1487 1839,1481 1884,1478 1929,1475 1974,1475 2019,1472 2063,1472 2108,1469 2153,1466 2198,1463 2243,1463"/>
                <TextEquiv>
                    <Unicode>Amerika vorbehalten haben. Es ist kein Wunder, dass Miss Kaiser</Unicode>
                </TextEquiv>
            </TextLine>
            <TextLine id="tr_1_tl_20" custom="readingOrder {index:19;}">
                <Coords points="503,1653 1489,1644 1720,1581 2272,1581 2276,1512 508,1558"/>
                <Baseline points="519,1630 534,1630 579,1627 624,1624 669,1624 713,1621 758,1618 803,1615 848,1615 893,1612 937,1609 982,1609 1027,1606 1072,1603 1117,1603 1161,1600 1206,1600 1251,1600 1296,1594 1341,1594 1385,1591 1430,1588 1475,1585 1520,1585 1565,1582 1609,1582 1654,1580 1699,1577 1744,1577 1789,1574 1833,1571 1878,1571 1923,1565 1968,1565 2013,1562 2057,1562 2102,1559 2147,1556 2192,1553 2237,1550 2281,1550"/>
                <TextEquiv>
                    <Unicode>unter diesen Umständen kein besonderes Interesse für Ihre Angele-</Unicode>
                </TextEquiv>
            </TextLine>
        </TextRegion>
        <TextRegion id="tr_2" custom="readingOrder {index:1;}">
            <Coords points="531,1580 2419,1580 2419,2871 531,2871"/>
            <TextLine id="tr_2_tl_1" custom="readingOrder {index:0;}">
                <Coords points="517,1752 2152,1688 2270,1674 2274,1579 519,1674"/>
                <Baseline points="531,1723 576,1720 621,1717 666,1714 710,1714 755,1711 800,1708 845,1705 890,1705 934,1702 979,1699 1024,1699 1069,1696 1114,1696 1158,1693 1203,1690 1248,1690 1293,1687 1338,1684 1382,1681 1427,1681 1472,1678 1517,1678 1562,1675 1606,1672 1651,1672 1696,1666 1741,1666 1786,1663 1830,1660 1875,1657 1920,1654 1965,1651 2010,1651 2054,1648 2099,1645 2144,1645 2189,1642 2234,1639 2278,1630"/>
                <TextEquiv>
                    <Unicode>genheiten aufbringt. Vergessen Sie nicht daran, dass Miss Kaiser</Unicode>
                </TextEquiv>
            </TextLine>
            <TextLine id="tr_2_tl_2" custom="readingOrder {index:1;}">
                <Coords points="522,1847 1457,1819 1794,1752 2325,1785 2343,1690 526,1748"/>
                <Baseline points="537,1809 555,1809 600,1806 645,1804 689,1804 734,1801 779,1801 824,1798 869,1795 913,1795 958,1792 1003,1789 1048,1786 1093,1783 1137,1783 1182,1783 1227,1777 1272,1777 1317,1774 1361,1771 1406,1768 1451,1765 1496,1765 1541,1762 1585,1759 1630,1759 1675,1756 1720,1753 1765,1750 1809,1747 1854,1747 1899,1744 1944,1741 1989,1741 2033,1738 2078,1738 2123,1738 2168,1735 2213,1729 2257,1726 2302,1723 2347,1720"/>
                <TextEquiv>
                    <Unicode>sich zu einer Zeit für Ihre Stücke zu interessieren anfing, als in</Unicode>
                </TextEquiv>
            </TextLine>
            <TextLine id="tr_2_tl_3" custom="readingOrder {index:2;}">
                <Coords points="531,1900 1986,1879 2246,1840 2251,1778 533,1842"/>
                <Baseline points="543,1899 552,1896 597,1896 642,1893 686,1893 731,1890 776,1887 821,1884 866,1884 910,1881 955,1881 1000,1875 1045,1875 1090,1872 1134,1872 1179,1869 1224,1866 1269,1866 1314,1863 1358,1860 1403,1857 1448,1854 1493,1854 1538,1851 1582,1848 1627,1845 1672,1842 1717,1842 1762,1839 1806,1839 1851,1833 1896,1830 1941,1830 1986,1827 2031,1824 2075,1824 2120,1824 2165,1821 2210,1818 2255,1818"/>
                <TextEquiv>
                    <Unicode>Amerika an praktische Erfolge noch garnicht zu denken war; dass</Unicode>
                </TextEquiv>
            </TextLine>
            <TextLine id="tr_2_tl_4" custom="readingOrder {index:3;}">
                <Coords points="531,2004 2274,1939 2306,1849 533,1935"/>
                <Baseline points="543,1986 564,1986 609,1986 654,1983 698,1980 743,1977 788,1977 833,1974 878,1974 922,1971 967,1968 1012,1965 1057,1962 1102,1962 1146,1959 1191,1959 1236,1956 1281,1956 1326,1953 1370,1950 1415,1947 1460,1944 1505,1941 1550,1941 1594,1938 1639,1935 1684,1932 1729,1929 1774,1926 1818,1923 1863,1923 1908,1920 1953,1914 1998,1914 2042,1914 2087,1911 2132,1911 2177,1908 2222,1905 2266,1902 2311,1902"/>
                <TextEquiv>
                    <Unicode>sie Zeit und Geld Ihren Angelegenheiten geopfert hat und dass sie</Unicode>
                </TextEquiv>
            </TextLine>
            <TextLine id="tr_2_tl_5" custom="readingOrder {index:4;}">
                <Coords points="543,2094 2371,2025 2401,1942 547,2002"/>
                <Baseline points="558,2075 567,2072 612,2072 657,2069 701,2069 746,2066 791,2063 836,2060 881,2060 925,2057 970,2054 1015,2054 1060,2051 1105,2048 1149,2048 1194,2048 1239,2042 1284,2042 1329,2039 1373,2039 1418,2036 1463,2033 1508,2031 1553,2028 1597,2028 1642,2025 1687,2022 1732,2019 1777,2016 1821,2013 1866,2010 1911,2010 1956,2007 2001,2004 2045,2004 2090,2001 2135,1998 2180,1995 2225,1995 2269,1992 2314,1989 2359,1986 2404,1986"/>
                <TextEquiv>
                    <Unicode>sich enttäuscht fühlen musste, als wir ihr immer wieder Vorhaltungen</Unicode>
                </TextEquiv>
            </TextLine>
            <TextLine id="tr_2_tl_6" custom="readingOrder {index:5;}">
                <Coords points="543,2186 1986,2145 2055,2094 2392,2096 2396,2025 545,2110"/>
                <Baseline points="555,2162 561,2162 606,2159 651,2159 695,2156 740,2156 785,2153 830,2150 875,2147 919,2147 964,2144 1009,2141 1054,2138 1099,2138 1143,2135 1188,2132 1233,2132 1278,2129 1323,2126 1367,2126 1412,2123 1457,2117 1502,2117 1547,2117 1591,2114 1636,2111 1681,2108 1726,2105 1771,2102 1815,2099 1860,2096 1905,2096 1950,2093 1995,2093 2039,2090 2084,2087 2129,2087 2174,2084 2219,2081 2263,2081 2308,2078 2353,2075 2398,2075"/>
                <TextEquiv>
                    <Unicode>über die geringen Resultate machten, die schliesslich eine Kündigung</Unicode>
                </TextEquiv>
            </TextLine>
            <TextLine id="tr_2_tl_7" custom="readingOrder {index:6;}">
                <Coords points="545,2253 1856,2242 2325,2207 2327,2136 547,2191"/>
                <Baseline points="558,2249 582,2249 627,2246 672,2246 716,2243 761,2243 806,2240 851,2240 896,2237 940,2237 985,2234 1030,2228 1075,2228 1120,2225 1164,2225 1209,2222 1254,2219 1299,2216 1344,2216 1388,2213 1433,2210 1478,2207 1523,2204 1568,2204 1612,2201 1657,2201 1702,2201 1747,2195 1792,2195 1836,2192 1881,2189 1926,2186 1971,2186 2016,2183 2060,2180 2105,2180 2150,2177 2195,2174 2240,2171 2284,2168 2329,2162"/>
                <TextEquiv>
                    <Unicode>des Vertrages zur Folge hatten. Die Sache liegt wie gesagt, augen-</Unicode>
                </TextEquiv>
            </TextLine>
            <TextLine id="tr_2_tl_8" custom="readingOrder {index:7;}">
                <Coords points="552,2360 1339,2309 1727,2350 1852,2286 2159,2332 2348,2306 2355,2193 556,2276"/>
                <Baseline points="567,2338 609,2335 654,2335 698,2332 743,2329 788,2329 833,2329 878,2326 922,2323 967,2320 1012,2317 1057,2317 1102,2314 1146,2314 1191,2311 1236,2308 1281,2305 1326,2302 1370,2299 1415,2299 1460,2296 1505,2296 1550,2293 1594,2290 1639,2290 1684,2287 1729,2287 1774,2284 1818,2278 1863,2278 1908,2275 1953,2272 1998,2269 2042,2269 2087,2272 2132,2266 2177,2266 2222,2263 2266,2260 2311,2255 2356,2252"/>
                <TextEquiv>
                    <Unicode>blicklich so, dass wir über Ihre Stücke verfügen können, wenn sich</Unicode>
                </TextEquiv>
            </TextLine>
            <TextLine id="tr_2_tl_9" custom="readingOrder {index:8;}">
                <Coords points="559,2454 589,2438 683,2468 984,2415 1111,2436 1362,2401 1367,2336 1251,2320 1064,2371 974,2339 884,2369 688,2350 563,2376"/>
                <Baseline points="573,2425 609,2422 654,2419 698,2419 743,2416 788,2413 833,2413 878,2410 922,2410 967,2413 1012,2407 1057,2404 1102,2401 1146,2398 1191,2395 1236,2395 1281,2392 1326,2392 1370,2389"/>
                <TextEquiv>
                    <Unicode>eine Nachfrage irgendwo regt.</Unicode>
                </TextEquiv>
            </TextLine>
            <TextLine id="tr_2_tl_10" custom="readingOrder {index:9;}">
                <Coords points="686,2535 2126,2484 2306,2450 2309,2396 1796,2424 1644,2378 690,2463"/>
                <Baseline points="701,2508 743,2505 788,2502 833,2499 878,2499 922,2499 967,2496 1012,2496 1057,2493 1102,2487 1146,2487 1191,2484 1236,2482 1281,2482 1326,2479 1370,2476 1415,2476 1460,2476 1505,2476 1550,2473 1594,2470 1639,2464 1684,2464 1729,2464 1774,2461 1818,2461 1863,2455 1908,2455 1953,2452 1998,2449 2042,2443 2087,2443 2132,2440 2177,2437 2222,2437 2266,2434 2311,2434"/>
                <TextEquiv>
                    <Unicode>Vom Neuen Theater in Budapest ziehe ich ein festes Honorar</Unicode>
                </TextEquiv>
            </TextLine>
            <TextLine id="tr_2_tl_11" custom="readingOrder {index:10;}">
                <Coords points="566,2623 2196,2572 2413,2540 2415,2450 568,2549"/>
                <Baseline points="579,2598 582,2601 627,2598 672,2598 716,2595 761,2595 806,2592 851,2589 896,2586 940,2586 985,2583 1030,2580 1075,2580 1120,2580 1164,2577 1209,2577 1254,2574 1299,2568 1344,2565 1388,2565 1433,2562 1478,2559 1523,2559 1568,2556 1612,2556 1657,2556 1702,2550 1747,2547 1792,2544 1836,2541 1881,2541 1926,2538 1971,2535 2016,2535 2060,2529 2105,2526 2150,2526 2195,2526 2240,2523 2284,2520 2329,2520 2374,2517 2419,2520"/>
                <TextEquiv>
                    <Unicode>von 500 Kronen ver, obgleich es mir für Budapest etwas viel scheint.</Unicode>
                </TextEquiv>
            </TextLine>
            <TextLine id="tr_2_tl_12" custom="readingOrder {index:11;}">
                <Coords points="748,2710 2348,2657 2355,2544 753,2616"/>
                <Baseline points="764,2682 788,2679 833,2676 878,2673 922,2673 967,2673 1012,2670 1057,2673 1102,2670 1146,2667 1191,2664 1236,2658 1281,2655 1326,2655 1370,2658 1415,2655 1460,2652 1505,2649 1550,2646 1594,2643 1639,2643 1684,2637 1729,2631 1774,2631 1818,2631 1863,2628 1908,2628 1953,2628 1998,2622 2042,2622 2087,2619 2132,2619 2177,2616 2222,2613 2266,2607 2311,2607 2356,2610"/>
                <TextEquiv>
                    <Unicode>Wir haben gleichzeitig von einem ungarischen Verleger, der</Unicode>
                </TextEquiv>
            </TextLine>
            <TextLine id="tr_2_tl_13" custom="readingOrder {index:12;}">
                <Coords points="573,2796 2272,2745 2378,2715 2380,2653 577,2701"/>
                <Baseline points="585,2777 594,2774 639,2774 683,2774 728,2771 773,2768 818,2768 863,2765 907,2762 952,2759 997,2759 1042,2759 1087,2756 1131,2750 1176,2750 1221,2750 1266,2747 1311,2747 1355,2744 1400,2744 1445,2741 1490,2741 1535,2738 1580,2735 1624,2735 1669,2732 1714,2729 1759,2726 1804,2723 1848,2720 1893,2720 1938,2717 1983,2714 2028,2714 2072,2708 2117,2711 2162,2708 2207,2706 2252,2706 2296,2703 2341,2700 2386,2691"/>
                <TextEquiv>
                    <Unicode>die Bücher druckt, die das Neue ungarische Theater spielt, die mit-</Unicode>
                </TextEquiv>
            </TextLine>
            <TextLine id="tr_2_tl_14" custom="readingOrder {index:13;}">
                <Coords points="575,2893 619,2907 734,2886 813,2918 898,2891 942,2914 947,2812 863,2812 845,2794 794,2821 771,2812 686,2826 649,2803 577,2803"/>
                <Baseline points="588,2858 594,2858 639,2861 683,2861 728,2861 773,2858 818,2855 863,2852 907,2852 952,2846"/>
                <TextEquiv>
                    <Unicode>folgende Uebe</Unicode>
                </TextEquiv>
            </TextLine>
        </TextRegion>
    </Page>
</PcGts>
