2646 3559
1074 176 1237 301 248.
785 246 1836 421 S. Fischer, Verlag, Berlin W., Búlowstraße 90
1786 399 2130 552 16. Mai 1911
622 850 1360 991 Herrn Dr. Arthur Schnitzler
1377 941 1721 1076 Wien XVIII
321 1054 858 1189 Lieber Herr Doktor,
411 1217 2268 1342 verbindlichsten Dank für die Ueberlassung von „Bartha Garlan“ für dies
326 1312 2220 1445 Bibliothek; ich denke, im April nächsten Jahres kommt dann die billige
331 1397 755 1533 Ausgabe heraus.
439 1425 2296 1591 Ihr freundliches Anerbieten, uns Ihre neue Hovelle zum Abdruck in der
321 1545 2318 1656 Rundschau für ein Honorar von M. 1200.- (Zwölfhundert Mark) zu überlassen,
339 1668 2313 1769 akzeptieren wir dankend. Ueber den Zeitpunkt der Veröffentlichung verstän-
336 1766 2348 1904 digen wir uns noch, wenn das Manuskript eingetroffen ist; vermutlich August
336 1854 760 1952 oder September.
464 1889 2333 2030 Das Schauspielhaus hat den "Medardus" unter Berufung auf die unzuläng-
341 2025 1518 2125 lichen Kräfte für die Herstellung abgelehnt.
487 2095 2373 2238 Die Sache mit dem schwedischen Verlag ist geordnet, die zurückbezahlte
336 2210 1688 2311 Summe von 300 Mark haben wir Ihrem Konto belastet.
472 2258 2396 2393 An Anton Lindner habe ich bisher noch nicht gedacht, ich werde gelegent-
344 2371 946 2484 lich an ihn schreiben.
469 2433 2386 2587 Auf Ihre Notizen wegen der nicht verrechneten Aufführungsdaten kann ich
341 2549 1162 2694 Ihnen folgende Auskunft geben:
956 2554 2311 2735 Krefeld: Die Garantie von 50 Mark ist Ihnen am 17.
497 2642 933 2767 "Abschiedssouper"
926 2727 2358 2852 Januar er, verrechnet worden, die Summe ist durch die
928 2810 2401 2930 von Ihnen notierten Aufführungen noch nicht überspielt.
906 2890 2376 3021 Aachen: ist Ihnen am 23. April 1909 verrechnet worden.
497 2837 790 3031 “Liebelei“.
906 2993 2341 3128 Küstrin ist ein Sommertheater, hat nicht bezahlt und
921 3073 1701 3201 ist von uns verklagt worden.
