2216 3480
1157 240 1318 328 212
1060 391 1231 541 1630
516 505 1797 634 S. FISCHER,VERLAG, BERLIN W., BÜLowSTR. 90
907 615 1414 716 THEATERABTEILUNG
1084 759 1831 891 BERene W., DEN. 29. Februar 08
697 1049 1385 1162 Herrn Dr. Arthur Schnitzler
1408 1108 1692 1199 Wien XVIII
1338 1179 1705 1269 Spöttelgasse 7
674 1329 1165 1453 Lieter Herr Doktor,
803 1424 1922 1559 ich schicke Ihnen die Original-Correspondenz
656 1523 1948 1663 mit Graan, aus der Sie alles Weitere ersehen werden.
656 1646 1903 1736 Braon hat für Nürnberg bezw. für Düsseldorf M. 6.-
660 1720 1876 1818 pro Abend pauschaliter zu bezahlen gehabt. Hätte
663 1803 1879 1932 er dort 3 % Tantième zahlen sollen, so wäre ver¬
671 1908 1948 1987 mutlich viel weniger herausgekommen, denn es werden
674 2009 1930 2111 nicht viel Aufführungen gewesen sein, die mehr als
672 2069 1866 2206 200 Mark gebracht haben, die meisten werden be-
668 2177 1565 2283 trächtlich darunter geblieben sein.
872 2244 1940 2370 Hinsichtlich des Romans bitte ich mir noch
684 2339 1916 2481 einige Tage Zeit zu geben, bis ich die Sache auch
679 2421 1895 2558 technisch besserübersehen kann. Seien Sie über-
684 2510 1824 2659 zengt, dass ich bezüglich des Zeitpunktes das
1252 3053 1763 3227 I have to inform you that the
1895 3073 2127 3251 Firr
629 3111 764 3198 an
