2666 3208
1084 241 1196 351 275
716 258 1989 449 Fischer, Verlag, Berlin W., Bülowstrasse 90
1146 415 1456 535 29/3. 1912
528 740 1294 976 Herrn Dr. Arthur Schnitzler
1284 888 1461 1050 Wien
461 1053 1010 1175 Lieber Herr Doktor,
602 1160 2371 1280 mir fällt eben ein, dass es kaum angehen wird, die Novellen, die
480 1258 2392 1385 wir im Juni erscheinen lassen wollen, in den Gesammelten Werken fehlen
470 1337 2204 1452 zu lassen. Wenn wir das tun, werden die Gesammelten erzählenden
480 1409 2376 1552 Schriften sehen im Juni unkomplett sein. Die Käufer Ihrer Gesammelten
478 1507 2395 1626 Werke werden sich benachteiligt fühlen, und ich glaube, es wird nichts
485 1609 2249 1736 anderes übrig bleiben, als dass wir die Novellen den Gesammelten
487 1686 2392 1800 Schriften einverleiben. Für die Gesammelten Schriften ist es unerläss-
492 1791 2325 1908 lich, dass sie auch Ihre letzten Novellen enthalten, während es für
492 1877 2407 1986 die Käufer des neuen Novellenbuches nicht besonders ins Gewicht fallen
494 1965 2254 2080 dürfte, dass diesem Buch durch den Vorabdruck in den Gesammelten
494 2037 2142 2175 Schriften der Reiz der ersten Veröffentlichung genommen ist.
635 2139 2340 2271 Bitte geben Sie mir sogleich Bescheid, wie Sie darüber denken,
497 2232 2271 2419 ich muss am 2. April auf 14 Tage verreisen und möchte vorher alle
492 2352 1325 2457 Dispositionen getroffen haben.
647 2388 2194 2588 Was sagen Sie zu der anliegenden Notiz? stimmt denn das?
984 2502 1612 2624 Mit herzlichen Grüssen
1585 2664 1991 2860 L. Fischer
