2616 3271
1093 151 1251 268 240
789 217 1816 364 S. Fischer, Verlag, Berlin W., Bülowstraße 90.
1796 368 2301 506 den 28. Jan. 1911
510 677 1283 888 Herrn Dr. Arthur Schnitzler
1235 807 1551 942 Wien XVIII
524 984 1089 1123 Lieber Herr Dektor,
727 1073 2390 1233 das Landestheater in Prag hat, so lange Angele Neumann lebte,
538 1210 2292 1352 gewohnheitsmässig die geringsten Tantiemen bezahlt, in der Regel
538 1279 2313 1430 5 % für ein abendfüllendes Stück. Mit Mühe und Not ist es uns ge-
554 1386 2352 1519 lungen, für "Marionetten" 7 % zu bekommen, während "Ruf des Lebens"
551 1482 2384 1622 und "Zwischenspiel" mit 5 % abgeschlossen werden mussten. Wir haben
542 1562 2384 1704 dem Landestheater geschrieben, dass wir in Zukunft nicht mehr unter
547 1656 2361 1777 10 % abschliessen, und uns dabei auch auf Ihren Wunsch berufen, an
560 1741 2377 1855 dieser Tantieme festzuhalten. Nun will dieses Theater "Das Märchen"
560 1844 2400 1951 aufführen und wir bestehen auch bei diesem Stück auf 10 %. Ich über-
560 1924 2402 2066 sende Ihnen den Brief des Landestheaters und bitte Sie, sich darüber
563 2024 890 2141 zu äussern.
743 2102 2422 2205 Mit Handl habe ich nichts abgemacht. Finden Sie, dass ein sol
574 2180 2404 2301 ches Buch besser unterbleibt, so werde ich es natürlich nicht gegen
574 2283 1491 2409 Ihren Willen durchsetzen wollen,
782 2372 1427 2496 Mit herzlichen Grüssen
1462 2443 1835 2548 Ihr ergebener
1576 2528 2031 2807 S. Fischer
