2616 3416
282 226 864 392 S. Fischer, Verlag, Berlin,
397 528 2186 691 kläre Sie darüber einfach auf, damit Sie sich nicht durch unklare
382 638 2329 793 Flunkereien in der Vertretung Ihrer Interessen bei mir unsicher fühlen.
397 762 2283 876 Nachdem ich den Bühnenvertrieb meinem Verlag angegliedert habe, haben
406 832 2341 964 es alle andern Verleger auch getan, und ich kann Ihnen die Versicherung
404 905 2237 1047 geben, dass keiner der guten Verleger weniger für die Stücke seines
406 1029 2268 1122 Verlages tut als Herr Sliwinski, im Gegenteil, ich glaube, mehr. Die
414 1098 2368 1229 Theater, deren Adressen ich hier beilage, bekommen unsere Zirkulare, ich
419 1185 2134 1317 weise die Bühnen ausdrücklich noch einmal auf den "Anatol" hin.
526 1295 2241 1390 Glauben Sie dennoch, dass Ihre Interessen für "Anatol" in Amerika
416 1368 2217 1489 besser durch Sliwinski vertreten werden, so fragen Sie doch einmal
416 1455 2290 1562 direkt bei Sliwinski an, bei welcher Bühne er den "Anatol" in Amerika
421 1533 2322 1699 anbringen und welche Garantie er dort erzielen könnte. (Vielleicht hat
428 1653 2314 1745 er eine direkte Anfrage bekommen, die er royaler Weise mir hätte über-
2032 183 2244 389 Blatt 2
1098 273 1266 387 190
421 1711 2307 1850 mitteln müssen). Ich stelle also anheim, dass Sie mit Sliwinski wegen
428 1825 1555 1952 des "Anatol" direkt in Verbindung treten.
560 1876 2266 2008 Das "Weite Land" ihm zu übergeben, hat einstweilen wirklich gar
428 2018 2293 2134 keinen Zweck. Warten Sie doch die Erfolge mit "Anatol" in Amerika ab,
431 2086 2259 2227 und bedenken Sie auch, dass Amerika für das "Weite Land" nicht reif
433 2205 730 2332 genug ist.
569 2276 2263 2400 Den zweiten Band des Nibelungenliedes bitte ich Sie, direkt an
441 2366 2332 2470 den Tempel-Verlag G. m. b. H., Leipzig, Seeburgstr. 57 zurückzusenden,
445 2426 2224 2543 ich habe veranlasst, dass Ihnen dafür ein anderes Exemplar zugeht.
574 2529 2334 2667 Die neuen Auflagen des "Medardus" werden nicht ausbleiben, einst-
448 2633 1463 2740 weilen haben wir noch einigen Vorrat.
596 2694 1903 2857 Mit herzlichen Neujahrsgrüssen von uns zu Ihnen
1794 2774 2171 2884 Ihr ergebener
1840 2913 2203 3081 Tische
