3186 3672
1581 294 1703 466 330
1282 344 1421 454 4.
796 389 2187 579 S. Fischer, Verlag, Berlin W., Bülowstrasse 90
1598 648 2212 805 Den 1. Oktober 1913.
623 835 820 1022 Herrn
1090 948 1751 1065 Dr. Arthur Schnitzler,
1895 1020 2244 1152 Wien XVIII
636 1105 1414 1242 Sehr geehrter Herr Doktor!
791 1197 2623 1342 In Berlin verkauft das russische Buchlager Polsa unautorisierte
648 1332 2646 1429 Uebersetzungen Ihrer Werke, welche die inliegende Vollmacht auffühlt.
651 1406 2576 1504 Gegen die unautorisierte Herstellung der russischen Uebersetzungen
651 1504 2596 1608 selbst können wir, weil die Werke vor den 1. August 1913 erschienen
653 1591 2554 1683 sind, nicht vorgehen, ebensowenig gegen den verkauf der Bücher in
651 1661 2501 1781 Russland. Der Verkauf in Deutschland ist jedoch unstatthaft und
658 1756 2594 1885 gerichtlich verfolgbar. Da durch diesen Verkauf die in Deutschland,
663 1830 2534 1950 Oesterreich-Ungarn und in der Schweiz lebenden russisch lesenden
658 1923 2584 2050 Bücherkäufer von den Kauf der deutschen Originalausgabe abgehalten
666 2040 2661 2135 werden könnten, so entsteht Ihnen durch den verkauf der unautorisier-
663 2122 2608 2234 ten jebersetzungen des Buchlagers Polsa, Berlin, ein beträchtlicher
666 2212 2673 2324 Schaden. Haben Sie die Güte, uns mitzuteilen, ob Sie uns ernächtigen,
673 2292 2598 2419 gegen das Buchlager Polsa gerichtlich vorzugehen und uns in diesen
666 2401 2299 2509 Fall die einliegende Vollmacht unterzeichnet zuzusenden.
810 2476 1883 2628 In vollkommener Hochachtung sind wir
2020 2576 2314 2678 ergebenst
1953 2653 2262 2788 S. FISCHER. VE
2337 2641 2459 2786 o/u
