2929 3495
1609 290 1747 450 VER
2128 536 2306 648 7. 1900
666 554 1009 679 AMT VI, No. 1662.
1513 536 1670 694 BERIL
1462 648 1734 753 BÜLOWSTRE
1495 732 1597 824 dang
956 816 1696 1002 Herrn Dr. Arthur Schnitzler
1500 928 1607 989 et leur se
1724 905 1823 974 G.H.F.P.
1701 961 1935 1022 Wien.
1665 976 2156 1114 an Sie, wie xxx
1136 1004 1238 1096 G.F.P.
1337 971 1503 1093 G.C.F.P
793 979 1037 1083 sere März
613 1040 1162 1203 Lieber Herr Doktor!
699 1096 2550 1289 Der Zusendung Ihrer Novelln seine ich mit grossem Interesse entgegen.
572 1241 2377 1378 Das erste soeben fertig gewordene broschierte Exemplar von
582 1348 2497 1447 lasse ich Ihnen per Kreuzband zugehen. Das Buch macht sich doch fertig
582 1421 2581 1566 viel besser wie ich dachte; ich finde, es sieht geschmackvoll und vornehm
582 1515 2550 1625 aus und ich noffe, es wird in dieser Form gut réüssieren. Das gebundene
595 1579 2621 1734 Exemplar wird sich noch viel geschmackvoller präsentieren. Ich stelle Ihnen
595 1681 2588 1790 und Coschall im ganzen von allen 3 Auflagen 70 Preienemplare zur Verfügung
590 1777 2578 1897 und zwar 35 broschierte und 35 gebundene. Ich denke, Coschall wird mit 20
597 1838 2329 1981 Exemplaren genug haben, so dass 50 Exemplare für Sie verbleiben.
727 1889 2614 2080 Ihrem Wunsche entsprechend stelle ich Ihnen das Honorar für 1½ Aufla¬
597 2024 2558 2171 ge im Betrage von 750 Mark zur Verfügung. Ich habe Ihnen das Honorar für
605 2128 2479 2268 eine Auflage angeboten, weil wir es so laut unserer Correspondenz und
605 2197 2649 2385 meiner Bestätigung vom 5. Dezember v. J. vereinbart haben. Die Vereinbarung
603 2309 2517 2418 lautet wörtlich, dass ich 3 Auflagen à 1150 Expl. drucke, mit 25 % vom
610 2405 2504 2515 Ladenpreis honoriere, wovon die Hälfte an Sie, die Höifte an Coschelle
605 2474 2540 2609 zu bezahlen ist. Eine Auflage wird im Voraus honoriert. - Es macht aber
615 2578 2476 2695 garnichts aus, dass ich Ihnen, wie schon erwähnt, das Honorar für 12
623 2652 2520 2807 Auflage zur Verfügung stelle. Der Ladenpreis für das broschierte Exel###
742 2771 1048 2901 ägt 4 Mark.
2001 2781 2245 2944 Jedes
747 2812 1551 3003 Es hat vorläufig kaum einen Zw.
623 2934 1594 3084 besonderen Vertrag machen, denn uns
