2926 3592
1265 363 1365 466 52
1086 414 1875 579 S. FISCHER, VERLAG
1423 572 1542 703 *
1535 715 2540 861 BERene W., den 25. Januar 189.8.
452 720 899 870 Telephon: Amt VI, No. 1662.
1636 825 1896 902 Bülowstrasse 91.
1093 1019 2312 1203 Herrn Dr. Arthur Schnitzler.
2078 1150 2343 1298 Wien.
1033 1313 1581 1437 Lieber Herr Doktor!
959 1408 2525 1557 Ihr Telegramm ist soeben eingetroffen; ich werde also die
631 1516 2470 1602 Versendung von „Freiwild“ aanz nach Ihrem Wunsche einrichten. Per
631 1590 2451 1722 Postpaket lasse ich Ihnen 25 Exempl. von „Freiwild“ zugehen (15
634 1703 1982 1822 Freiexemplare für Sie, 10 für die Wiener Presse).
849 1774 2494 1911 Auf den Umschlag zu „Anatol“ hat mich Heine von Tag zu Tag
636 1884 2511 1968 vertröstet. Gestern Abend kam nun endlich anstatt der Skizze die fer-
634 1946 2475 2040 tige Zeichnung, die allerdings wunderschön geworden ist. Da ich nun
631 2033 2544 2150 mit der fertigen Zeichnung zu rechnen habe, so habe ich, um keine Zeit
634 2145 2504 2241 zu verlieren, die Zeichnung auf Wunsch Heines sofort nach München zu-
624 2219 2492 2308 rückgeschickt. Heine wünscht, dass die Druckplatte unter seiner Auf-
629 2312 2487 2437 sicht in München reproduziert werde. Ich werden Ihnen, sobald die Re-
624 2403 2494 2496 produktion fertig ist, einen Probedruck zuschicken, sollte Ihnen die
624 2506 2463 2614 Zeichnung, was nicht zu erwarten ist, nicht gefallen, so werden wir
631 2563 2544 2688 eben einen anderen Umschlag nehmen müssen, aber ich glaube sicher. Sie
629 2650 2492 2757 werden daran Ihre Freude haben, denn es gehört zum besten, was Heine
622 2745 2492 2860 gemacht hat. Jedenfalls ist durch diesen Zwischenfall die Herausgabe
629 2826 2511 2958 des „Anatol“ um mindestens 14 Tage verzögert, denn die Reproduktion
619 2917 2518 3027 und der Druck müssen sehr sorgfältig behandelt werden. Ich werde also
617 3015 2535 3104 für jetzt nur „Freiwild“ und „Sterben“ zur Versendung bringen und,
629 3094 2496 3192 wenn Ihnen der Umschlag zum „Anatol“ gefällt, kann in 14 Tagen die
