3186 3672
804 359 2216 527 S. Fischer, Verlag, Berlin W., Bülowstrasse 90
1532 470 1839 613 4/12. 1913
835 776 1612 965 Herrn Dr. Arthur Schnitzler
1616 840 1750 1008 Wien
801 1117 1214 1233 Lieber Freund,
908 1167 2379 1332 vielen Dank für Ihren Brief. Die Listen der erteilten
776 1276 2343 1414 Uebersetzungsrechte werden wir prüfen und Ihnen zusenden.
940 1348 2497 1498 Um die Angelegenheit mit Björkman in Amerika in Fluss zu
785 1437 2445 1603 bringen, habe ich ihm einen Vertrag für den ersten Band, der
1255 1516 2606 1655 "Einsame Weg" und "Komtess Mizzi" enthalten soll,
1823 1591 2145 1655 de la riviere ou de lʼannée.
801 1591 1258 1698 „Zwischenspiel“
801 1616 2513 1786 vorgeschlagen, gegen Teilung aller Einnahmen. Björkman ist ein
1364 1637 1555 1691 DATES DES ACTES
863 1630 1283 1732 I
804 1707 2486 1866 Uebersetzer von Qualität und es ist wichtig, dass endlich mal
1519 1716 1673 1775 DATES DES ACTES
813 1791 2608 1954 einige Werke in guter Uebersetzung in englischer Sprache in einem
810 1866 2597 2052 guten Verlag herauskommen, Ich habe, unabhängig von Ihrer Verein-
1208 1882 2781 2057 die sich doch wohl nur auf Umführungsrechte bezieht
822 1986 2595 2132 barung mit Grein, Björkman das Recht eingeräuft, die Buchausgabe
826 2061 2645 2236 auch in England verwenden zu dürfen. Eine geographische Einschrän-
829 2132 2561 2315 kung liesse sich für die Buchausgabe ohnehin nicht durchführen,
835 2216 2660 2411 da eine englische Uebersetzung naturgemäss überall dort verbreitet
840 2313 2567 2497 werden kann, wo englisch gesprochen wird. Dagegen habe ich ihm
2331 2381 2458 2431 le sujet de nouveau
860 2393 2649 2615 vorläufig die Rechte der Aufführung für diese drei Stücke nur für
856 2499 2674 2681 Amerika übertragen, weil ja Ihr Vertrag mit Grein noch bis Februar
856 2592 2672 2769 nächsten Jahres läuft und weil es dann vielleicht zweckmässig ist,
872 2690 2647 2876 dass Grein den Vertrieb Ihrer Stücke, die Björkman übersetzt hat,
867 2774 2665 2962 gegen eine geringere Provision in Händen behält. Jedenfalls bitte
881 2853 2679 3053 ich Sie, mir zu sagen, ob Ihnen eine Combination dieser Art recht
