2759 3384
1270 105 1359 215 118
1514 183 1855 332 VERLAG
1016 188 1489 343 S. FISCHER,
1018 462 1352 597 kommen war,
1482 425 2333 592 BERene W., DEN 4. Juli 1804
373 462 819 565 TELEPHON:
846 462 958 558 G.F.P.
368 533 618 634 AMT VI, 1662
1473 533 1931 629 BÜLowSTRASSE 90/91
622 549 837 654 konnte.
1462 592 2354 709 Wir auf diese Weise keine Handhaber-
705 606 1430 730 Es tut mir sehr leid, dass
631 693 2468 814 Herrn Dr. Arthur Schnitzlerseits brauchen wir uns doch keine
1546 782 2297 908 Wien XVIII
640 807 1041 931 Vorwürfe darüber
1089 807 1180 894 G.F.P.
1505 862 2320 1006 Spöttelgasse 7
791 883 1432 990 eingegangen sind, denn
1684 956 2324 1064 nur dieses Jahres bei dem
904 956 1636 1064 man, das liebe sich im Februnft
714 979 824 1073 G.H.F.P
689 1057 1226 1116 Lieber Herr Doktor!
2251 1032 2368 1144 G.C.F.P.
1755 1043 1935 1148 klieh x
698 1055 1670 1169 kter des Unternehmens von Leidmann
631 1128 2438 1254 Wir haben sogleich uns wegen der Lindemann'schen Angelegen-
663 1244 2377 1345 heit mit Herrn Justizrat Jonas in Verbindung gesetzt, ihm die
640 1299 2425 1437 ganze Correspondenz vorgelegt und von ihm, wie wir nicht anders
650 1405 2374 1523 erwartet haben, das Gutachten bekommen, dass eine Klage gegen
689 1517 2406 1604 Lindemann aussichtelos sei. Lindemann hatte swar telegraphisch
698 1590 2413 1711 den „Einsamen Weg“ angenommen und in einer andern Depesche die
695 1661 2464 1784 Garantiesumme acceptiert. Wir haben aber in unserm Contract, der
659 1764 2438 1876 ihm daraufhin zur Unterschrift zugeschickt wurde, zur Bedingung
670 1862 2466 1983 gemacht, dass die Garantiesumme im voraus zahlbar sei. Lindemann
698 1949 2425 2052 hat diese Bedingung nicht acceptiert — vermutlich war er durch
695 2018 2466 2143 die inzwischen erfolgte Aufführung des „Einsamen Neg“ von seinem
661 2104 2454 2233 Plane wieder abgekommen - er wollte die Garantiesumme erst nach
668 2194 2411 2324 Ablauf des Contracts im Jahre 1906 ausgleichen. Auf diese Be-
663 2285 2420 2402 dingung einzugehen waren wir nicht in der Lage, da Sie sowohl
709 2358 2509 2491 bei Ihrer Anwesenheit in Berlin wie auch später in Ihren Briefen
668 2464 2461 2592 aus Wien auf die vorherige Zahlung der Garantiesumme bestanden
668 2546 2422 2692 haben. Wir hatten die Verhandlungen nicht abgebrochen, sondern
677 2631 2384 2750 Wenn auf den Standpunkt gestellt, dass wir auf die Vorauszahlung
661 2736 2384 2850 der Garantiesume nicht versichten können. Dunsch hatte, wie
707 2798 2457 2987 Jusizrat Jonas meint, Lindemann das Recht, den Vertrag als nicht
