2610 3512
736 515 1834 715 CHER,VERLAG, BERene W., BÜLÖWSTR. 90
982 681 1450 800 THEATERABTEILUNG
1147 827 1832 981 BERene W., DEN 28. Sept. 08
780 1108 1469 1264 Herrn Dr. Arthur Schnitzler
1474 1168 1738 1285 Wien XVIII
1445 1253 1813 1344 Spöttelgasse 7
686 1443 1186 1565 Lieber Herr Doktor.
818 1521 1924 1647 Eduard Bloch hat mir versorochen, mir Nach-
645 1655 1951 1759 richt darüber zu geben, ob vom 1. Juli bis jetzt et-
616 1733 1906 1868 was für Sie bei Entsch eingegangen ist. Die Frage.
653 1801 1935 1953 in wie weit er für das, was bei Hatsoh seit 1. Juli
640 1906 1925 2026 eingegangen ist. haftbar ist, konnte im Augenblick
648 2005 1953 2127 nicht gelöst werden. Herr Bloch meint, dass wir uns.
656 2090 1953 2225 da es sich zunächst um eine rein theoretische Frage
640 2176 1933 2324 handelt, darüber erst zu verständigen hätten, wenn
663 2269 1951 2417 feststeht. ob und wieviel überhaupt von 1. Juli bis
660 2362 1875 2513 jetzt für Sie eingegangen ist. Sollte inzwischen
665 2477 1953 2586 etwas bei Bloch für Sie bezahlt sein, so wird er es
1266 2572 1855 2696 verschieke sofleich an
692 2557 1054 2699 mit mir verrecht
