2705 3624
1757 333 2175 474 Blatt 2
926 346 1166 492 190
187 336 891 487 S. Fischer, Verlag, Berlin,
290 709 2128 861 sprechung, es wirkt sehr stark und lebendig und bereitet eine gute
285 833 664 969 Stimmung vor.
424 868 2178 1035 In der Rundschau könnte das Vorspiel im Septemberheft abgedruckt
293 979 2155 1105 werden; aber natürlich ist das nur möglich, wenn Sie auf die Ausgabe
303 1052 2196 1201 des Buches vor der Premiere verzichten, denn sonst ist der Termin zwi-
305 1163 1613 1302 schen Abdruck und Buchausgabe ein gar zu kurzer.
462 1247 2261 1378 Die Rundschau hat einen Honorarsatz von 25 Mark pro Seite für ihre
313 1343 2170 1459 besten und ausgezeichnetsten Mitarbeiter festgesetzt. Mehr kann eine
305 1426 2307 1555 Zeitschrift von dem ernsten Charakter der Rundschau mit dem besten Willen
308 1484 2334 1640 nicht leisten. Bei einem Romanwerk, das zu einem Pauschalhonorar erworben
323 1595 2309 1726 wird, müssen wir zuweilen grössere Opfer bringen. Das haben wir beim "Weg
310 1696 2289 1847 ins Freie“ getan und das mussten wir auch beim „Emanuel quint“ von Haupt-
321 1789 2319 1905 mann tun. Der Roman von Hauptmann ist umfangreicher als Ihr Roman gewesen
328 1873 2261 2011 ist, das Honorar ist im Verhältnis ungefähr das gleiche, dass Sie s. Zt.
326 2001 755 2112 bekommen haben.
487 2034 2370 2178 Die neue Auflage des "Märchen" ist soeben fertiggestellt; das Honorar
333 2138 2360 2266 für die dritte Auflage im Betrage von M. 625.- (Sechshundert fünfundzwanzig
333 2203 2276 2398 Mark) überweisen wir gleichzeitig auf Ihr Konto bei der allgem. österr.
333 2342 1040 2471 Bodencreditanstalt, Wien.
474 2377 2398 2546 Ich gratuliere Ihnen zu dem neuen Hause, zu den nun auch der Tantiemen-
341 2529 989 2660 segen hinzukommen soll.
477 2552 2393 2698 Unsere Reise war sehr schön, leider habe ich die ganze Zeit mit einem
338 2675 2244 2829 Abszess zu tun gehabt, der auch heute noch nicht ganz auskuriert ist.
931 2776 2039 2917 Mit herzlichen Grüssen von uns zu Ihnen
1857 2824 2256 2983 Ihr ergebener
1888 2960 2385 3177 S. Fischer
