2680 3272
844 529 2075 715 füssung würde es sehr wohl möglich sein, dass das
852 640 2058 808 Puppentheater in demselben Ort etwas spielt, was
864 726 2061 907 auch auf einer grossen öffentlichen Bühne darge¬
866 824 2096 1012 stellt wird. Es würde dann eben darauf ankommen,
880 922 2108 1100 in den Verträgen die entsprechende Klausel zu ma¬
889 1021 2143 1183 chen. Es handelt sich hier also nicht um die juris-
899 1114 2124 1272 tische, sondern um die praktische Frage, nämlich,
908 1189 2119 1371 ob die grossen Bühnen die Stücke, die das Suppen¬
915 1282 2182 1461 theater schon gespielt hat oder spielen wird, unter
930 1412 1926 1555 solchen Einschränkungen erwerben wollen.
1081 1487 2123 1613 Beim Marionetten-Theater käme es doch mehr
941 1551 2144 1719 auf die künstlerische Form der Darbietung anwund
954 1644 2196 1815 weniger auf die Tantiemen-Frage. Herr Brann bietet
957 1752 2141 1906 50 Mark Garantie und 6 Mark pro Aufführung. Bei
968 1846 2173 1997 den früher schwebenden Verhandlungen hatten wir
976 1922 2176 2080 50 Mark Garantie und 3 % der Einnahmen verlangt,
982 2025 2193 2173 aber es ist ja nicht zu übersehen, ob die Einnah-
993 2126 1970 2292 men irgendwie nennenswerte sein werden.
1286 2240 1773 2337 Mit besten Grüssen
1776 2272 2157 2405 Ihr ergebener
1788 2386 2165 2555 Kfischer
