2631 3192
367 395 2237 623 bei dieser Ausgabe, die ja nicht die Ausgaben letzter Fassung zu sein
363 609 1109 737 braucht, einlassen können.
528 632 2234 828 Das Schillertheater möchte gern im Mai den "Grünen Kakadu" und
400 744 2241 897 "Paracelsus" spielen. Wie denken Sie darüber? Da Brahm doch wohl die
381 825 2209 1004 Rechte für diese Stücke hat, sie aber wahrscheinlich in diesem Jahr
381 930 2251 1081 nicht spielt, so wäre ein solches Anerbieten doch wohl nicht einfach
393 1063 1051 1183 von der Hand zu weisen.
1009 1093 1646 1237 Mit herzlichen Grüssen
1611 1190 1727 1281 Ihr
1607 1267 2046 1451 f.fischer
