3186 3672
1389 225 1554 321 22
2180 335 2354 543 1.11
2276 530 2361 685 be
860 699 1020 812 wäre.
1000 766 2542 878 Was nun Greins Anregung eines offenen Briefes an ihn be-
873 834 2607 945 trifft, so ist mir das sehr sympathisch. Ein Prozess in England
860 910 2501 1059 ist ein ziemlich kostspieliges Vergnügen. Wenn Sie an Grein
873 1009 2717 1128 einen offenen Brief mit dem Gutachten des Deutschen Verlegervereins
869 1114 2639 1265 richten, so wird das in der englischen Presse sicher kommentiert
876 1238 1080 1353 werden.
1016 1293 2611 1403 Ihre Anfragen an die Theaterabteilung wegen nicht verrech-
871 1382 2701 1495 neter Aufführungen werden nach genauer Prüfung beantwortet werben.
1337 1481 1981 1589 Mit herzlichen Grüssen
1944 1543 2049 1644 Ihr
2027 1584 2570 1795 Hfischer
