2610 3512
780 912 1983 1043 damit einverstanden sind und mir ein Wort depe¬
773 1011 1997 1137 schieren, so kann das Buch morgen in Satz gehen.
905 1127 1400 1247 Mit besten Grüssen
1436 1203 1540 1281 Ihr
1212 1252 1678 1431 S.Fischer
728 1420 1982 1542 P.S. Der englische Uebersetzer, der „Die Frau mit
745 1503 2103 1651 dem Dolche" übersetztfragt auch wegen der Uebersetzung
746 1601 2061 1742 Ihres Romans „Der Weg ins Freie“ an. Ich denke, wenn
758 1685 1965 1854 er einen Verleger hat, können wir weiter darüber
767 1850 1006 1934 sprechen.
