6104 4664
4344 76 5584 169 mem Verstanonis dem Gevanten des Romans
3908 148 5580 233 nach: nicht sein zu dürfen, was man eigentlich ist. Es handelt
1842 186 2138 254 Nunseh,
2185 169 3853 267 wird, eine Stulle ißt und eine halb leer getrunkene Flasche
1427 199 1702 271 Reichow,
3912 212 5567 296 sich um den Konflikt des aus dem Ghetto herausgewachsenen
478 233 1050 313 Kimischen Facultät ke
478 250 2134 356 Röntgen u. a. Ein Teil der Universität ist noch heute in der
2189 241 3848 334 Bier an den Mund setzt. Während Philine unten im.Cornet
2185 271 5559 406 liest: „Da sind sie alle einander nah, die aus Frankreich Juden, der, um seine Kunst durchzusetzen, sich taufen lassen muss
483 296 2138 428 historischen Räumen der 1582 bis 1591 erbauten alten Universität
3908 339 5572 411 und nach Abenteuern in ganz Europa sich in den Wurzeln seines
478 356 2138 500 untergebracht, einem schönen Renaissancebau mit Kirche, deren
2185 373 3853 474 kommen und aus Burgund..." Da fällt ihr ein, daß sie
3908 390 5589 483 Volkes wiederfindet. — Man bekam den Eindruck, daß der Dichter
474 440 1486 555 prächtiger Turm als Sternwarte dient.
2193 436 3853 538 in Berlin doch reiten lernen möchte. In einem Tattersall.
3908 449 5030 542 (der anwesend war) vieles zu sagen hat.
5351 453 5525 538 L. Z.
1651 449 2028 584 er Winterh,
2185 512 3865 593 Was das wohl kosten wird? „Das haben wir alles schon als
876 491 1668 610 Veranstaltung der Berlin
3937 512 5567 605 Musik. Der Kursus der Klavierliteratur von Bach bis zu
1651 555 1990 635 im 10 Uhr aben
512 533 889 627 Die Festve
1334 576 1778 690 Sonnabend, „Uebertre“
2202 576 3840 673 Kinder gelernt", sagt Manola. „Besonders das Reiten.
3908 572 5580 677 Gegenwart, den Franz Osborn veranstaltet, beginnt am 5. Januar,
639 584 889 677 Krollo
1821 588 1990 686 auch der Herrn Regierung
936 597 1169 699 x beginnt
1821 597 2138 745 Sigrid Onegin
635 618 902 716 „ Besprech“
1439 631 1787 737 sezember) wurd.
2185 660 4263 749 Sie nennt es nur „Reiten“, ihren Beruf, der auch kühnen abends 8 Uhr.
652 673 906 766 chen Oper
889 656 1194 766 (Abendblatt
466 724 1914 847 als Azucena genannt. Es sang aber Melitta Amerling.
2193 843 5584 978 junge Volk sich immer entgegenfreute. Bald hielten wir vor jemand erblickt, ja einfach davonzulaufen, Doktor Mülling
2185 919 5572 1020 dem Gasthof, der sich ohne zureichenden Grund als „Grand zu holen und ihm zu erklären, daß ich unmöglich allein Frau
610 919 2024 1113 Der Sekundant
3916 978 5584 1097 Agathe die grauenvolle Nachricht zu überbringen imstande
2185 1008 3857 1105 Hotel“ bezeichnete; ich stieg aus, Doktor Mülling ließ sich von
2206 1080 3865 1169 dem Kutscher weiterfahren zu der Villa, in der er ein Zimmer
1071 1080 1558 1215 Novelle von
3950 1092 5567 1211 Da trat aus dem Dunkel des Innenraums der Diener au
2206 1135 3865 1257 gemietet hatte, drückte mir die Hand und erklärte, daß er mich
3899 1194 5584 1270 die Veranda und grüßte. Offenbar hatte er meine Schritte
766 1164 1876 1317 ARTHUR SCHNITZLES
2206 1215 3315 1308 um vier Uhr nachmittag aufsuchen wolle.
2252 1257 5580 1380 Ich vertauschte den Touristenanzug, der mir für meine von innen gehört. Es war ein junger, blonder Mensch in
3908 1325 5589 1465 einer blauweißgestreiften Leinenjacke, ging ein paar Stufen
1177 1346 2151 1478 Copyright 1931 by Heinrich Schnitzler
2210 1351 3857 1461 Mission doch wenig angemessen schien, mit einem dunkel
533 1384 881 1516 1. Fortsetzung
3912 1406 4856 1516 hinab mir entgegen und er sagte:
2214 1423 3857 1528 grauen und wählte mit Bedacht eine schwarzgestreifte
563 1431 2159 1583 Mülling zuckte die Achseln. „Ich glaube nicht. Jedenfalls
3967 1439 5572 1571 „Die Herrschaften sind nicht zu Hause. Der gnädige Herr
2193 1499 3865 1596 Krawatte. Ich war am Ende nur auf meinen Geschmack, ja
478 1524 2151 1647 hat sie von dem bevorstehenden Duell nichts gealnt und
2197 1550 5572 1655 auf meine Intuition angewiesen, denn für einen Besuch, wie ist schon gestern fortgefahren und die gnädige Frau ist noch an
478 1600 2024 1736 weiß bis zu dieser Stunde nicht, daß ihr Mann tot ist.
2197 1613 5584 1732 er mir bevorstand, gab es begreiflicherweise keine allgemein See unten.“. — Da ich nicht Miene machte, mich zu entfernen,
538 1668 2147 1795 Jetzt erst mit einer Art von Schrecken verspürte ich, daß
2214 1685 5589 1799 gültigen Vorschriften. Bedrückten Herzens machte ich mich fügte er hinzu: „Aber wenn Herr von Eißler sich vielleicht
495 1749 2159 1867 uns der fahrende Zug der unglücklichen Frau immer näher
3925 1744 5593 1854 gedulden wollen — die gnädige Frau muß jeden Moment
2214 1774 2604 1876 auf den Weg.
2252 1791 4162 1935 Seitab hinter dem Gasthof führte ein abkürzender Pfad da sein."
487 1821 1723 1943 brachte. „Wer soll es ihr sagen?“ fragte ich.
550 1833 2151 2024 „Es wird wohl nichts übrig bleiben, als daß wir beide —
550 1914 3874 2062 „Wir können unmöglich zu zweit antreten wie Komitec= mit gelegentlichen Ausblicken auf den See an etlichen kleineren
3975 1867 4547 2003 „Ich werde warten.“
2214 1977 3861 2070 Landhäusern vorbei zu der weißen, für meinen Geschmack
3984 1931 5605 2066 Der Diener schien einigermaßen verwundert, vielleicht fiel
504 2024 2142 2147 mitglieder“, dachte ich, „die eine Balleinladung überbringen.
2210 2036 3878 2142 etwas zu großartigen Villa, die Loiberger, natürlich nach
3929 2036 5589 2134 ihm die Starrheit, der unverständliche Ernst meiner Züge auf
2214 2113 3861 2197 eigenen Angaben, für sich hatte erbauen lassen. Ich ging
3929 2117 5601 2206 und mit rasch erkünstelter Leichtigkeit sah ich auf die Uhr
550 2087 2159 2244 „Wir hätten doch gleich von dort aus telegrafieren sollen“,
2214 2185 3882 2274 übertrieben langsam, damit nicht gleich ein zu rascher Atem
3937 2172 5601 2269 und bemerkte: „Ich hab' der gnädigen Frau nur etwas zu
508 2206 893 2316 sagte ich laut.
542 2227 2163 2345 „Die Depesche“, sagte Mülling „hätte ja doch nur eine Art
2210 2235 3870 2329 mich verriete, doch fühlte ich mich im ganzen ziemlich ruhig
3916 2248 5241 2354 bestellen“, und wiederholte: „Ich werde warten.
2210 2299 3882 2396 oder wenigstens gefaßt. Ich sagte mir, daß ich einfach eine
504 2312 2155 2426 von Vorankündigung sein können. Ueber die mündliche Be-
3980 2316 5597 2417 Der Diener nickte, ging voraus, rückte einen Sessel zur
2214 2367 3870 2460 Pflicht zu erfüllen hatte — das wollte ich in möglichst guter
508 2371 1672 2494 richterstattung kommen wir doch nicht weg.
2227 2388 5593 2540 Haltung tun; von meiner innerlichen Beteiligung durfte ich Seite, der die Mitteltüre zum Salon verstellte, ließ mich
3937 2460 5589 2544 vorbei, wies mit einer unbestimmten Geste auf die ver¬
563 2460 1550 2574 „Ich will es übernehmen“, sagte ich
2223 2515 3878 2642 nicht mehr merken lassen, als gute gesellschaftliche Form
542 2494 2155 2633 Darüber gab es dann noch eine längere Diskussion. Sie war
3937 2528 5597 2625 schiedenen Sitzgelegenheiten ringsum, verschwand im Neben¬
495 2591 2155 2697 noch nicht zu Ende, als unser Zug im Bahnhof Ischl einfuhr
3937 2591 5597 2688 zimmer, wo der Tisch zu sehen war, blitzblank mit zwei
2223 2578 2824 2693 forderte und erlaubte.
2257 2633 3882 2743 Das Gartentor stand offen, das kunstvoll geordnete Blumen¬
508 2655 2168 2773 Es war ein herrlicher Sommertag, auf dem Bahnsteig ein
3929 2663 5453 2765 Gedecken, schloß die Tür hinter sich und ließ mich allein.
500 2735 2130 2845 Gedränge von Ankommenden, Ausflüglern, Erwartenden,-
2235 2718 3882 2815 parterre leuchtete bunt, auf den weißen Bänken rechts und
3967 2731 5597 2824 Wie ein in Haft Gesetzter vor schwerer Einvernahme stand
2214 2786 3887 2875 links lag die Sonne, über die breite Veranda mit den grell¬
508 2786 2159 2904 auch Bekannte waren darunter, es war nicht ganz leicht, aus
3916 2811 5589 2896 ich in dem sommerlichen, aber kühl durchschatteten Raum
2223 2849 3857 2947 roten Korbsesseln war die rotweißgestreifte Markise gespann
491 2858 2163 2985 dem Stationsgebäude ungehindert auf die Straße zu gelan-
2227 2879 5597 3010 darüber im ersten Stockwerk standen die Fenster offen, der In ebenholzener Schwärze den Raum beherrschend stand das
491 2930 2176 3053 gen; aber endlich saßen wir im Wagen, ohne daß einer an
3937 2942 5605 3048 Piano da und weckte die Erinnerung an den letzten, noch
2223 2993 3870 3095 kleine Balkon vor der Mansarde lag im schiefen Sonnen
504 2993 2168 3103 uns herangekommen wäre und sausten auch schon davon. Der
3937 3019 5597 3108 nahen Musik-Abend, den ich hier verbracht hatte. Agathe
2235 3053 3882 3154 glanz. Kein Mensch war zu sehen. Alles ringsum war
508 3061 2168 3180 Staub wirbelte hinter uns her, die Sonne brannte heftig
2223 3091 5597 3222 still, nur der Kies unter meinem Schritt knirschte überlaut, begleitete ihre Freundin Aline zu einem Schubert'schen
504 3133 2185 3285 wir waren froh, als der Ort hinter uns lag und wir auf die
2227 3154 5601 3285 wie mir schien. Die Speisestunde war nah, vielleicht saß Lied. Ich sah ihre schmalen Finger über die Tasten
487 3205 1651 3332 Landstraße und bald in den Wald bogen.
3929 3218 5610 3315 schweben, ja ich glaubte beinahe Alinens Stimme zu
563 3264 3882 3395 Noch ehe wir von der letzten Straßenbiegung aus die ersten man schon beim Mittagmahl, vielmehr Agathe allein, denn
3929 3290 5610 3387 hören: „Dir Blumen und Kränze, Sylvia..“ Später,
512 3328 3878 3451 Bauernhäuser des Dorfs erblickten, hatte sich Doktor Mülling Eduard befand sich ja auf einer Dolomitentour. Ja, dies
2223 3362 5614 3480 war mein erster Gedanke, noch ehe es mir schreckhaft zu während die übrige Gesellschaft noch im Salon ge¬
491 3417 2172 3522 damit einverstanden erklärt, daß ich als der Fernerstehende
2223 3421 5614 3548 Bewußtsein kam, daß er zu dieser Stunde in der Leichen=blieben war, saß ich draußen im Garten, allein, von der
512 3480 2096 3603 Frau Agathe Loiberger die Trauernachricht bringen sollte.
2223 3484 5614 3616 kammer einer kleinen Garnisonsstadt aufgebahrt lag. Und lauen Nachtluft, der Musik und wohl auch von dem Cham¬
563 3556 2180 3658 Der See lag da glitzernd von tausend winzigen zerrissenen
2223 3556 5614 3696 plötzlich empfand ich, was mir für die nächsten Minuten bevor=, pagner, der bei den Gesellschaften im Hause Loiberger selten
504 3620 2180 3726 Sonnen. Vom gegenüberliegenden Ufer her, das im Dunste
3946 3624 5601 3721 fehlte, leicht benommen, ja beglückt. Vielleicht schlummerte
2235 3658 3887 3764 stand, als so grotesk, so unerträglich, so undurchführbar, daß ich
504 3688 2172 3781 der Ueberhelligkeit sich verschleierte, näherte sich spielzeughaft
2218 3705 5627 3844 mich ernstlich versucht fühlte, umzukehren, noch ehe mich ich sogar; und wie durch einen Traum spazierte Agathe
512 3755 2185 3904 das putzige Dampfschiff, dessen Schaukelwellen das badende
