6088 4504
4807 72 5543 226 ###
4360 98 4726 230 reuerns.
1916 98 4372 226 ... (v.t.tit.t.)
562 128 1686 230 kanzten einfach und schon wie Kinder.
2299 179 3955 255 dritte und vierte Band des Allgemeinen politischen und historischen
4045 200 5692 302 An der Sorbonne ist der erste Lehrstuhl für moderne fran¬
630 196 2235 307 Alle die verwirrten und betäubten und unglücklichen Köpfe
2295 234 2823 345 Briefwechsels folgen.
4015 264 5692 358 zösische Literatur errichtet worden. Ordinarius wurde der als
562 281 2235 387 ringsum sahen jetzt in eine Richtung, und sie folgten alle
4015 332 5680 413 Pascal=Kommentator sowie als moderner Literatur=Kritiker be¬
2329 319 3951 413 Rundfunk: Katholische Kirche zum Eigen¬
579 358 2222 434 dem Paar hin und her, und die betrunkene Frau in ihren
4002 400 5680 477 kannt gewordene Gelehrte Fortunat Strowski, Mitglied der
2282 400 3942 477 tumsbegriff. In einer neuen Reihe „Weltanschauung und
562 426 2222 507 Sessel hörte auf zu weinen. Die Platte war zu Ende ge¬
2299 460 5680 558 Eigentumsbegriff“ wurde die Stellung des Katholizismus zum Académie Française, ernannt. Er liest im ersten Semester über
579 490 3942 596 spielt. Die beiden atmeten tief und gingen langsam auf Thema von drei Fachgelehrten geklärt. Im Hauptreferat betrachtet.
4011 519 4372 605 Victor Hugo.
566 562 2235 634 einen Tisch zu, und er hatte seinen Arm um ihre Schulter
2295 588 3942 656 Professor Heinrich Weber, Münster, die verschiedenen Aspekte
4036 566 5680 668 Der Aegyptologe Professor Georg Steindorff, der kürzlich seinen
562 622 2239 698 gelegt. Das Bedienungsmädchen brachte zwei Gläser Bier
2286 643 3942 715 des Eigentums: seinen Doppelcharakter als privates und kollek¬
4002 639 5680 724 70. Geburtstag feierte, wird seine Lehrtätigkeit an der Universität
562 698 3951 783 und setzte sie vorsichtig auf die Tischplatte und sagte „Bitte lives, Eigentums=Recht, -Form und -Gebrauch. Auf Thomas
4006 715 5680 839 Leipzig über seine Emeritierung hinaus vertretungsweise auf
575 754 2222 839 schön!“ Und da fingen alle an, zu sprechen, und der alte
2282 775 4713 873 von Aquino fußend erklärten noch die letzten Päpste in Enzykliken ein weiteres Jahr ausüben.
596 966 3955 1069 Am Abend kam Eduard Loiberger an. Er hatte seinen tigkeit von einer gewissen, in Mitteleuropa neu eingeführ¬
4002 975 5692 1086 viel blässer gewesen, ja, man hatte deutlich gemerkt, daß vor
549 1064 3955 1145 Sommeraufenthalt unter dem Vorwand geplanter Kletter= ten japanischen Strauchart, die er auch in seinem eigenen
3985 1073 5680 1141 dem ersten Kugelwechsel seine Hand zitterte. Beide schossen
549 1124 2231 1218 touren in den Dolomiten unterbrochen, wozu eben jetzt
2282 1132 5688 1213 Garten anzupflanzen beabsichtigte und aus dem Wagen zugleich, keine Kugel traf; beim zweiten Gang war die Kegel
562 1192 2218 1269 ein wundervolles Augustwetter glaubwürdigen Anlaß bot
2286 1192 5671 1277 sprang er mit jener Elastizität, die man damals in Zeitungs= des Rittmeisters hart an Loibergers Schläfe vorbeigegangen
553 1256 2231 1341 Wir begrüßten ihn harmlos und brachten ihm in den alt¬
2282 1260 3942 1341 notizen immer wieder als besonderes Attribut regierender
3998 1277 5675 1362 und Loiberger hatte unwillkürlich nach der Stelle hingefaßt
549 1328 2218 1413 berühmten Gasthof auf dem Marktplatz, wo wir ihm das best
2286 1333 5680 1431 Fürsten erwähnt las. Das fiel mir ein und ich lächelte und nachher gelächelt. Beim dritten Gang aber, gleich nach
549 1401 3972 1482 Zimmer hatten reservieren lassen. Wir nahmen zusammen unwillkürlich. Loiberger sah mich in diesem Augenblick an,
3989 1405 5675 1486 dem Kommando, war er niedergesunken, noch ehe er selbst ge¬
553 1469 2218 1545 im Gastzimmer das Abendessen, plauderten angeregt, tran¬
2286 1473 3168 1558 und ich schämte mich ein wenig.
4015 1469 4343 1563 feuert hatte.
549 1524 2218 1609 ken, rauchten und fielen in keiner Weise auf, auch nicht den
2316 1528 3951 1626 Das Duell selbst ist mir beinahe wie ein Marionettenspiel
4057 1528 5675 1643 Und nun erst, als wäre er von einem gegebenen Worte
549 1597 2210 1673 paar Offizieren, die an einem Tisch in der gegenüberliegen
2282 1597 5671 1712 im Gedächtnis geblieben; als Marionette lag Eduard Loi= entbunden, bemerkte Doktor Mülling: „Die Wahrheit zu
549 1669 2218 1750 den Ecke saßen. Vollkommen sachlich berichtete Doktor Mül¬
2274 1677 3938 1754 berger da, als die Kugel seines Gegners ihn auf den Boden
4011 1690 5675 1775 sagen, ich habe es kommen gesehen; allerdings hatte ich es
549 1733 3938 1835 ling von dem Terrain, auf dem das Duell morgen stattfinden hingestreckt hatte, und eine Marionette war auch der Regi¬
4002 1763 5671 1839 chon im vorigen Jahr erwartet. Beide, sowohl unser
553 1797 2218 1882 sollte. Es war die übliche Waldlichtung, wie vom Schicksal
2269 1826 5658 1903 mentsarzt, der den Tod feststellte, ein hagerer, ältlicher Mann Freund Loiberger als Frau von Urpadingky — Sie haben
536 1886 3951 1950 zu solchen Dingen ausersehen — und ein kleines Wirtshaus mit polnischem Schnurrbart. Der Himmel über uns war
4002 1886 5671 1984 ja die Frau des Rittmeisters nie gesehen, schade — benahmen
549 1933 2210 2010 lag ganz nahe, darin, wie Miilling heiter bemerkte, schon
2265 1954 3951 2035 wolkenlos, aber von einem merkwürdigen matten Blau. Ich
4002 1967 5671 2044 sich so unvorsichtig wie nur möglich. Der ganz Ort wußte
536 2014 3951 2090 manches Versöhnungsfrihstück stattgefunden hatte. Dies aber ich auf die Uhr — es fehlten zehn Minuten auf acht. Das
3998 2039 5675 2112 von der Sache, nur der Rittmeister selbst, obwohl er gar nicht
536 2073 2205 2150 war die einzige Anspielung auf den Zweck unserer Anwesen¬
2269 2086 3930 2163 Protokoll und die sonst üblichen Formalitäten waren rasch
3989 2095 5650 2171 selten aus seiner Garnison zu Besuch nach St. Gilgen kam,
536 2133 2218 2214 heit; im übrigen sprachen wir von der für den nächsten
2265 2146 3925 2231 erledigt. Eigentlich war ich froh, daß wir noch die Möglich
3989 2159 5658 2244 hatte keine Ahnung. Erst im Winter soll er anonyme Briefe
553 2205 2210 2286 Sonntag bevorstehenden Segelregatta, an der auch Loiberger
2269 2222 5650 2312 keit hatten, den Neun=Uhr=Schnellzug zu erreichen, es wäre erhalten haben, dann ging er der Sache nach und endlich
536 2274 2218 2346 der Sieger vom vorigen Jahr, teilnehmen sollte — von einem
2269 2295 5658 2376 unerträglich gewesen, auch nur eine Stunde länger in der offenbar unter der ewigen Marter seiner Fragen, scheint
545 2346 2205 2423 geplanten Zubau für seine Villa, zu dem er, von Beru
2256 2350 3351 2431 unglückseligen Stadt bleiben zu müssen.
3998 2367 5662 2461 seine Frau gestanden zu haben. Dann machte sich das übrige
536 2414 2205 2482 Fabrikant, aber Dilettant auf allen möglichen anderen Ge
3998 2427 4304 2529 von selbst.“
2316 2401 3930 2503 Auf dem Perron gingen wir schweigend und ziemlich un¬
536 2474 2214 2546 bieten, selbst den Grundriß entworfen hatte — von einer
2256 2478 3925 2567 bemerkt auf und ab — zwei elegante Touristen auf einer
4045 2482 4764 2614 „Unbegreiflich“, sagte ich.
536 2533 2205 2618 der Vollendung nahen Drahtseilbahn auf einen nahen Gipfel
2256 2554 3921 2644 Sommerreise; dann, während ich einen Kaffee trank, berich
524 2614 2201 2682 deren Trassierung Loiberger bemängelte — von einem Pro-
4028 2563 5237 2695 „Inwiefern unbegreiflich?“ fragte Mülling.
2256 2618 3921 2704 tete Mülling aus einer Zeitung, daß in den nächsten Tagen
536 2674 2205 2755 zeß, den Doktor Mülling für ihn zu führen hatte und in
4036 2669 5650 2772 „Wenn man eine solche Frau hat wie Loiberger — ich
2256 2691 3913 2776 der König von England und sein Premierminister zum Be-
545 2750 2205 2831 dem beträchtliche Vermögenswerte auf dem Spiel zu stehen
3985 2729 5662 2835 hielt es für die glücklichste Ehe.“ Ich sah Frau Agathe vor
2269 2763 3930 2840 suche unseres Kaisers in Ischl erwartet würden. Wir ge¬
536 2810 2201 2891 schienen — und von mancherlei anderem, bis Doktor Mül¬
2256 2818 5662 2904 rieten in ein politisches Gespräch — es war eher ein Vor= mir, die aussah wie ein junges Mädchen, wie erl. Braut,
524 2878 2205 2950 ling gegen elf Uhr mit lauem Lächeln bemerkte: „Es wäre
3989 2895 5671 2972 wahrhaftig, wenn man sie beide zusammen sah, Eduard und
2265 2895 3921 2976 trag von Doktor Mülling, den ich nur überflüssigerweise durch
524 2946 2193 3019 vielleicht Zeit, zu Bett zu gehen, schadet nie bei solchen Ge-
3977 2955 5658 3040 Agathe, hätte man sie eher für ein Liebespaar halten können
2256 2963 3925 3044 ziemlich verständnislose Einwürfe unterbrach. Als der
524 3014 2201 3082 legenheiten, wenn =an gut ausgeruht ist, auch nicht den Se
2269 3027 3938 3116 Wiener Zug einlief, atmete ich erleichtert auf, ungefähr so, als
4011 3031 5671 3121 — nach einer vier- oder fünfjährigen Ehe — als für ein Ehe¬
532 3082 2210 3155 kundanten.“ Wir verabschiedeten uns von Loiberger und
2274 3091 5654 3176 könne nun alles Geschehene ungeschehen und Loiberger wieder paar. Der Ausflug vor vierzehn Tagen auf den Eichberg,
545 3142 2210 3223 schickten ihn zu Bette, wir beiden anderen aber spazierten
3972 3159 5662 3244 als wir mittags in der Sonne lagerten — wir waren sieben
2256 3163 3913 3244 lebendig werden. In unserem Abteil blieben wir allein
536 3210 2193 3287 in der schönen, warmen Sommernacht noch ein Stündchen
3977 3227 5662 3308 oder acht Personen — eigentlich hasse ich ja diese Massen¬
2265 3231 3913 3312 erst nach langem Schweigen bemerkte Doktor Mülling wie zu
524 3278 2205 3376 in der kleinen Stadt herum. Von diesem nächtlichen Gang ist
2256 3300 5662 3380 Entschuldigung, daß er nicht schon früher gesprochen: „Man ausflüge und ich für meinen Teil hatte mich nur wegen
524 3351 2205 3427 mir nichts anderes in Erinnerung geblieben als ein tief¬
3977 3359 5662 3444 Mademoiselle Coulin angeschlossen — Agathe schien zu
2274 3368 3913 3444 faßt es nicht gleich, so sehr man auch vorbereitet gewesen
536 3406 2193 3504 schwarzer Schlagschatten, den die Häuser auf dem Haupt
2274 3436 3930 3517 sein mag.“ Dann sprachen wir beide von allerlei anderen
3977 3432 5645 3504 schlummern oder sie schloß nur die Augen, weil die Sonne
524 3491 2201 3572 platz auf das mondbeglänzte Pflaster warfen, und nichts von
2256 3504 5645 3581 Zweikämpfen, an denen wir als Sekundanten beteiligt ge= sie blendete, er strich ihr mit den Fingern über Haar und
524 3564 3913 3644 unseren Gesprächen. Ich weiß nur, daß wir von dem morgi- wesen waren, harmlosen und weniger glücklichen — keiner
3977 3564 5645 3683 Stirn, sie lächelten und flüsterten wie ein junges verliebtes
532 3623 1724 3721 gen Duell überhaupt nichts geredet hatten
3985 3627 4160 3725 Paar.
2265 3632 3921 3713 von uns hatte bisher ein tödliches Duell mitgemacht. Wir be¬
575 3704 2201 3793 Deutlich entsinne ich mich aber der Wagenfahrt am nächsten
2256 3704 3925 3776 handelten das heutige, so traurig beendete zuerst keineswegs
4015 3696 5650 3827 „Und glauben Sie“, sagte ich zu Mülling, „daß Frau
532 3768 2193 3849 Morgen, ja, noch tönt mir gleichsam das Hufgeklapper der
2252 3772 3921 3853 sentimental, sondern eher vom ästhetisch=sportlichen Stand¬
3972 3772 4917 3891 Agathe irgend etwas geahnt hat?“
532 3840 3913 3930 Rosse nach, die uns über die staubige Straße zur Wald=punkt. Lotberger, wie nicht anders zu erwarten war, hatte
3964 3857 5658 4019 Fortsetzung in der Abend=Ausgabe vom Sonnabend
524 3908 3913 4002 lichtung brachten. Loiberger sprach mit übertriebener Wich- sich famos gehalten, der Rittmeister war minder ruhig und
