6056 4504
3864 68 5555 152 Weise das Siegel seiner eigenen Lebensauffassung, feiner eigentlichen
2143 68 3788 156 wiegenden watzerryhthmen, ganz ohne Tempo und Synkope;
435 101 2097 203 im Dunkel. Ich aber — na, will niemand ein Horoskop für ganze
3864 123 5555 224 Lebensgläubigkeit trägt —: „der Begriff der Kultur bedeutet für
2156 131 3813 224 klang der holde, bekannte Wiener Ton an, bald sentimental, bald
448 178 2114 258 fünfzig Pfennig erwerben? Jeder Tag zeigt Ihnen darin, was
3872 182 5538 275 mich, das Dasein des Menschen leichter gestalten, ebenso die
2152 203 3817 287 gefühlsstark, doch immer bezwingend durch Herzlichkeit und ge¬
440 237 2097 313 Sie zu tun oder zu unterlassen haben. Dieses Heft wird Ihnen
2152 241 5551 342 adelt durch die Kunst der Mitwirkenden, der Sängerin Maria.Eummen des Leidens auf dieser Welt verringern. Er bedattet
431 292 2084 397 der beste Freund werden. Wo gibt es noch selbstlose Freunde
3877 309 5538 402 für mich, dafür zu sorgen, daß jeder Mensch in den kurzen Jahr¬
2152 313 3805 393 Gerhardt, des brillanten Pianisten Otto Schulhoff und
3872 364 5538 461 zehnten, die es ihm vergönnt ist, Gast an der Lebenstafel zu sein,
431 359 968 461 meine Herrschaften?"
2135 364 3805 465 des Orchesters Holzer. — Das löbliche Streben nach originelle
3855 423 5538 516 teilhaben mag an dem, was das Dasein reich und köstlich schafft,
2152 440 3809 516 Gestaltung der Konzertprogramme, das im Funk gelegentlich zu
490 380 2110 512 Ein Zuhörer zieht aus seinem ärmlichen Portemonnaie fünfzig
3877 486 5542 575 und was Menschen ersannen.“ Also ein durchaus persönlicher
2152 499 3805 575 beobachten ist, muß durch die entgegengesetzte Tendenz ergänz
452 495 2021 600 Pfennig heraus und legt sie langsam auf den schwarzen Tisch.
3877 545 5555 638 Begriff der Kultur, der in seinen Weiten die Schöpfungen der
473 558 3805 643 „Wann sind Sie geboren?“ Und der Schicksalszauberer sucht werden. Es ist kein Nachgeben an den Publikumsgeschmack
3872 600 5538 702 geistigen Arbeit und zugleich die Fortschritte der Zivilisation mit
2152 613 3809 714 sondern eine grundsätzlich richtige Entscheidung, wenn man sich
440 621 1598 714 das Horoskop aus der Fülle der Hefte heraus.
3881 672 5551 761 ihren Kulturwerten umschließt. Von diesem Standort aus ge¬
2169 672 3817 757 eine Sängerin wie Lula Mysz=Gmeiner holt, um banal
499 655 2097 782 Das Beispiel des einen hat die Hemmungen der anderen gelöst
3881 723 5538 820 winnt Georg Hermann einen Ueberblick über die Fortschritte, die
444 714 3817 858 Zehn — fünfzehn Horoskope werden verkauft. Zehn — jünffzehn Gewordenes zu erneuern. Und wie versteht sie es! Wie bezwingt
3872 782 5559 875 die deutsche Kultur den deutschen Juden verdankt. Er nennt
3868 833 5538 943 Namen und Werke in stattlicher Zahl, nicht um Lob und An=
3881 905 5555 998 erkennung für sie zu ernten oder um den menschlich selbstverständ=
461 939 3817 1070 Ahnung, Wissen sogar, auch Empörung, Verstehen, Ver= freizusprechen sei. Agathen aber gelang es tatsächlich, ihn
3872 964 5563 1065 lichen Anspruch auf Gleichberechtigung zu begründen, sondern um
2152 1023 3805 1112 nicht mit einer Silbe zu unterbrechen. Und erst als Mülling
3872 1032 5542 1125 zu zeigen, daß dieser von den Juden geschaffene Gewinn der
440 1053 1454 1175 zeihen, ja, vielleicht etwas wie Dank.
2169 1086 3817 1188 geendet, wandte sie sich mit der Frage an ihn, ob schon
3877 1091 5555 1188 deutschen Kultur aus einer starken Liebe zu ihr und zum Leben,
503 1133 2110 1230 Nun stand auch Mülling in der Türe zwischen Salon und
3889 1150 5551 1281 aus dem Glauben an die Fülle und an den Wert des Lebens
2173 1150 3822 1251 irgendwelche Verfügungen an Ort und Stelle getroffen wor¬
435 1205 2110 1298 Terrasse, zwischen Schatten und Licht. Sein Auge streifte
2173 1226 3822 1311 den seien. Und als Mülling erwiderte, daß der Leichnam
3872 1226 4211 1332 hervorwächst.
440 1272 2093 1361 mich wie fragend. Meine Anwesenheit erklärte sich für ihn
2173 1277 3822 1387 spätestens morgen früh von der Behörde freigegeben werden
448 1344 2105 1437 gewiß ohne weiteres so, daß ich es nicht über mich gebracht
4071 1298 5348 1450 THEATER, MUSIK, KUNST
2173 1353 3805 1450 dürfte, sagte sie: „Ich werde noch heute abend zu ihm fahren.
452 1420 2110 1505 die unglückliche Frau, nachdem ich ihr die traurige Kund
2173 1425 3822 1518 Mülling riet ihr ab, der heutige Abendzug käme in der
3919 1429 5546 1539 Die Aufführungen von Bruno Franko Komödie „Nina“ im
452 1471 2110 1577 gebracht, allein zu lassen. Er trat auf sie zu und drückte ihr
2169 1484 3834 1581 kleinen Garnisonstadt erst nach Mitternacht an, sie aber sagte
4270 1509 5555 1623 Vater mit Fritzi Massary sind bis zum 16. Januar
3889 1513 4206 1594 Künstlert
452 1560 2097 1636 wortlos die Hand. Wieder suchte sie, vorbei an Mülling
2164 1543 4211 1649 nur: „Ich will ihn noch heute nacht sehen“, und es war uns verlängert wo
3915 1598 5551 1695 Maria Koppenhöfer wird in der „Othello“=Aufführung
452 1623 2110 1712 meinen Blick. Niemand sprach, nicht sie, Aline nicht und
2164 1611 3834 1712 allen klar, daß sie sich noch heute nacht Eingang in die Toten¬
3889 1661 5559 1763 des Staatstheaters am Gendarmenmarkt die Emilia spielen.
452 1683 2110 1771 nicht Mülling, ich aber, so schien mir, schwieg noch tiefer in
2181 1687 3847 1784 kammer verschaffen wollte. Nun trug sich Mülling an, sie zu
4840 1716 5390 1814 Januar, vorm. 10 U
4523 1729 4857 1801 ginnt am 7.
3919 1742 4464 1814 Dr. Adolf Behne
452 1754 2126 1839 mich hinein als die andern. Die sommerliche Stille des
2181 1759 3830 1856 begleiten, es seien allerlei Dinge zu besorgen und anzu¬
4629 1784 4853 1864 tragsreihe
5174 1763 5386 1852 kunst in
4870 1771 5069 1843 „Deutsa.
3889 1797 4105 1860 Deutschen
4215 1776 4460 1881 useum ein
5356 1767 5551 1881 Wilhelm
4003 1843 4228 1919 hunderten
4215 1809 4473 1911 (von d
4629 1826 5065 1907 nberger Skulpture
452 1818 2105 1898 Gartens klang herein. Endlich sagte Agathe — und mir stand
2173 1822 3822 1924 ordnen, die unmöglich Agathe allein durchführen könne. Sie
4891 1826 5559 1978 durch das Deutsche Museum,
4253 1877 4802 1949 mit ersten Führungen gelt.
461 1881 2097 1974 das Herz still, als sie die Lippen öffnete —: „Nun will ich“
4003 1894 4266 1957 l). Die dre
2173 1898 3817 1983 wehrte mit einer Entschiedenheit ab, die jede Widerrede aus
4253 1940 4807 2046 en durch die Nationalge-
3894 1936 4274 2038 die beiden letzte
473 1949 2110 2046 sagte sie, „die ganze Wahrheit hören“ — und da sie in den
2173 1962 3839 2059 schloß. „All das gehört mir zu“, sagte sie, „Erst wenn alles
465 2012 2114 2110 Mienen der Andern Befremden, in den meinen vielleicht
2173 2025 3817 2118 vorüber ist, Herr Doktor Mülling, sprechen wir uns wieder.
4257 1995 5196 2156 KONZERT-SPIEGEL
452 2084 2118 2190 einen Ausdruck des Erschreckens gewahrte, fügte sie, zu mir
2173 2088 3834 2186 Ich war von Bewunderung und von Grauen zugleich erfüllt
2181 2148 5559 2253 Sie richtete kein Wort an mich. Sie wünschte nun allein zu Donnerstag, 7. Januar: Singakademie: 8 Uhr, Klinglet.
469 2148 2110 2253 gewandt, in bewunderungswürdiger Ruhe hinzu: „Sie woll
3978 2203 5073 2283 Quartett (Mozart, Beethoven, Brahms).
465 2224 2110 2308 ten mir gewiß nichts verschweigen, aber Sie haben unwillkür
2177 2215 3830 2317 sein, nur Aline sollte später wiederkommen, um ihr bei den
5010 2224 5555 2334 erstes Sinsoniekonzert
4143 2257 4946 2329 „ 8. Januar: Staatsoper: 8
2173 2279 4160 2380 Reisevorbereitungen behilflich zu sein und Weisungen für die Freitag
461 2287 2126 2376 lich vielleicht versucht, mich zu schonen. Ich danke Ihnen
5014 2304 5568 2380 Singakademie: 8 Uhr,
4139 2321 4887 2393 Staatskapelle unter Kleiber.
3987 2325 4156 2384 der
3978 2359 4739 2439 Klavierabend Minita Fried.
465 2359 2122 2435 Aber glauben Sie mir, ich bin nun gefaßt genug, um alles zu
2177 2376 3412 2469 Dauer ihrer Abwesenheit entgegenzunehmen.
5390 2367 5568 2482 Lieder=
4473 2363 5331 2486 nuar: Beethoven. Saal: 8 Uh
473 2431 2110 2511 hören. Berichten Sie, Doktor Mülling, von Anfang bis Ende
4173 2427 4380 2515 nd, 9.
3885 2414 4071 2570 Sohneu.
2224 2435 3847 2541 Sie drückte uns allen die Hand. Mir nicht anders als Aline
4959 2460 5322 2528 Bechstein = Saal
5394 2460 5555 2520 Uhr.
4173 2443 4375 2541 dertrud
4473 2473 4811 2541 ndernagel.
473 2486 2110 2583 Ich will keine Frage stellen, ich werde Sie nicht unterbrechen
4219 2482 5572 2621 Dend Poldi Mildner (Werke von Bach, Brahms, Chopin,
2169 2515 3830 2634 und Mülling. Sie wich nicht einmal meinem Blick aus, als
473 2558 2093 2663 und mit erlöschender Stimme fügte sie hinzu: „Erzählen Sie
3978 2528 4232 2655 Klavierab—
2181 2604 2558 2706 wir schieden.
4443 2579 5339 2710 Januar: Volksbühne: 11.30 Uhr,
5327 2570 5563 2706 r. Maria,
4168 2604 4430 2752 Kün. 10.
5039 2659 5339 2731 Rokokoaben!
5322 2630 5559 2744 Michael
524 2642 2114 2735 Sie lehnte am Klavier, und ihre Finger spielten mit den
4515 2672 4988 2752 gakademie: 8.15 Ul-
2219 2630 3805 2756 Sie reiste tatsächlich noch am gleichen Abend ab — allein —
4722 2714 5555 2803 fid Brebeck, Isolde Riehl, Marcell
465 2718 2126 2816 Fransen des Schals, und mit keinem Zucken ihrer Lippen ver¬
4177 2693 4528 2807 e; Mitwirken:
4181 2773 4654 2854 S. Jablonowski, Leo
2181 2739 3851 2832 und brachte den Leichnam ihres Gatten am nächsten Morgen
4718 2723 5568 2862 d Shure. (Mozart: Serenade, Kla=
465 2782 2139 2875 riet sie sich oder mich, während Mülling erzählte. Aline hatte
2181 2807 3847 2892 nach Wien. Am Tage darauf fand das Begräbnis statt, an
3978 2824 5056 2909 vierkonzert A-dur; Haydn: Theresien=Messe.)
465 2854 2122 2947 sich auf den Stuhl am Klavier sinken lassen und stützte den
4414 2870 5559 2993 stag. Staatsoper Unter den Linden:
2186 2883 3855 2963 dem natürlich auch ich teilnahm. Agathe war an diesem Tag
3995 2887 4392 2980 oper am Dien
4168 2955 4397 3023 n tutt
4414 2917 5568 3023 mit den Damen Heidersbach, Marherr, Schöne
465 2925 2135 3018 Kopf in die Hände. In all seiner inneren Bewegung kam
2186 2951 3843 3073 für niemanden zu sehen. An den See kehrte sie niemals wie
4143 2993 5576 3073 Herren Roswaenge, Domgraf=Faßbaender, Fuchs. Musika-
465 2985 2122 3095 Mülling die berufsmäßige Gewohnheit zustatten, wohlgesetz
3906 2947 4101 3069 und
3902 3056 5065 3120 lische Leitung: Klemperer. Anfang 8 Uhr.
2194 3027 2490 3120 der zurück.
465 3065 2114 3149 vor der Oeffentlichkeit zu reden. Er berichtete den Verlau
3932 3086 5572 3162 Städtische Oper: „Bohöme“ mit Constanze Nettesheim,
2228 3056 3843 3179 Viele Jahre später begegneten wir einander wieder in
473 3133 2139 3209 der Angelegenheit, von dem Moment an, da wir beide, Doktor
3936 3145 5576 3226 rene Eisinger, Arthur Cavara, Anton Baumann, Wilhelm Guttmann,
2186 3158 3851 3247 Gesellschaft. Sie hatte indes wieder geheiratet. Niemand,
3940 3192 5382 3293 dwin Heyer. Dirigent: Paul Breisach. Beginn 8 Uhr.
465 3192 2126 3276 Mülling und ich, Eduard am Bahnhof der kleinen Stadt er
2186 3230 3851 3314 der uns miteinander sprechen sah, hätte ahnen können,
465 3259 2114 3348 wartet hatten, bis zu dem Augenblick, da Eduard am Waldes
2186 3306 3855 3390 daß ein seltsames, tiefes, gemeinsames Erlebnis uns verband.
465 3335 2114 3420 rand tot hingesunken war, und es war mir offenbar, da
2186 3365 3864 3454 Verband es uns wirklich? Ich selbst aber hätte jene sommer¬
461 3386 2135 3483 er seinen Bericht schon ein oder mehrere Male zum besten
2198 3433 3864 3526 stille, unheimliche, und doch so glückliche Stunde für einen
4409 3395 5580 3551 Dieses Jahr kein Katarrh
482 3467 2148 3568 gegeben, seit wir uns am Tor seines Gasthofs voneinander
2186 3509 3864 3598 Traum halten können, den ich allein geträumt hatte; so klar,
482 3534 2135 3627 getrennt hatten. Er sprach im übrigen, als hielte er ein
4282 3513 4477 3695 L
2198 3576 3868 3682 so erinnerungslos, so unschuldsvoll tauchte ihr Blick in den
490 3598 2143 3691 Plädoyer für jemanden, der ein längst abgetanes, ver¬
4591 3505 5585 3691 wenn Du Wÿbur¬
482 3665 2422 3767 gessenes, schon an sich nicht bedeutungsvolles Vergehen allzu meinen.
5179 3669 5525 3801 nimmst!
4240 3665 4693 3805 90 u. 45 Pf.
2909 3678 3124 3826 Ende
478 3729 2152 3851 schwer gesühnt hatte, und dessen Andenken von jeder Schuld
