6136 4616
1260 182 1429 263 blick ;
4568 174 5586 297 Konzert unter Kleiber. Erich
2278 182 3889 322 „Wo ist der Ertrunkene?“ fragte eine Stimme aus dem
1633 178 1887 310 See. Rase
1255 238 1421 322 ###ung an
534 221 1026 352 Plötzlich spürte ent¬
4055 225 4347 318 ilharmon
4822 271 5246 352 Staatsoper nur d'y
4050 297 4352 373 aber wurde
488 271 2375 445 das Fernglas und sah, wie ein Mensch mit dem Wasser Boot.
4827 301 5246 390 der. Philha
4122 344 4436 416 ing stehen
4508 288 4674 399 eingelasten
2256 293 3741 488 „Das geht Sie nichts an. Wo ist Ihr Passierschein?“
3932 352 5615 500 weitere Konzerte mit klassischen Programmen mit dem Philharmonischen
479 399 729 500 kämpfte.
2269 382 3889 539 „Mann, sind Sie wahnsinnig, wo einer am Ertrinken ist.
547 403 2167 543 Eben wollte er das Boot besteigen, als er aus der Seemitte
3936 441 4491 543 Orchester zu dirigieren.
505 496 2167 640 lautes Rufen hörte, drohende Laute vernahm, einmal glaubte
2222 500 2842 619 Platz da, wir fahren!"
509 568 2163 691 er: Schande zu hören. Was, dachte Mertens, der erbost war
2265 526 3889 717 „Nicht ein Schritt!“ schrie Mertens, so wie er das als Un=
4780 577 4992 721 Beteilig.
4572 581 4805 687 § fand am
4106 602 4305 755 Bridge=Turin,
513 619 2180 755 daß dieser nette Tag so eine dumme Unterbrechung haben
5200 602 5420 708 internation
4967 594 5145 755 Kfolg, ein
2222 670 2888 768 teroffizier gelernt hatte.
500 704 2167 810 mußte, wer beschwert sich da. Umständlich machte er den Kahne
4568 670 4844 806 durchschlagen
2282 674 3881 840 „Was, los, los“, sagte Mertens, „ich sehe ja gar nichts.
4831 713 5467 878 zum Treffpunkt der hier
4551 763 4844 882 in Bridge-Roo
500 776 1701 908 los, und fuhr ärgerlich zur Mitte des Sees.
2282 789 3893 912 Und nun stellte er sein Boot quer vor den Kanaleingang,
4067 814 4385 946 gespieler entwick
551 848 2193 967 „Was ist hier los“, fragte er absichtlich ruhig in die Baden¬
2222 869 3440 1001 so daß das Motorboot nicht weiter konnte.
500 959 848 1069 den hinein.
2222 1005 5632 1205 Du kannst dem andern nie wieder gehören, du gehörst mir Sekunden noch blieben mir. Es war nicht möglich, ihr in
3957 1082 5620 1209 diesen wenigen Sekunden zu berichten, was geschehen war
3953 1145 5620 1268 und überdies noch mich zu rechtfertigen, daß ich bisher ge¬
2210 1196 2430 1289 allein.“
640 1141 2087 1357 Der Sekundant
3970 1217 5637 1344 schwiegen. Vor einigen Minuten noch hätte sie verstanden,
2286 1221 3898 1361 Noch immer hielt sie meinen Arm berührt, ja nun ergriff
3961 1289 5641 1412 hätte sie vielleicht verziehen. Ja, viel leicht hätter ich einen
2235 1319 3915 1446 sie ihn, hielt ihn fest. Ja, sie bewegte ihn leise hin und her,
1120 1315 1578 1451 Novelle von
3966 1349 5641 1472 wahrhaften, einen unvergänglichen Sieg über den Toten
2235 1378 3906 1501 als hoffte sie mich damit aus einer unbegreiflichen Verstörung
3966 1412 5632 1544 davongetragen. Jetzt aber war ich der Gefallene, der Er¬
793 1383 1921 1557 ARTHUR SCHNITZLES
2235 1455 3910 1569 aus einem Wahn zu erwecken. Meine Augen aber blieben
3987 1480 5637 1607 schlagene, ja, in dieser Sekunde empfand ich mich selbst gleich¬
1226 1510 3927 1701 Copyright 1931 by Heinrich Schnitzler starr, ich wußte, daß kaum Liebe in ihnen war, nur Wille,
3970 1561 5637 1696 sam wie ein Gespenst, und die Schritte draußen im Garten
602 1578 3927 1807 „Wann seh' ich dich wieder?“ fragte ich. Ich sagte nicht: Drohung beinahe. Und ich merkte, daß ihre Angst wuchs, und
3995 1620 5632 1739 — so sehr ich wußte, daß jeder andere im nächsten Augenblich
513 1616 954 1735 3. Forts. u. Schluß
2265 1641 3923 1773 so versuchte sie's nun mit einem scherzhaften Ton: „Kind“
3983 1696 5645 1824 hier hereintreten könne, als grade er — kündigten für mich in
2265 1705 3923 1845 sagte sie, „hab ich nicht recht gehabt? Ich habe schon immer
530 1726 2193 1858 Eduard ist tot. Ich sagte nicht: Verzeih’ mir. Ich sagte nichts
3983 1756 5645 1879 unbegreiflicher Weise das Nahen Loibergers an; wie er es in
2252 1781 3915 1909 gewußt, warum ich dich Kind nenne. Soll ich nun vernünftig
526 1803 2193 1934 Ich war zu feig, um es dir gleich zu sagen. Nein, ich fragte
3983 1828 5662 1942 meinem Traume getan, schritt er durch den Garten und über
2273 1858 3936 1981 ein für uns beide? Leicht ist es ja nicht. Nicht einmal für
543 1866 2201 2002 „Wann seh' ich dich wieder?“, als gäbe es keine andere Frage
3987 1887 5645 2019 die Stufen zur Terrasse herauf. Aber wer immer es sein
543 1921 3915 2070 die jetzt zu beantworten wäre, als gäbe es kein anderes Wort mich allein. Aber wir müssen, wir rissen verständig sein.
2303 1964 5637 2125 „Warum müssen wir?" fragte ich hartnäckig und haßte mich mochte, unmöglich war es, das, was auf dem Wege war
3978 2036 5654 2163 herankommen zu lassen, ohne sie im allergeringsten vor-
539 2061 802 2163 zu sagen
619 2040 2214 2214 „Du wirst mich nie wieder sehen", sagte sie. „Wenn du
2303 2091 5662 2295 „Wir müssen“, sagte sie, und in immer steigender Angst war zubereiten. Doch nur das eine Wort drängte sich
2256 2104 2502 2231 zugleich.
543 2142 2197 2278 mich lieb hast, wirst du dieser Stunde dankbar sein wie ich
2269 2159 5658 2367 sie gleich mit den stärksten, den unwidersprechlichsten Argu= auf meine Lippen: „Erschrick nicht.“ Und während ich
539 2227 2205 2350 Wenn du nicht willst, daß diese Stunde aus einem wunder¬
3987 2235 5666 2362 das Wort aussprach, war mir wahrhaftig nicht anders
551 2282 2227 2413 baren, unvergeßlichen Traum eine trübe Wirklichkeit, eine
3987 2295 5654 2426 zumute, als müßte im nächsten Augenblick ihr toter
539 2303 3923 2477 Lüge, hundert Lügen, eine Kette von Betrug und Hößlichkeit menten zur Stelle: „Wir müssen vernünftig sein und dürfen
556 2371 3940 2545 werde, dann geh, geh gleich, reise ab und versuche niemals uns nicht verraten, weil du verloren wärst, wenn er
3987 2371 5654 2490 Gatte eintreten. Zuerst sah sie mich mit einem unsicheren
3995 2430 5662 2557 Lächeln an, als wollte sie mir zu verstehen geben, daß ich
2278 2477 2579 2566 ahnte...
3995 2507 5675 2621 mich nicht zu sorgen brauche, und daß ihr niemand auch nur
551 2532 1124 2621 mich wiederzusehen.“
2311 2502 3940 2638 Ich lächelte. Ich konnte nicht anders. Aber ihre Ent¬
611 2553 2214 2685 In mir raunte es: Eduard ist tot — dein Mann ist tot
3995 2570 5654 2689 im geringsten anmerken werde, was in der letzten Stunde
2278 2583 3944 2710 gegnung, ihre Warnung, der Versuch, mir Angst vor dem
551 2634 2227 2774 alles, was du sprichst, ist Unsinn, und du ahnst es nicht. Es
3995 2634 5675 2757 vorgefallen war. Aber gleich las sie offenbar in dem ver¬
2282 2651 3936 2778 Toten einzuflößen, wirkte auf mich nicht nur grauenhaft
551 2702 2231 2820 gibt keine Lüge, keinen Betrug, keine Häßlichkeit mehr, du
4021 2697 5662 2829 zweifelten Ernst meines Blickes, daß meine Mahnung doch
2286 2727 3949 2854 sondern wie mit einer unergründlichen Komik. Es lag
551 2757 2235 2888 bist frei. — Aber all das sagte ich nicht, alles wurde plötzlich
4008 2782 5683 2888 etwas anderes bedeutet haben müßte als die kleinliche Be¬
2282 2799 3953 2914 mir in diesem Augenblick gar nicht fern, irgend etwas
560 2825 2227 2973 so klar in mir, wie ich es noch vor einer Minute nicht für
4012 2829 5679 2956 sorgnis, sie könne sich etwa verraten. Sie hatte eben noch
560 2863 3966 3028 möglich gehalten hätte. Und ich sagte: „Es ist kein Betrug. Teuflisches zu erwidern, der ganzen Unerträglichkeit, der
4008 2914 5688 3028 Zeit zu fragen: „Was ist geschehen?“ Ich aber nicht mehr
2286 2922 3949 3054 Furchtbarkeit dieses Gesprächs durch ein vernichtendes und
568 2965 2248 3096 es ist keine Lüge. Betrug und lüge wäre es nur, wenn du
2295 2986 3966 3126 zugleich erlösendes Wort ein Ende zu machen. Aber ich
2299 3007 4848 3185 tat es nicht. Ich fühlte meine Ohnmacht grade in diesem die Möglichkeit, zu antworten.
568 3024 2244 3155 nach dieser Stunde noch länger in diesem Hause bliebst und
4059 3049 5683 3143 Die Schritte hallten schon im benachbarten Raum. Agathe,
551 3088 2235 3219 wieder einem andern gehörtest.“ Es war mir, als bekäme
4021 3113 5675 3232 ohne sich nur nach mir umzuwenden, trat in den Salon, und
2295 3122 3966 3257 Augenblick, ich fühlte, daß der Tote stärker war als ich, und
568 3164 2227 3304 jener Reisetraum von früher Gewalt über mich, oder als be
4021 3189 5675 3308 ich folgte ihr. Aline stand da in der Türe zwischen Salon
2295 3194 3974 3321 wie in verzweifelter Gegenwehr vermochte ich keine andere
4021 3257 5696 3363 und Terrasse, streifte mich nur mit einem ratlos-verwunderten
2299 3262 3974 3406 Erwiderung zu formen, als das törichte Wort: „Und wenn
581 3266 1272 3389 käme ich Macht über ihn.
632 3274 2248 3440 Agathe erblaßte. Sie sah mich an, und ich fühlte, daß
4025 3317 5683 3431 Blick, faßte die Hände der erblassenden Freundin und, in
2295 3342 3546 3486 das Schicksal am Ende für mich entschiede?“
577 3372 2248 3495 mein Antlitz ganz starr geworden war. Sie berührte meinen
4025 3393 5688 3499 Tränen ausbrechend, schloß sie sie in die Arme. Agathens
2367 3380 3978 3546 Sie faßte mich an der Schulter. Angst war in ihren
573 3427 2248 3546 Arm, als wollte sie mich beruhigen. „Wir wollen doch ver¬
4038 3452 5679 3567 Augen aber starrten vorbei an Aline mit so unerbittlicher
568 3491 3983 3643 nünftig fein“, sagte sie. „Oder wir wollen es wenigstens Augen: „Was sagst du da? Wo verirrft du dich hin? Wo
4038 3524 5700 3635 Frage in die meinen, als wollte sie die Antwort aus meiner
573 3567 2261 3703 wieder werden. Ich liebe dich, ja, aber ich gehöre nicht dir,
2295 3592 2973 3707 verirren wir uns hin?“
4029 3592 5704 3703 Stirn saugen; ich legte den Finger an meinen Mund und
585 3647 2252 3787 so wenig wie du mir. Wir wissen es ja beide. Es war nur
2371 3601 3974 3758 Und in diesem Augenblick fühlte ich, daß sie für ihn hangte
4025 3656 5700 3779 spürte selbst, daß diese armselige Gebärde die Bitte an Agathe
585 3703 2265 3881 ein Traum ein Wunder, ein Glück, unvergeßlich, ja, aber
2320 3711 3978 3843 für ihn und nicht im geringsten für mich — daß er alles
4038 3720 5700 3847 bedeutete, eher mich als sich zu verraten. In ihrem Blick
2303 3770 3966 3893 und daß ich nichts für sie war... Und in diesem Augen
2311 3796 5709 3974 blick hörten wir Schritte über den Gartenkies. Nur wenige aber war mehr, als ich je in einem Menschenblick gesehen:
590 3826 810 3915 vorbei.“
649 3804 2252 3970 Ich schüttelte heftig den Kopf. „Alles, was vor dieser
594 3910 2252 4089 Stunde war, ist vorbei, diese Stunde aber hat alles geändert
