6136 4616
4737 85 5545 234 Kirjehtiä, nykyä, qui kuusiua
4215 110 4640 234 memaal n
1848 174 3900 297 Nachrichtung vermögl. Aufgenommen von Albreiben, seiner k.k.
4533 144 5018 276 As, Bube, 3, 2
731 191 1818 276 Iw Hoof uorliegend ###
2214 246 3896 310 Schuchhardt gedacht hat (Unterhaltungsblatt vom 8. Dezem¬
620 263 1678 331 Januar, 10 Uhr abends, ein Konzert amerik
2209 297 3883 370 ber, Nr. 578). Unmittelbar vor Ausbruch des Weltkrieges in
620 302 1678 374 er anderem werden auftreten: Tony Mons,
1976 255 2150 365 Brother
5035 263 5421 399 Bube, 9, 3
4228 251 4499 395 König
599 336 2150 463 (er-Quartett), The Street Singers, The Boswell Sisters uni
2209 357 3888 425 hohem Alter dahingegangen, gehört Conze einer Epoche an, die
501 416 820 484 male Chor.
2209 387 4491 489 abgeschlossen hinter uns liegt. Es war wie im allgemeinen Wirt- 4. 10, König, As O
1496 412 2044 544 reins veranstaltet die
1096 425 1500 540 reichischen Hilfso
748 450 1032 540 sten des Oen:
2226 480 3888 544 schaftsleben so auch in der Wissenschaft eine Epoche glanzvollen
1096 493 1496 569 Erich Kleiber
1496 476 2031 582 Montag, 11. Januar,
4228 484 4491 582 König
5035 438 5358 578 * 10, 9, 8
773 493 1058 586 e Leitung v
2226 540 3900 616 Aufstieges, und Conze ist als Archäologe einer der Führer dieses
1415 561 2133 642 von beiden Sendern übernommen
769 557 1296 633 weit des Funkorchesters,
2226 591 3888 659 Aufstieges gewesen. Als Direktor der Antikenabteilung an den
540 578 1300 684 wird. Solistin: Margarete Fran
4550 569 5039 684 + Dame, 10, 8, 6
1262 616 1670 769 — Bert“ (Be)
1912 616 2112 739 von Ko
2226 659 3883 718 Berliner Staatlichen Museen hat er die von Carl Humann aus
1649 620 1925 731 Verarbeitung
858 671 1249 735 ach=Oper „Vert
523 663 761 739 Die Of
4546 646 4903 744 ß König, 8
1908 697 2112 769 1/2 Uhr,
1653 697 1933 778 Januar, 7
2226 705 3900 782 Pergamon gesandten Reliefproben zuerst in ihrer vollen Bedeu¬
998 688 1258 795 Funkstund=
501 722 659 786 Kraus,
4546 714 4822 812 Bube
514 778 654 833 sende.
994 731 1317 837 Margret P
1547 718 2150 824 la Novotna, Roma Bah¬
765 731 969 837 itwirken
2222 778 3896 854 tung erkannt und die Erforschung der Stätte durchgesetzt, die den
4533 782 4703 871 + —
765 812 1317 892 Kovsky, Leo Reuß, Georg
1547 803 2150 896 Peter Lorre, Ernst Pröck
506 812 778 884 Cäcilie Lvo
2226 833 3900 935 großen Altar mit seinen Friesen wieder schenken sollte. Wer jetzt
489 875 1619 960 Leopold Hainisch. Regie: Cornelis Bronsgeest.
3981 824 5451 969 Pik ist Atout. A spielt aus und macht noch 6 Stiche.
4049 998 5494 1105 Auflösung der vorigen Aufgabe
506 1037 3888 1151 mit irgendeinem Herrn an mir vorbei. Ich saß im Dunkel, und meinte: „Nun bleibt ihr gleich beide zum Essen da.“ Und
518 1117 3900 1215 so bemerkten sie mich anfangs gar nicht. Plötzlich aber ent= wieder zu mir: „Ich bin nämlich allein. Eduard ist seit
4015 1109 4618 1245 1. Karo 4. 9. 2. König.
506 1190 3900 1287 deckte mich Agathe, und im Vorübergehen glitt sie, wie gestern auf einer Bergtour.“ Und mit einem nicht ganz
4007 1177 4873 1326 2. Herz-Dame, 3. 7. König. (1)
501 1245 3110 1355 zum Spaß, mit der Hand durch meine Haare, brachte sie in heiteren Lachen: „Wer's glaubt!
4007 1283 4512 1398 3. Pik 3, 6, 10, 8.
4827 1245 5613 1372 (Y darf nicht mit Dame
497 1321 2167 1411 Unordnung und war wieder davon. Das fiel mir weiter nichts
2256 1334 3888 1419 Indes hatte ich auch Alinen die Hand geküßt, und als ich
4754 1326 5613 1436 übernehmen, da er sonst keinen
501 1411 3896 1487 auf. Denn in dieser Weise benahm sie sich manchmal. Recht meinen Blick wieder erhob, sah ich den ihren mit einer Art
4754 1423 5557 1513 Stich mehr erhalten würde.)
506 1462 3888 1555 ungezwungen, aber immer mit wundervoller Anmut — wie mir unerwünschten Einverständnisses lustig in mein Auge
4007 1445 4601 1589 4. Pik 2. 9. 4. König.
4788 1470 5604 1572 (A darf nicht mit Pik-As
518 1534 2171 1632 sie auch die meisten Freunde des Hauses selten beim Namen
2222 1547 3875 1627 sprühen. Da standen sie nun beide, die dunkle Aline ganz
4754 1517 5600 1623 fortsetzen, da er dann keine
501 1602 2163 1683 oder gar mit einem Titel zu nennen pflegte, sondern für
2209 1619 3888 1704 in leuchtendes Gelb, die blonde Agathe in sanftes Hellblau
4759 1619 5604 1716 zum Gewinn führende Fort-
501 1670 2163 1755 jeden irgendeine Bezeichnung gefunden hatte, die keineswegs
2226 1674 3892 1763 sommerlich gekleidet, und in all ihrer Gegensätzlichkeit fast
4759 1657 5370 1772 setzung mehr behält.)
497 1738 2175 1818 immer zu dessen Art und Wesen passen mochte, ja oft geradezu
3998 1716 4946 1848 5. Herz-Bube, As. Treff 5. Herz 4.
2226 1755 3888 1827 schwesterlich anzusehen. Beide trugen die breitkrempigen
497 1797 2175 1886 das Gegenteil oder überhaupt nichts ausdrückte. Mich zum
4019 1814 4631 1895 6. Treff 3. 7. Dame, 2.
2214 1827 3896 1933 Florentinerhüte, wie sie damals modern waren, Agathe nahm
497 1865 2171 1963 Beispiel — und das hatte einen gewissen Sinn, denn ich sah
4019 1865 5035 1971 7. Karo-As, Herz 9. Karo 5, Karo 10.
2214 1882 3441 1971 den ihren ab und legte ihn auf das Klavier.
4024 1933 4627 2018 8. Pik 5, 7, As, Dame.
501 1942 2163 2022 damals mit meinen dreiundzwanzig Jahren noch jünger
2269 1916 3888 2069 „Nein Liebste“, sagte Aline, „ich kann leider nicht bleiben.
497 2001 2052 2086 aus, als ich war — nannte sie „das Kind“.
4007 2001 4359 2112 9. Pik-Bube.
4805 1967 5608 2107 (Y und Z in Abwurfzwang.
2218 2027 3301 2133 Ich werde daheim zum Essen erwartet.
497 2061 2158 2167 Ich blieb ruhig auf meiner Bank im Dunkel sitzen und
4767 2056 5489 2171 Treff 8, Karo 8, Treff 9.)
2256 2082 3896 2188 Agathe redete ihr wohl noch ein wenig zu, aber es klang
489 2146 2175 2222 wartete, daß die beiden wieder an mir vorüberkämen; was
3994 2099 4759 2235 10. Treff 6, König, As. Buben
489 2188 3888 2299 früher geschah, als ich es eigentlich erwartet hatte. Und nun nicht sehr überzeugend. Und während sie zu der Freundin
3981 2214 4788 2311 11. Treff 10. Herz 10, Herz 5.
2226 2243 3892 2324 sprach, streifte mich ein fragender, ein verheißungsvoller, ja ein
497 2265 2171 2367 nickte Agathe mir zu, ohne daß sie doch meine Züge deutlich
4075 2277 4397 2371 Karo-Bube.
4805 2235 5608 2350 (Wirft Y anstatt Treff 8 Karo-
2222 2311 3875 2401 so lockender Blick, daß mich beinahe schwindelte. Und ich wußte
476 2345 2158 2435 zu erkennen imstande war. Das tat sie oft: zum Gruß immer
4767 2333 5613 2405 Bube, so behält B Karo S.
2209 2375 3879 2469 plötzlich, daß es keineswegs der erste Blick dieser Art war
4767 2405 5621 2490 Wirft Z anstatt Treff 9 Herz 9,
489 2413 2150 2503 gleich ein paarmal rasch hintereinander zu nicken. In dieser
2209 2456 3896 2520 den sie mir sandte. Aline verabschiedete sich. „Auf Wieder¬
4759 2469 5553 2566 so spielt A zunächst Herz 5.
489 2477 2167 2562 Art hatte ich sie grüßen gesehen, wenn sie in der Schwimm¬
2226 2503 3900 2600 sehen, gnädige Frau“, sagte ich und war mir bewußt, daß
484 2541 2163 2638 anstalt am Geländer lehnte, in ihren blauen Bademantel
2222 2592 3892 2660 es das erste Wort war, das ich sprach, und so hörte ich es über¬
497 2613 2150 2711 gehüllt; so auf Spaziergängen, wenn ein Bekannter ihr be
2214 2647 3892 2732 trieben hell, gleichsam schmetternd durch den Raum klingen.
4015 2609 4720 2749 2. Treff 2, 3. König, As.
497 2677 2158 2770 gegnete; in gleicher Weise aber nickte sie Blumen zu, ehe sie
2214 2715 3888 2825 Agathe begleitete die Freundin über die Veranda und die
4007 2706 4499 2796 3. Pik 3. 6. 10. 8.
489 2749 2167 2842 sie pflückte, und ebenso grüßte sic eine Almhütte, ehe sie ein
4011 2774 4474 2855 4. Pik 2. 9. 4. 7.
2222 2787 3046 2885 Stufen in den Garten hinaus.
497 2817 2158 2902 trat; es schien ihr eingeboren, also mehr als eine Gewohn¬
4019 2808 4631 2932 5. Treff 5. Dame, 9. 6.
2256 2842 3888 2949 Warum habe ich nicht gesprochen, solange Aline da war,
497 2876 2163 2978 heit, sich mit allen Menschen und Dingen, zu denen sie in
4019 2859 4780 2974 6. Pik 5. König. As. Dame.
476 2940 3892 3021 eine noch so flüchtige Beziehung trat, durch einen Gruß gleich= dachte ich. Wäre es nicht tausendmal leichter gewesen? Schon
4019 2961 5026 3046 7. Pik-Bube, Treff 7, Karo 8. Herz 9.
497 3000 3875 3114 sam persönlich bekannt zu machen. Dieser ihrer Eigenart im nächsten Augenblick stand Agathe wieder vor mir
4011 3021 4499 3119 8. Karo 5. 10, As.
4827 3008 5608 3131 (Z in Abwurfzwang. Herz 10.)
489 3068 3896 3165 ward ich mir jetzt erst so deutlich und zum erstenmal „Gnädige Frau“, begann ich, „ich habe Ihnen eine traurige
4011 3089 4720 3191 9. Herz-König. Bube, 3. 7.
2209 3136 3888 3212 Botschaft zu bringen.“ — Nein, ich sprach die Worte nicht
489 3148 2163 3238 bewußt, während ich im sommerlich durchschatteten Salon ihr
4011 3144 4835 3242 O. Herz 4. Dame, As, Treff 8.
489 3212 3875 3301 Kommen erwartete, und meine Finger ohne Sinn mit den aus. Für einen, der Gedanken zu lesen vermocht hätte, wären
4002 3233 4848 3331 11. Herz 5. Karo-Bube, Treff 10.
497 3276 3875 3374 Fransen des indischen Schals spielten, der als Klavierdecke die Worte ganz vernehmlich gewesen, doch über meine Lippen
4801 3242 5613 3365 (Wirft Z auf Karo-As nicht
4087 3293 4406 3391 Treff-Bube.
2214 3335 3896 3412 kam kein Laut. Agathe stand vor mir, das hellblaue Kleid
4754 3340 5608 3420 Herz 10. sondern Treff-Bube.
497 3361 693 3437 diente.
2209 3403 3888 3484 durchleuchtete mild die tiefen Schatten des Raums, sie lächelte
4746 3403 5477 3514 so folgt von B Treff 10.
548 3424 2150 3509 Plötzlich hörte ich Frauenstimmen, Schritte über den Kies
2214 3467 3896 3552 nicht, ja mir war, als hätte ich ihr Antlitz niemals so ernst
476 3484 2150 3603 alles immer näher, dann ein Frauenlachen, denn Schritte die
5370 3454 5549 3586 B. M.
2214 3548 3892 3620 gesehen. Nun, da sie mit mir allein war, ich fühlte es deut¬
497 3573 1810 3662 Stufen hinauf — und das Herz stand mir stille.
2209 3603 3896 3684 lich, sollte alles, was auf Oberflächlichkeit, auf Koketterie, ja,
514 3590 2158 3726 „Wer ist denn das?“ rief Agathe fast ein wenig erschrocken.
2209 3667 3913 3773 auf etwas rein Gesellschaftliches hindeutete, ausgeschaltet
3977 3641 5630 3773 Richtige Auflösungen sandten: Frau von Röder, Krauß,
497 3726 2158 3803 Aber da sie mich erkannte, fügte sie gleich heiter hinzu: „Das
3934 3752 5613 3832 J. Mathan, Th. Reiche, Herr W. Heilbut, A. Winkelmann,
476 3777 2158 3871 Kind“, und reichte mir die Hand. Ich verbeugte mich tiefer
2256 3769 3633 3909 „Ich freue mich ja so, daß Sie da sind“, sagte sie.
3930 3824 5421 3922 von Morgen, G. Thomann. G. Wittlingson-Herrmann.
497 3849 2154 3947 als es sonst meine Art war, und küßte ihre Hand. Sie
5183 3854 5566 3994 F. x. G-Rh.
2252 3892 3854 4024 Fortsetzung morgen in der Sonntag-Ausgabe
493 3917 2163 4036 wandte sich gleich zu Aline, die ein wenig hinter ihr stand,
