6040 4488
2260 71 3927 170 auf dem Reichstag zu Speyer vom Römischen König
3979 66 5650 160 drescherei als Mittel einspringen. Das Pflichtgefühl triumphiert
598 118 2208 202 In der Galerie Weber beginnt Sonntag, 3. Januar, eine Aus¬
3974 146 5650 221 schließlich über Seele und Verstand. Das Milieu dieser Flieger¬
2246 146 3927 250 Ferdinand und andern Fürsten als ein Wunder beschauet,
551 151 2029 250 stellung von Arbeiten des Berliner Malers Rudolf Riester.
3988 207 5641 283 staffel ist scharf beobachtet, die Soldatentypen sind gut gesehen
2260 207 3555 297 und von Henrich Vogther eigentlich abgemahlet.
593 235 1516 367 Der Berein Berliner Künst
1818 240 2166 325 ist das neue Ja
3974 264 5646 339 der Feind wird nicht verunglimpft, der Realismus wird nun
692 292 1516 363 einer Ausstellung Münchner Kur
1808 301 1982 372 ranstal
3979 325 5655 405 durch eine lyrische Szene zwischen einem Offizier und einem
786 339 1982 414 aufeinanderfolgenden Abteilungen durchgeführt wer
786 396 1333 509 material wurde von
3974 386 5655 457 Franzosendirnchen unterbrochen, hier auch läßt der Autor
1714 400 1992 509 Professoren
1789 443 1992 518 Eröffnung
2303 396 3927 518 Rundfunk: Werkwochen. Wir hörten dem aufschluß¬
3984 452 5650 527 Menschen sich finden über alle Hindernisse hinweg. Die Regie
1205 433 1662 560 attfindenden Ausstel¬
1794 494 2086 560 ist auf Mit
2255 494 3927 579 reichen Gespräch mit einem Arbeitslosen zu, allerdings war es
3974 513 5650 584 von Dr. von Gordon faßte die einzelnen Szenen und Episoden
791 485 975 603 nach
1050 532 1662 612 ags 5 Uhr, festgesetzt. —
1643 494 1898 612 Am gleich
2260 556 3927 636 nicht irgendein typischer, sondern einer, der sich durch zähe Arbeit
3974 565 5650 650 straff zusammen, im Vordergrund stand Dirmosers Offizier, echt
1121 584 1488 683 Ergartenstraße
866 589 1069 697 in der
1728 593 1902 664 onderand
1728 603 1907 706 19
1116 607 1568 749 Krs Heinrich
2260 622 3927 692 an sich selber und mit der Gemeinschaft durchringen konnte zu
3974 636 5650 702 in allen Wandlungen der Stimmung. Der anwesende Autor
970 669 1318 744 stages, und ein
2251 687 5650 768 erträglicher geisiger Situation. Er widme: sich jezt der Selbst= wurde mehrmals gerufen, man unterstrich mit dem starken Beifall
1554 692 1907 753 Eisausstellung von
542 735 2208 810 Arbeiten des verstorbenen Professors Franz August Börner eröffnet.
2260 735 3908 824 hilfe der Erwerbslosen (er bekämpft das Wort arbeitslos), be¬
3960 744 5603 843 die gegen den Wahnsinn des Krieges gerichtete Tendenz. m.
2251 951 5660 1059 nicht Duellant gewesen bin. Schon mit achtzehn Jahren, als trieben die Vorsicht so weit, am Schalter Billetts bis Wien
2241 1022 3932 1111 Kavalleriefreiwilliger, war ich zum ersten Male Sekundant
3974 1041 5646 1125 zu nehmen, stiegen aber natürlich in dem Bahnhof des
659 998 2072 1130 Der Sekundant
2251 1092 3922 1177 in einer Ehrenaffäre zwischen einem Kameraden und einem
3974 1111 5650 1201 Städtchens aus, wo am nächsten Morgen das Duell statt¬
1149 1140 1606 1234 Novelle von
2251 1163 3908 1248 Attaché der französischen Gesandtschaft. Bald darauf wählte
3974 1172 4337 1262 finden sollte.
2241 1220 3908 1309 mich der berühmte Herrenreiter Vulkovicz zu seinem Se¬
4031 1234 5641 1333 Doktor Mülling war ein langjähriger, fast gleichaltriger
810 1248 1921 1361 ARTHUR SCHNITZLES
2246 1290 3913 1384 kundanten in dem Duell mit dem Fürsten Luginsfeld und
3960 1295 5650 1408 Freund Loibergers, fünfunddreißig etwa. Was mich an¬
2246 1366 3913 1450 auch weiterhin, trotzdem ich weder Adeliger noch Berufs¬
3960 1384 5641 1474 belangt, verdankte ich die Ehre, zum anderen Zeugen aus¬
2241 1431 3899 1516 offizier, ja sogar jüdischer Abstammung war, wandte man
1238 1431 2199 1521 Copyright 1931 by Heinrich Schnitzler
3960 1460 5627 1540 erwählt zu sein, außer meiner schon erwähnen allgemeinen
2241 1493 3908 1573 sich ganz besonders in schwierigen Fällen, wenn man eines
3960 1521 5650 1606 Eignung dazu, dem Umstand, daß ich meine Ferien in der
593 1512 2190 1625 Ich war damals dreiundzwanzig Jahre alt, und es war
2241 1563 3904 1653 Sekundanten bedurfte, mit besonderer Vorliebe an mich. Ich
3974 1592 5641 1676 gleichen Sommerfrische verbrachte wie Loiberger und in seiner
518 1615 2190 1686 mein siebentes Duell — nicht mein eigenes, aber das
2237 1625 3913 1714 will gar nicht leugnen, daß ich es zuweilen ein wenig be¬
3965 1662 5632 1742 Billa ziemlich oft zu Gast war. Sonderlich sympathisch war
537 1676 2190 1761 siebente, an dem ich als Sekundant teilnahm. Lächeln Sie
2241 1695 3899 1785 dauerte, diese Dinge immer nur sozusagen als Episodist mit
3960 1719 5627 1803 er mir nie gewesen, aber das Haus war gesellig, viele an
542 1742 2185 1822 meinetwegen. Ich weiß, es ist in unserer Zeit üblich ge¬
2251 1770 3904 1846 zumachen. Recht gern wäre ich einmal selbst einem gefähr¬
3960 1789 5627 1879 genehme Menschen gingen aus und ein, es wurde musiziert
523 1818 2190 1888 worden, sich über derartige Veranstaltungen lustig zu machen
2246 1836 3899 1916 lichen Gegner gegenübergestanden und weiß nicht einmal
3965 1865 5632 1935 Tennis gespielt, gemeinsame Ausflüge und Ruderpartien
523 1874 2190 1959 Man tut nicht recht daran, meine ich, und ich versichere Sie
2241 1902 3904 1982 was ich im Grunde vorgezogen hätte — zu siegen oder zu
3960 1921 5627 2015 wurden unternommen und endlich war ich dreiundzwanzig
542 1949 2190 2029 das Leben war schöner, bot jedenfalls einen edleren Anblick
2241 1964 3908 2053 fallen. Aber es kam niemals dazu, obzwar es wahrlich nicht
3960 1992 5632 2081 Jahre alt. Als Ursache des Duells war mir ein Wortwechsel
527 2011 2194 2100 damals — unter anderem gewiß auch darum, weil man es
2241 2044 3899 2119 an Gelegenheiten fehlte und wie Sie sich wohl denken können
3960 2062 5627 2142 angegeben worden zwischen Eduard Loiberger und dem
537 2086 2185 2161 manchmal aufs Spiel setzen mußte für irgend etwas, das in
2241 2100 3899 2185 an meiner Bereitwilligkeit niemals der geringste Zweifel
3965 2133 5622 2213 Gegner, dem Ulanenrittmeister Urpadinsky. Den kannte ich
527 2152 2180 2227 einem höheren oder wenigstens anderen Sinn möglicherweise
2241 2171 3908 2265 bestand. Vielleicht war übrigens das mit ein Grund, daß
3960 2190 5627 2279 kaum. Sonntags war er am See gewesen, besuchsweise aus
542 2227 2171 2298 gar nicht vorhanden oder das wenigstens den Einsatz, nach
2241 2237 3889 2321 ich niemals eine Forderung erhielt, und daß in den Fällen
3960 2255 5627 2350 seiner Garnison, offenbar nur zum Zwecke jenes Wort¬
537 2288 2190 2369 heutigem Maß gemessen, eigentlich nicht wert war, für die
2246 2298 3885 2387 wo ich mich zu fordern genötigt sah, die Angelegenheiten
3960 2340 5632 2420 wechsels, der als Vorwand für das Duell dienen sollte, aber
532 2359 2180 2434 Ehre zum Beispiel, oder für die Tugend einer geliebten Frau
2241 2373 3908 2453 stets ritterlich beigelegt wurden. Jedenfalls Sekundant war
3960 2397 5632 2491 im Jahr vorher hatte er den ganzen Sommer mit seiner
523 2439 3889 2529 oder den guten Ruf einer Schwester, und was dergleichen ich mit Leib und Seele. Das Bewußtsein, gewissermaßer
3946 2453 4516 2552 Frau hier verbracht
523 2491 3885 2595 Nichtigkeiten mehr sind. Immerhin bleibt es zu bedenken, mitten in ein Schicksal oder besser an die Peripperie eines
4007 2533 5632 2623 Die Erledigung der Angelegenheit war den beiden Herren
527 2557 2185 2637 daß man im Laufe der letzten Jahrzehnte auch für viel
2241 2580 3908 2675 Schicksals gestellt zu sein, hatte stets etwas Bewegendes, Auf¬
3955 2595 5627 2689 offenbar sehr eilig. Die Besprechung zwischen den Sekun¬
518 2623 2185 2703 Geringeres völlig nutzlos und auf Befehl oder Wunsch
2227 2642 3150 2731 rührendes, Großartiges für mich
3946 2665 5632 2764 danten hatte schon am Sonntag abend, wenige Stunden nach
513 2693 2166 2773 anderer Leute sein Leben zu opfern genötigt war. Im Zwei
2288 2717 5627 2835 Dieses siebente Duell aber, von dem ich Ihnen heute er= jenem Vortwechsel, und zwar in Ischl stattgefunden. Milling
518 2764 2166 2839 kampf hat doch immer das eigene Belieben mitzureden gehabt
2241 2788 3889 2868 zählen will, unterschied sich von allen meinen andern
3955 2811 5627 2901 und ich waren von Loiberger angewiesen, die Bedingungen
523 2835 2190 2915 auch dort, wo es sich scheinbar um einen Zwang, um eine
2241 2854 3885 2943 früheren und späteren dadurch, daß ich von der Peripperie
3965 2868 5632 2976 der gegnerischen Sekundanten ohne Widerrede zu akzeptieren;
513 2896 2180 2971 Konvention oder um Snobismus handelte. Daß man über¬
2227 2929 3899 3009 gleichsam in den Mittelpunkt rückte, daß ich aus der Episoden¬
3946 2938 4422 3023 sie waren schwer
518 2967 2171 3047 haupt mit der Möglichkeit oder gar der Unausweichlichkeit
2227 2999 3899 3075 figur eine Hauptperson wurde, und daß bis zum heutigen
3988 3004 5632 3103 Also am Montag kamen Mülling und ich in der kleinen
513 3018 2166 3108 von Duellen innerhalb eines gewissen Kreises wenigstens
2227 3061 3885 3141 Tage kein Mensch von dieser sonderbaren Geschichte etwas
3941 3056 4233 3145 Stadt an
513 3103 2161 3178 rechnen mußte, das allein, glauben Sie mir, gab dem gesell
2232 3127 3889 3207 erfahren hat. Auch Ihnen mit Ihrem ewigen Lächeln hätte
3998 3112 5627 3240 Wir besichtigten vor allel das Terain, das zu dem
523 3169 3889 3282 schaftlichen Leben eine gewisse Würde oder wenigstens einen ich nichts davon erzählt, aber da Sie ja in Wirklichkeit gar
3946 3202 5618 3306 Rendezvous=Platz für morgen bestimmt worden war. Auf
513 3240 2171 3320 gewissen Stil. Und den Menschen dieser Kreise, auch den
2213 3258 3885 3353 nicht existieren, so werde ich Ihnen auch weiterhin die Ehre
3946 3282 5627 3371 einer kleinen Spazierfahrt, die sich daran schloß, sprach Mül¬
518 3306 2185 3381 nichtigsten oder lächerlichsten, eine gewisse Haltung, ja den
2223 3329 3899 3414 erweisen zu Ihnen zu reden, junger Mann, der immerhin
3946 3343 5622 3442 ling von seinen Reisen, längst verflossenen Universitäts¬
518 3376 2185 3452 Schein einer immer vorhandenen Todesbereitschaft, wenn
2227 3381 3150 3475 so viel Takt besitzt, zu schweigen.
3946 3409 5618 3513 studien, Studentenmensuren, Professoren, Prüfungen, Villen¬
518 3428 2166 3532 Ihnen dieses Wort auch in solchem Zusammenhang doch allzu
2279 3456 3875 3560 So ist es auch ziemlich gleichgültig, wie und wo ich anfange
3932 3484 5622 3583 bauten, Meisterschaften im Rudersport und allerlei zufälligen,
499 3508 1248 3588 großartig erscheinen sollte.
2227 3517 5618 3645 Ich erzähle die Geschichte wie sie mir in den Sinn kommt gemeinsamen Bekannten. Ich stand damals vor meinem
570 3583 2166 3673 Aber ich schweife ab, noch ehe ich angefangen habe. Ich
2218 3607 5603 3715 und beginne bei dem Augenblick, der mir zuerst in den Sinn letzten Staatsekamen. Mülling war ein schon recht bekannten
499 3663 2171 3739 wollte Ihnen ja die Geschichte meines siebenten Duells er¬
2223 3668 3875 3758 kommt, also in dem, da ich in Gesellschaft des Doktor Mülling
3937 3687 5627 3781 Anwalt. Von dem, was für morgen bevorstand, redeten wir
518 3729 2166 3814 zählen und Sie lächeln wie vorher, weil ich wieder von
2223 3734 3885 3819 in den Zug stieg. Nämlich, um keinerlei Mißtrauen zu er¬
3937 3758 5608 3847 wie auf Verabredung kein Wort. Von den Gründen des
518 3800 2166 3875 meinem Duell spreche, obwohl ich doch, wie es nun einmal
2218 3805 3875 3889 regen, vor allem bei der jungen Gattin Eduards, verließen
3937 3824 5632 3932 Duells wußte Doktor Mülling zweifellos mehr, als er mir
499 3871 2166 3946 meine Bestimmung war, auch in diesem Fall nur Zeuge, aber
2213 3871 4756 3979 wir schon Montag vormittag den Villenort am See, ja, wir anzuvertrauen für gut fand.
2034 4163 5811 4323 * * * *    *  "   -   " *  - *  * * - * *
