6152 4728
3707 101 5204 261 Ses Eeräkenterekkeree, für staatilckes Schilthuins.
4757 143 5419 266 kltarbeier bei allen Wien-
3703 190 4770 312 lköyttävitä,
4757 169 5588 291 zufenen Besprechung wurde in
3155 190 3315 295 gegenommen.
3298 224 3619 333 leur aussi santé
1518 266 3315 384 seyt, sondern ging nur
1527 278 1843 342 Nachricht bei ihm sein.
2202 283 5576 401 während die Holzgewächse namentlich dem Eisgang zum Opfer einer Entschließung, die von 21 Münchner Künstlervereinigungen
485 291 1476 418 sogre, da antwortete er gar nichts
2202 342 5567 464 fallen. Die Verfechter der Kulturwiesen-Theorie dagegen (Krause, unterzeichnet ist, schärfste Verwahrung dagesgen eingelegt, daß von
485 367 1948 489 aus dem Zimmer und schlug die Tür hinter sich zu.
2214 413 5563 519 Andersson, Cajander), besonders Professor R. Gradmann (Er- der Ausschreibung eines öffentlichen Wettbewerbs abgesehen wurde,
557 405 2159 561 Ich weinte zuerst etwas, denn ich wollte doch nur ver¬
3910 472 5559 552 obwohl der Kultusminister selbst bei der Eröffnung der Glas-
506 519 3851 624 stehen, wo eigentlich die Millionen geblieben wären. Aber langen), der das Problem kürzlich in einer Fachsitzung der Ge
2197 527 5576 633 sellschaft für Erdkunde zu Berlin behandelte, betonen, daß die palast=Ersatzausstellung im Deutschen Museum einen solchen Wett¬
2197 586 5576 709 Wiesen eine Kulturlandschaft darstellen, die aus der Urvegetation bewerb in Aussicht gesiellt hatte. Die Künstlerschaft nimmt das
489 595 1940 730 dann nahm ich mich zusammen und war ganz still.
2202 658 5576 768 der Flußtäler (Schilf, Riedgras, Erlenbruch usw.) durch das regel= Reht für sich in Anspruch, bei der Errichtung eines neuen
3905 717 5576 806 „Glaspalastes“, der für die Zukunft der Münchener und
2210 734 3855 822 mäßige Abmähen geschaffen und erhalten wurde. Die Arbeit der
3905 784 5588 877 bayerischen Kunst entscheidende Bedeutung gewinnen werde, mit
1569 780 2159 903 1 W. 50, beginnt am 1. Fe-
2206 789 3851 915 Sense hat eine Auslese zur Folge, weil jede Pflanze dem Jahres
1151 793 1316 865 im Jacob
1147 839 1320 936 ortgesch
3922 852 5571 928 ihren Ideen ungehindert an die Oeffentlichkeit treten zu können,
3910 915 5584 995 Dieser Protest der Künstler richtet sich nicht gegen die Person
3922 974 5584 1050 Adolf Abels, sondern lediglich gegen das Ministerium, das in
502 1004 3855 1147 ihm kein anderer sagt, daß er tot ist; er würde es nicht wieder empor, und plötzlich bin ich wach — vollkommen wach
3922 1038 5571 1126 Zeiten der Not einen einzelnen festbesoldeten Beamten mit der
489 1088 3884 1210 überleben, denke ich — und lache zugleich. Und schon Agathe aber schlief, jedenfalls lag sie mit geschlossenen
3922 1101 5576 1215 Ausarbeitung eines Entwurfs beauftragte, anstatt die gesamte
502 1156 3876 1286 sitzen wir auch beide beim Mittagessen, und der Diener. Augen da. Die Gardinen bewegten sich stärker in dem
3922 1172 5259 1265 Künstlerschaft zu freiem Wettbewerb heranzuziehen.
506 1223 3867 1362 serviert; ich wundere mich, daß Eduard sich etwas Sommerwind, der um diese nachmittägige Stunde immer
3964 1244 5588 1324 Deutsche Uraufführung einer Oper Dvoraks.
2210 1312 5584 1396 vom See heranzuwehen pflegte. Es konnte ja noch nicht Im Stadttheater Teplitz=Schönau hat die ins Deutsche
502 1320 2164 1434 zum Essen auf den Teller nimmt — er braucht
3922 1379 5571 1451 übersetzte Oper Anton Dvoraks „Der Jakobiner“ die Feuer
2227 1366 3867 1468 spät sein. Nach dem Stand der Sonne kaum mehr als vier
502 1392 2155 1485 es doch nicht mehr. Ihm gegenüber sitzt Agathe, ich
3926 1430 5588 1518 probe vor deutschem Publikum, wie uns berichtet wird, mit un¬
2227 1434 3880 1531 die Stunde also, in der Mülling mich im Hotel aufsuchen
498 1468 2172 1552 bin überhaupt nicht mehr vorhanden. Aber ich sitze auf dem
2223 1493 5592 1594 wollte. War dies auch noch Traum? Alles vielleicht? Auch gewöhnlich großem Erfolg bestanden. Die melodische Ursprünglich¬
515 1523 2159 1628 Fensterbrett, und die Gardinen schlagen jeden Augenblick
2210 1560 5584 1674 das Duell? Und Loibergers Tod? War es vielleicht Morgen keit, die rhythmische Frische und die orchestrale Leuchtkraft der
506 1594 2155 1695 über meiner Stirn zusammen. Ich möchte so gerne sehen
2214 1607 5588 1746 und ich schlief — ich in meinem Zimmer im Hotel? Dies Musik erwiesen sich als Elemente von starker Lebenskraft. Frei¬
506 1666 2180 1754 mit welchen Blicken sie einander betrachten. Plötzlich höre
2210 1666 5576 1805 aber war gleichsam mein letzter Fluchtversuch. Ich konnte lich ist die in Dvoraks Bühnenwerken immer wieder anzutreffend.
502 1742 2155 1830 ich seine Stimme — ach Gott, wenn ich nur sehen könnte —
3935 1738 5597 1814 Kreuzung von Stileinflüssen auch hier festzustellen, aber nicht zum
2227 1763 3867 1864 nicht zweifeln, ich war wach, und hier lag Agathe und schlief
3939 1797 5592 1877 Schaden der Gesamtwirkung. Denn grade im „Jakobiner“, der
515 1776 2168 1894 und ich höre ihn ganz deutlich sagen: „Also du frühstückst
502 1835 3859 1957 mit dem Herrn, der mich erschossen hat." Es wundert mich und sie wußte nichts. Nun hatte ich nur mehr die Wahl au
3926 1851 5592 1936 nicht, wie der Titel vermuten lassen könnte, eine wilde Revolutions¬
2223 1894 3867 2016 und davon zu fliehen, in dieser Sekunde noch — oder reden
3935 1911 5592 1995 oper ist, sondern eine halb heitere, halb ernste Handlung in
502 1923 2151 2029 gar nicht, daß er das sagt, denn ich habe es ja wirklich ge
2223 1970 3889 2067 ohne noch eine Sekunde zu zögern, Agathe aufwecken und
3935 1970 5588 2050 tschechischem Kleinbürgertum mit gräflicher Patronanz vorführt,
498 2003 2168 2083 tan. Sonderbar finde ich nur, daß er eine so dumme Be¬
2227 2033 5588 2134 reden. Jeden Augenblick konnte die Nachricht da sein. Hörte lebt sich Dvoraks schöpferischer Reichtum in volksnaher Lyrik
502 2058 2185 2172 merkung macht. Er müßte doch wissen, daß es ganz üblich
2218 2092 5592 2210 ich nicht schon Schritte im Garten? War es nicht fast ein heimatlichem Kolorit und musikalisch altväterlicher Herzlichkeit
515 2130 1864 2248 ist, nach einem Duell miteinander zu frühstücken.
2235 2159 5601 2273 Wunder, daß wir bisher nicht gestört worden waren? Und aus. Die Aufführung war vor allem musikalisch in bester Ob¬
3939 2218 5588 2303 hut; der Dirigent Adolf Heller (dem im Verein mit Hedda Grab
561 2180 2172 2311 Wieder Schritte im Garten — die Bahre — wie seltsam
2231 2235 3889 2341 in jedem Fall, wenn in diesem Haus, Wenn hier im Ort noch
2223 2277 5597 2400 keiner etwas wußte, blieb es nicht ein unsaßbarer Leichtsinn die zwanglose deutsche Uebersetzung zu danken ist) brachte Lyrik
515 2282 2180 2387 der Tote zuerst und nachher die Bahre — was für ein Snob
2227 2349 5605 2476 in diesem doch von überallher zugänglichen Gemach, nun, da und Klangkolorit der Partitur voll zur Geltung. Spontaner
515 2353 2172 2459 er ist — und Trauermusik. Eine Militärkapelle? Freilich
2223 2412 5010 2543 die Zeit der allgemeinen Nachmittagsruhe vorbei war, noch Beifall des Publikums bei offener Szene.
5377 2404 5546 2501 L. S.
502 2425 2185 2505 weil er einen Rittmeister erschossen hat. Und Applaus?
515 2497 2180 2581 Natürlich — er hat ja die Regatta gewonnen. Ich springe
506 2526 3863 2665 rasch aus dem Fenster, laufe, so geschwind ich kann, hinunter weiter zu verweilen? Ich selbst hatte mich rasch erhoben -
4070 2476 5445 2636 HOCHSCHULNACHRICHTEN
2231 2568 3880 2695 nun, als ich eben Agathe an der Schulter berühren wollte,
515 2623 2185 2729 zum See. Warum sind denn so wenig Leute da — und
3981 2611 5601 2725 In der Rechtswissenschaftlichen Fakultät der Universität Köln
2223 2657 3889 2758 als hätte mein Blick sie erweckt, blinzelte sie, strich sich mit der
515 2695 2176 2792 gar keine Boote? Nur ein ganz kleiner Kahn und in den
2231 2687 5588 2826 Hand über die Stirn und üder die Haare, sah einem kleinen habilitierte sich als Privatdozent für Strafrecht und Strafprozeß
519 2762 2172 2868 Kahn Agathe und ich. Agathe rudert. Nun kann sie es
2231 2779 4724 2885 Mädchen ähnlich, das sich den Schlaf aus den Augen reibt, recht Dr. jur. Karl Peters.
3990 2779 5601 2914 Dem Pastor und Privatdozenten der Philosophie an der Uni¬
515 2834 2180 2931 plötzlich. Sie hat ja neulich gesagt, daß sie gar nicht rudern
2231 2864 3901 2948 und sie sah mich gewiß nicht anders als wie ein entschwinden
3952 2885 5613 2982 versität Hamburg Lic. theol. und Dr. phil. Kurt Leese ist
515 2897 2180 2986 kann. Und nun hat sie gar die Regatta gewonnen. Jetzi
2223 2927 3893 3037 des Traumbild. Dann aber hörte sie meine Stimme, denn
3952 2965 5605 3037 von der Landesschulbehörde ein Lehrauftrag für das Fach der
519 2973 2172 3070 plötzlich fühle ich eine Hand am Halse, Eduards Hand. Di-
2231 2986 3884 3087 unwillkürlich hatte ich ihren Namen geflüstert, jetzt beschattet
3956 3016 5618 3104 systematischen Theologie im Nahmen der religionswissenschaftlichen
519 3041 2180 3142 Ruder entgleiten Agathen. Unser Kahn treibt nur so hin
2239 3053 3901 3155 sich ihr Antlitz, sie sprang auf, strich sich das Kleid zurecht,
3956 3070 5605 3210 Ausbildung der an der Hamburgischen Universität studierenden
527 3113 2189 3197 Sie verschränkt die Arme. Sie ist sehr neugierig, ob es
2244 3134 3893 3222 strich auch die Kissen glatt und legte sie in flüchtiger Ordnung
3948 3142 4534 3252 Lehrer erteilt worden.
531 3176 2185 3260 Eduard gelingen wird, mich ins Wasser zu werfen. Wir ver
527 3201 3905 3336 suchen uns gegenseitig unterzutauchen. Agathe ist gar nicht hin. Dann wandte sie sich rasch zu mir und sagte nichts
4007 3150 5605 3294 Professor Herrmann Rein in Freiburg i. B. hat den Ruf aus
2231 3264 5605 3378 anderes als: „Gehl“ Ich aber blieb wie angewurzelt stehen. den Lehrstuhl der Physiologie an der Universität Göttingen
527 3315 2197 3404 mehr neugierig. Sie treibt auf dem Kahn davon. Es ist ja
527 3332 3893 3471 doch ein Motorboot, denke ich. Ich tauche immer tiefer. völlig unfähig, ihr zu sagen, was ich sagen mußte, ja un¬
3939 3323 5074 3416 als Nachfolger von P. Jensen erhalten.
2252 3395 3901 3496 fähig, überhaupt ein Wort zu reden. Welch ein Feigling
3990 3370 5613 3471 An der Universität Köln haben im Wintersemester 5417 Stu¬
527 3446 2197 3530 Warum, warum, frage ich mich, und ich will zu Loiberger
3952 3450 5626 3555 dierende Vorlesungen belegt. Davon gehören an der wirtschafts¬
2252 3467 3893 3555 war ich! — Mich umbringen, nichts anderes blieb mir übrig
531 3517 2193 3610 sagen: Es ist ja gar nicht der Mühe wert, daß wir einander
2244 3522 5605 3619 Aber ich konnte ja nicht einmal einen Schritt tun. Und nur und sozialwissenschaftlichen Fakultät 1723, der rechtswissonschaft
3952 3593 5618 3669 lichen 1390, der medizinischen 799, der philosophischen 1884 Stu¬
531 3576 2197 3678 wegen einer solchen Frau umbringen. Aber ich sage es nicht
2252 3602 3905 3682 ihren Namen brachte ich jetzt wieder hervor, lauter, flehen¬
2252 3652 5635 3825 der als vorher. Sie faßte zark meine Hand und sprach dierende. Darunter besinden sich 1280 Frauen und 100 Ausländer.
527 3644 2202 3741 am Ende würde er glauben, daß ich mich fürchte. Und ich
527 3732 3905 3834 tauche wieder empor. Der Himmel ist so unendlich groß, weiter: „Ich liebe dich sehr. Ich habe es nicht gewußt, wie
531 3796 2193 3893 wie ich ihn noch niemals gesehen. Und wieder sinke ich hin
2244 3804 3910 3901 sehr ich dich liebe. Du mußt es ja nicht glauben. Aber
4618 3783 5618 3905 1 — wer hllt?“ Dieser Frage gilt
527 3851 2197 3948 ab und noch tiefer als vorher. Ich müßte ja gar nicht, ich
4622 3855 5618 3956 Bundes revolutionärer bildender Künstler
2252 3867 3914 3994 warum sollte ich es dir sagen, wenn es nicht so wäre. Du
3956 3846 5609 4002 Deutschlandgebung, Ortsgruppe Berlin, am Dienstag, 5. Januar, in
527 3926 2197 4015 bin ja allein, der ganze See gehört mir. Und der Himmel
2265 3948 3210 4061 sollst es nur wissen, ehe du gehst.“
3956 3977 5639 4066 Nationalhof (Bülowstraße 37). Es sprechen Dr. K. A. Wittfogel
527 3990 2202 4083 dazu. Und wieder tauche ich empor aus Flut und Tod und
3948 4032 5128 4146 und Max Keilson, der Sekretär des Bundes.
2299 4019 3863 4184 Schluß in der Abend-Ausgabe vom Montag
544 4053 2227 4192 Traum. Ja, so tief ich gewesen, so unerbittlich komm' ich
