6088 4664
3874 76 5559 216 Geliebte. Ihr Gesicht ist entstellt vom Fett, unter ihren
491 157 2130 288 ein Förderung und Sicherung des Tarifvertrags¬
2214 157 3836 275 Trotzdem ist die Episode des Volksbundes nicht vergeblich
3887 169 5555 275 Augen — den einst so schönen — hängen Säcke und ihre
483 191 660 254 Ausea
453 220 2125 334 rechts. Daß er neben diesen Fragen des Arbeiterrechte für
2172 229 3832 347 gewesen. Aus den Kreisen, die sich damals mit Ernst
3882 233 5559 351 Oberlippe schatten graue Härchen. Der Dichter grüßt, bleibt
453 284 2113 402 die durch den gewerkschaftlichen Zusammenschluß bereits er
2172 305 3815 415 Francke zu gemeinsamer Arbeit fanden, sind die Männer ge
3882 301 5559 411 aber nicht stehen, den er weiß, daß sie ein böses Mundwerk
470 360 2113 487 starkten Arbeiterschichten auch die wirtschaftlich Schwächsten
461 356 3836 542 nicht vergaß und sich für den Schutz der Heimarbeiter, der kommen, und die Parteien entstanden, die das deutsche Volk
3882 368 5559 500 hat, und er erinnert sich nicht gerne, daß er sie je geliebt hat.
470 428 3827 614 Jugendlichen, der Kinder mit aller Güte seines Herzens ein= nach dem äußeren und inneren Zusammenbrechen vor dem
3929 440 5572 555 Manchmal geht er in den Louvre und steigt hinauf in die
483 495 3832 677 setzte, ist selbstverständlich. Ebenso übernahm er während des Chaos gerettet haben. Auch die Demokratische Partei ge¬
3874 517 5567 660 Galerie, wo die Kathedrale hängt. Er betrachtet sie
466 572 3827 745 Krieges zu seinen vielen großen Arbeitsgebieten auch noch hörte zu diesen Parteien, und Francke war ihr von Anfang
3891 605 4640 741 lange Zeit und seufzt...
2176 639 3832 749 an beigetreten. Und der vom Volksbund vertretene Ge¬
4462 622 5529 775 (Uebertragen von Hans B. Wagenseil.)
470 686 2130 813 die Leitung des Arbeitsausschusses für Kriegerwitwen- und
483 703 3840 902 Waisenfürsorge und hat dort, unterstützt von der bekannten danke, der auch das Lebenswerk Franckes beseelte: „Inter¬
2189 851 5567 1050 empfand ich mein Hiersein, dieses Aug in Aug=Sitzen und allen Seiten aus, ob niemand da ist, der sie kennt und ihr
3891 953 5567 1063 vielleicht verraten könnte, daß ihr Gatte tot ist. Aber es
2193 999 3844 1113 Sprechen mit Agathe, das leise Flattern der Fenstervorhänge,
2193 1012 5572 1181 das schweigsame Erscheinen und Verschwinden des Dieners sind ja lauter fremde Leute — braune, gelbe Gesichter, auch
597 986 2011 1211 Der Sekundant
3899 1088 5576 1194 ein Indianer sitzt am Spieltisch mit einem ungeheuren roten
2185 1139 3840 1245 keineswegs als traumhaft, sondern eher als eine andere
3912 1152 5572 1270 Fredernschmuck auf dem Kopf. Da steht Aline in der Türe.
1071 1143 1541 1287 Novelle von
2193 1202 3853 1321 geringere Art von Wirklichkeit. Aus dieser andern Wirk¬
2185 1232 5572 1389 lichkeit schrillte auch das Pfeifen des kleinen Dampfers zu Wie, sie ist uns nachgereist? Nur um es ihr zu sagen? —
771 1240 1892 1423 ARTHUR SCHNITZLES
2206 1279 5584 1448 uns her, in dieser Wirklichkeit wußte ich den See liegen Also fort, fort. Ich berühre Agathe an der Schulter, sie
3908 1355 5572 1473 wendet sich nach mir um mit einem Blick voll Liebe. Und
2197 1401 3853 1516 unten im Mittagsglanz, in diese andere war auch Aline
1177 1414 2138 1541 Copyright 1931 by Heinrich Schnitzler
2197 1435 5572 1583 wieder zurückgekehrt, und dort lag auch der Mann, den wieder rast der Zug mit uns davon. Durch das offene
525 1465 881 1579 2. Fortsetzung
3916 1490 5572 1613 Fenster blickt irgendwer herein — wie ist das nur möglich?
546 1495 2151 1643 Ich erwiderte nichts, denn kein Wort wäre das rechte ge¬
2197 1537 3853 1655 ich heute morgens tot am Waldesrand hatte hinsinken sehen
3912 1562 5589 1672 Er klammert sich offenbar draußen an die Fensterbrüstung.
487 1583 2142 1710 wesen. Allerlei blasse Erlebnisse der letzten Tage leuchteten in
2210 1600 3861 1715 Wirklicher als all das war, was zwischen Agathe und mir
2206 1634 5584 1782 hin und her schwebte, war, nicht was ich sagte, doch der Er hält ein Stück Papier in der Hand: das Telegramm, ge¬
491 1647 2125 1774 meiner Seele plötzlich auf. Es fiel mir ein, wie sie sich au
2206 1689 5580 1850 Ton ihrer Stimme, war ihr Blick, ihr Wunsch war unser wiß. Ich stürze den Mann hinunter, er kollert hinab, ich
512 1710 2147 1846 jenem Ausflug neulich in meinen Arm gehängt hatte und
3916 1770 5597 1876 weiß nicht wohin — ich seh' ihn ja auch gar nicht. Welches
504 1782 2138 1901 mit mir den Waldpfad hinuntergelaufen war, dann er
3925 1833 5589 1935 Glück, daß Agathe nichts bemerkt hat. Natürlich nicht. Sie hat
2193 1842 2515 1943 Verlangen.
508 1842 2147 1969 innerte ich mich wieder, wie sie mir nachts im Garten mit
2244 1850 3882 2024 Das Mahl war zu Ende. Der Diener kam nicht wieder,
3937 1897 5589 2011 ja ein großes englisches Journal in der Hand... und blättert
504 1914 2147 2036 ihren schmalen Fingern durch die Haare gefahren war, und
3929 1960 5601 2070 darin, sieht sich die Bilder an. Wie komisch, da ist ein Bild,
508 1990 2138 2113 jenes Grußwort klang mir zärtlich durch den Sinn: „Kind."
2193 1969 2684 2087 wir waren allein.
2257 2007 3865 2125 Agathe stand vom Tische auf, sie trat auf mich zu, nahm
3929 2024 5589 2142 das den Spielsaal von früher darstellt und sie und mich
508 2041 2163 2176 Ich hatte all das nicht verstanden, zu verstehen nicht gewagt.
2210 2087 3870 2202 meinen Kopf in beide Hände und küßte mich auf die Lippen.
2223 2100 5597 2278 Es war kein glühender Kuß, er war eher milde, mehr Gülte unter den Spielern. Wie rasch die Nachrichten gehen. Wenn
504 2113 2159 2240 Denken Sie, wie jung ich war! Es war das erste Mal,
2214 2159 5597 2337 als Leidenschaft war in ihm, er war geschwisterlich und doch ihr Mann dieses Bild zu Gesicht bekommt — was wird mit
504 2193 2168 2303 daß eine schöne, junge Frau, eine Frau die ich für eine
3942 2235 5614 2362 uns geschehen? Wird er auch mich umbringen, so wie er den
508 2257 2168 2375 liebende und geliebte Gattin hielt, mir das Geschenk ihres
504 2299 3683 2443 Herzens zu bieten schien. Wie hätte ich das erwarten dürfen? berauschend, er war Feierlichkeit und Wollust zugleich.
3937 2320 4725 2426 Rittmeister umgebracht hat?
2269 2329 3882 2473 Und später, von ihrem Arm umschlungen, glitt ich in
3980 2320 5614 2477 Und mit einem Mal bin ich wieder in der Villa, in dem
504 2392 2159 2511 Und wenn sie nun ihrer Freude über mein Kommen so un
2269 2447 5618 2595 Wir lagen auf einen Wiesenhang hingestreckt; es war der Zimmer, auf dem Diwan, wo ich wirklich bin. Es ist wirk¬
521 2460 2172 2574 verhohlen Ausdruck gab, so bedeutete das nichts anderes, als
2223 2451 2688 2549 tausend Träume
3925 2502 5618 2625 lich und zugleich doch ein Traum. Ich träume, daß ich wach
521 2523 2172 2646 daß sie mich für ungeduldig und für verliebt genug hielt, um
2235 2553 3878 2680 gleiche, auf dem sie neulich erst an Eduards Seite gelegen
2227 2578 5614 2735 war. Ich wundere mich, daß sie so ruhig ist, ohne jede hin, ich träume, dass meine Augen offen sind und riesengroß
521 2587 2180 2714 mit voller Ueberlegung die Abwesenheit ihres Gatten zu
3954 2655 5610 2765 zu den flatternden Gardinen starren. Und ich höre Schritte,
521 2671 2096 2786 diesem unvermuteten und verwegenen Besuch zu benützen.
2240 2688 3870 2803 Angst, irgend etwas Furchtbares ist ja geschehen — ich weit
3942 2714 5618 2824 langsame Schritte von sechs Männern oder zwölf. Ich weiß,
576 2748 1435 2862 „Es ist serviert, gnädige Frau.“
576 2756 3887 2921 Eine leichte Bewegung Agathens. Ich wandte mich um. nicht was, denke auch nicht darüber nach, aber ich weiß, daß
2223 2782 5614 2938 wir fort müssen, so weit als möglich. Dann sitzen wir in daß man jetzt die Bahre mit dem Leichnam bringt, und ich
3954 2849 5610 2964 fliehe. Ich bin auf der Terrasse draußen. Ich muß hinab
512 2870 2176 2993 Wir traten ins Nebenzimmer. Es war Agathens Boudoir,
508 2900 3895 3057 das Fenster stand offen, weiße Gardinen schlossen uns gegen einem Eisenbahncoupé; das renster ist offen. die Vorhänge,
3946 2909 5627 3027 über die Stufen. Wo sind die Männer, wo ist die Bahre?
521 2968 3895 3129 draußen ab, Garten und Luft schimmerten mit unbestimmten nicht befestigt, fliegen hin und her, zerrissene Bilder wechseln.
3942 2981 5627 3103 Ich sehe sie nicht. Ich weiß nur, daß sie mir entgegenkommt
2240 3027 3891 3141 der Landschaften rasen vorbei, Wälder, Wiesen, Zäune, Felsen
2235 3048 5618 3209 Kirchen, vereinzelte Bäume, unbegreiflich schnell und ohne und daß es mir unmöglich ist, ihr auszuweichen. Plößlich
3971 3120 5622 3226 stehe ich im Garten ganz allein, aber es ist kein wirk¬
517 3108 898 3235 Farben durch
580 3108 2197 3264 Wir saßen einander gegenüber, Agathe und ich. Der
2252 3171 3912 3290 jeden Zusammenhang. Rasch genug, niemand kann uns nach,
2235 3180 5631 3340 nicht einmal die Leute, die im gleichen Zug fahren; es ist unfaß¬ „licher Garten, er ist einer wie aus einer Spielzeugschachtel;
508 3222 2185 3353 Diener, jetzt in dunkelblauem Lüstersakko mit Goldknöpfen
3950 3247 5648 3370 es ist genau der Garten, den ich vor vielen Jahren einmal
533 3281 2185 3417 ging aus und ein und servierte. Es war mit erlesenem
2235 3298 3904 3408 bar, aber doch ist es so. Plötzlich höre ich ihren Namen
3959 3319 5631 3442 zum Geburtstag geschenkt bekommen habe. Ich habe bisher
529 3353 2185 3489 Geschmack gedeckt. Ein einfaches Mahl, und als Getränk nichts
2257 3362 3899 3476 braußen rufen, ich weiß, es ist ein Telegraphenbote, der sie
2252 3395 5639 3544 sucht. In mr ist nur die Angst, daß sie es hören könnte. gar nicht gewußt, das man darin auch spazieren gehen kann.
508 3417 2202 3544 als Champagner. Unser Tischgespräch war völlig harmlos
3954 3463 5635 3565 Auch kleine Bögel sitzen auf den Bäumen. Die hab' ich da¬
533 3480 2197 3607 und mußte es sein, dabei aber ganzlich ungezwungen, nicht
2240 3501 3899 3607 Aber der Name klingt immer leiser, endlich verklingt er
2257 3535 5644 3692 ganz, und der Zug rast weiter. Wir reisen, ja, wir reifen, mals nicht bemerkt. Und jetzt fliegen sie alle weg, zur Strafe,
525 3552 2176 3675 nur von ihrer, sondern auch von meiner Seite. Doch wäh
2312 3594 5639 3760 wir reisen immerfort. Jetzt sind wir in einem Spielsaal weil ich sie bemerkt habe. Und beim Gartentor sieht der
538 3628 2180 3755 rend wir von den Alltäglichkeiten des Landlebens sprachen
2244 3658 5644 3823 — es wird wohl Monte Carlo sein. Wie kann ich nur Diener und verbeugt sich sehr tief. Denn eben tritt Herr
525 3692 2176 3810 von abgetanen und geplanten Ausflügen, von der bevor
3967 3721 5631 3827 Loiberger persönlich herein. Er hat keine Ahnung davon,
538 3751 2197 3891 stehenden sonntäglichen Regatta, der voraussichtlichen Teil¬
2244 3772 3916 3895 zweifeln? Natürlich ist es Monte Carlo. Agathe sitzt am
3971 3785 5631 3904 daß er tot ist und dabei hat er doch einen weißen Regen¬
529 3823 2197 3937 nahme und den Chancen Loibergers — obwohl ich keinen
2244 3827 3920 3954 Spieltisch mitten unter anderen Leuten, sie ist schön, sic ist
3971 3844 5644 3992 mantel on. Ich muß ihn ins Haus hineinbegleiten, damit
529 3899 2197 4005 Augenblick vergaß, daß Eduard tot war, und daß ich nur
555 3899 3925 4103 hergekommen war, um es seiner Gattin zu berichten — ganz ruhig. sie spielt, sie verlieckt, ich schaue nach
2574 4306 2739 4407 de Votre
