4424 4024
3419 919 3826 1047 17.11.1919.
2697 1174 2954 1295 An den
2569 1324 3475 1487 Theatervertrieb S.Fischer,
3515 1451 3837 1583 Berlin.
2697 1574 3965 1679 Der Brief meines ler Yorker Freundes
2348 1682 3969 1798 3. Daymel,307 Carlton Avenue Brocklin-New-York,
2288 1773 4088 1890 datiert vom 6.Juni d.J., enthielt folgende stelle/
2355 1892 4092 1992 deren Hauptinhalt ich Ihnen schon zitiert zu haben
2361 1977 4074 2111 glaube: „ Deine. Grosse Szene“ wurde hier in Green¬
3310 2080 3453 2142 G.C.F.P
2366 2075 4074 2200 wich-Village-Theatre während des Kriegsjahres als
2364 2171 4059 2301 einzi ges von drüben kommendessstück aufgeführt
2357 2279 4050 2404 mit erstklassigen Erfolz. The best one-act-play,
2364 2375 4016 2547 that was produced here on any stage for years,
2364 2496 3225 2616 schrieb die Evening-Sun.
2704 2547 4039 2744 Hieraus ergibt sich, dass die Auskünfte
2364 2677 4041 2833 die Sie von Ihrem New-Yorker Vertreter erhielten
2361 2795 4036 2914 falsch sind. Es erscheint möglich, dass die beider
2357 2894 4016 3017 anderen Finakter aus der „Kumödie der Worte“ ni
3160 2983 3359 3075 Gera de
2350 2981 4010 3131 aufgeführt worden sind. Die grosse Szene“ ist
