4471 4071
465 960 819 1089 G.C.F.P.
197 999 1751 1135 vision in Abzug zu bringen, wenn Sie nicht vor-
193 1098 1735 1190 ziehen, dass ich diese Provision auf Ihr Kontp
197 1131 1806 1251 in der Originalvaluta, sei es nun gleichfalls in
203 1215 1812 1299 Amerika oder bei einer anderen von Ihnen zu be
203 1259 1762 1353 stimmenden Bank zur Einzahlung bringe. Keines -
199 1301 1691 1391 falls wünschte ich, dass diese Provision bei
205 1335 1852 1446 legenheit irgend einer anderen Abrechnung und um
205 1418 1366 1529 gerechnet in Abzug gebracht werde.
329 1460 1821 1588 4. Wie ich aus einer Ihrer letzten Benach
203 1550 1783 1661 richtigungen ersehe, spielt Frau Konstantin dem
203 1609 1802 1703 nächt in Holland das Abs chiedssouper. Ich nehme
210 1657 1781 1745 an, dass ein solcher AnschIuss direkt von Ihrem
212 1693 1852 1798 Verlag gemacht wird und dass daxxx in einem sol
210 1764 1762 1848 chen Fall Ihr holländisches Bureau sich Abzüge
210 1810 1798 1894 macht; mit anderen Worten, dass die 3 % tatsäch-
212 1850 1842 1980 lich als 3% von der Brutbotheatereinnahme an uns
210 1925 740 2034 abgeführt wird.
486 1980 1781 2112 5. Das projektierte deutsche castspiel
218 2030 1816 2156 in Holland mit.Reigen und einem andern meiner
218 2122 1651 2246 Stücke ist wohl als angetan zu betrachten.
473 2181 1795 2292 6. In Stockholm hat Maissi vergangenes
218 2246 1844 2348 Frühjahr den „Parazelaus“ am Blanche-Theater ge¬
218 2317 1772 2401 spielt. Er hat in der gleichen Polle, wenn ich
218 2342 1869 2447 nicht irre, auch in Gothenburg,vielleicht auch im
212 2403 1754 2514 anderen nordischen städten pastiert. Auch bei
214 2441 1898 2566 sei nem jetzigen Gastspiel tritt er wahrsche inlich
218 2499 1865 2598 wieder als „Parazelsus“ auf. Mit wem ist hier ei
230 2560 1869 2656 gentlich ein Vertrag geschlossen worden? Mit dem
224 2604 1900 2696 betreffenden Theater-Könnte man nicht vielleicht
226 2665 1833 2772 Linden damit betrauen diese Tantiemen einzukas-
230 2709 1856 2803 sieren? Bitte sehr richten sie auf diese Angele¬
230 2765 1808 2862 genheit Ihr Augenwerk.Sie wissen ja,wie schwer
224 2797 1825 2931 es ist, wenn einige Zeit verstrichen, die betref-
220 2891 1146 2994 fenden summen einzutreiben.
637 2918 1929 3057 Ist  Batter verständigt,dass sein Ver¬
235 2962 1821 3132 trag bezüglich des „Weiten Lande ungültigist?
3934 863 4138 980 1440
2872 888 4121 1041 8. „Reigen“ Rumänien ist mit Dr.Tødes
2654 970 4117 1073 kul.Bukarest,abgeschlossen, Garanties umme
2654 1058 4133 1129 zahlt worden. Dr. Tedeskul teilte mir person
2646 1100 4121 1196 lich mit, dass im Jahre 1918 sowohl Anatol
2644 1150 4112 1267 als „Liebele i“, dieses letztere unter dem
2659 1190 4014 1282 Titel „Pui de dragosti“ aufgeführt worden
2642 1247 4008 1341 ist. Autorisation ist von mir niemals e
2644 1288 4056 1391 teilt worden, von Ihnen wohl auch nicht Es
2640 1345 4062 1473 sind wohl auch niemals Tantiemen eingelau
2640 1391 2784 1494 fen.
2818 1475 4018 1590 9. Haben Boni & [L]iveright schon auf
2631 1527 4027 1651 Ihre Anfrage geantwortet, wer die Leute s
2627 1594 4006 1710 die angeblich lebensetzungsrechte meiner
2627 1649 4071 1762 Werke in Amerika zu vorkaufen haben und we
2636 1705 3794 1806 che Beträge diese Leute verlangen?
2824 1764 3999 1902 10. Ich bitte sehr je ein Exemplar
2627 1848 4022 1955 (eventuell Bühnenexemplar) „Zwischaspiel“
2623 1898 3966 2007 „Komödie der Worte „Lebenoige Stunden“
2612 1963 4008 2061 fälligst senden zu lassen an: M.Lucien B
2594 2015 3654 2120 nard, Paris, 174, Rue de Rivoli.
2814 2074 3991 2214 11. Von Herrn Harz bin ich geraume
2592 2137 4092 2279 Zeit ohne Nachricht. Vielleicht informieren
2700 2204 4018 2304 sich gelegentlich (soweit das möglich
2604 2235 4012 2374 ist), ob das Ruch nicht wieder vergriffen
2604 2307 3999 2426 Zuletzt ist 69.-78. Auflage erschiene n. 74.
2602 2367 4004 2493 78. Aufl. noch nicht bezahlt. Meines Erach
2594 2420 3964 2527 tens werden wir in der Sache nicht recht
2594 2485 3974 2579 weiter kommen, wenn wir erst abwarten, bis
2589 2535 4079 2631 die bisher erschienenen Juflagen total ver-
2581 2585 4041 2684 griffen sind. Man käme vielleicht eher zum
2579 2648 4129 2755 Ziele, wenn man die noch bei Harz befindlichen
2571 2682 3932 2782 Exemplare übernähme. Soll ich Harz noch
2579 2734 4027 2870 einmal schreiben, dass er sich mit Ihnen in
2589 2780 3423 2906 Verbindung setzen würde?
2809 2837 3761 2994 12. Hat Herr Demez die Ange
3817 2906 3957 3004 genh
2562 2912 3779 3082 des oechischen „Reigen aufgeklärt?
2801 3027 3358 3159 Herzlich grüsse
