4439 4056
377 981 2012 1115 den speziellen Fall zurückzukommen,ganz evident,
374 1074 1887 1162 dass die bei Mitchall Kennerley erschienenen
379 1111 1955 1206 stücke auch für Amerika ganz unbestritten mein
379 1175 1985 1290 und nicht des Herrn Mitonell Kennerley Eigentum
383 1245 693 1333 bedeuten.
578 1317 2041 1422 Die amerikanische Annonce, von der ich Ihnen
379 1383 1975 1455 neulich schrieb, habe ich indess zu Gesicht be
379 1418 2014 1512 kommen. Sie stammt nicht von Kirpatrik & Brandt,
383 1473 1979 1566 es sind die United Plays, die,wie Sie ja wissen,
387 1539 1961 1601 ein Optionsrecht auf meine künftigen Stücke er
379 1590 1953 1660 worbn haben und die plötzlich annoncieren, dass
383 1630 1994 1704 sie die alle inigen Vertreter meiner sämmtlichen
379 1679 2025 1759 Werke für Amerika sind. Ich habe den Leutansofort
387 1730 1985 1817 geschrieben, dass ich die hiedurch mir eventuell
385 1788 1928 1852 erwachsende Schädigung in der mir geeigneten
385 1833 1955 1920 Weise zu begegnen wissen werde und mir weitere
393 1907 1068 1996 Schritte vorbehalte.
584 1969 1895 2051 Wie steht nun eigentlich die Sache mit
385 2023 1990 2103 Ziegd? Sie schrieben mir zuletzt, dass die Klage
385 2070 2035 2154 eingbracht ist und dass er in jedem Falle zahlen
385 2146 1946 2220 muss. So gern ich in diesem Fall weitestes Ent
393 2185 1988 2274 gegenkommen walten lasse,es geht doch nicht an,
391 2239 1841 2325 dass er, wie es wahrach einlich der Fall ist,
463 2271 1988 2362 mit den Erträgnissen des.Reigen seine Ver -
387 2321 1965 2424 pflichtungen gegenüber den anderen Autoren und
405 2391 1829 2490 Agenten erfüllt und uns weiterhin schuldig
391 2453 636 2535 bleibt.
595 2498 1895 2625 Das Uebersetzungsrecht für den „Märder
391 2572 2020 2689 ins Dänische habe ich Herrn Axel Fraenkel, Köpen-
395 2646 981 2745 hagen, übertragen.
607 2712 1975 2811 Auf Rat Bernsteins habe ich mich mit der
391 2780 1969 2876 Alian Custodien Washington nun auch persönlich
399 2837 1940 2915 in Verbindung gesetzt.Selbstverständlich wird
399 2887 1928 2957 der Verlag Fischer seiner Perzente nicht ver-
393 2936 1936 3012 lustig gehen. Doch werden wohl in diesem Fall
393 2985 2035 3068 denke ich die Perzen te Geltung haben, wie sie zur
393 3031 2049 3138 Zeit des bäreffenden Abschlusses zwischen uns im
397 3111 794 3195 Gange waren
753 3121 1471 3247 Mit herzlichem Gruss
938 3245 1060 3352 Ihr
3403 860 3763 961 6.10.1922.
2403 881 2901 1010 Fischer
2757 992 2868 1066 aussi
2578 1064 3072 1177 Lieber Freund,
2868 1200 3969 1313 Da die Quartalsabrechnung fällig
2522 1282 3932 1358 ist und ich, wenn überhaupt, doch wohl erst
2531 1325 3961 1420 Anfang November nach Berlin kommen dürfte,
2525 1393 3967 1469 wünschte ich sehr „dass wir die Provisions
2522 1432 4096 1510 frage schon jetzt erledigten. Ich schlug Ihnen
2533 1490 4035 1580 vor die seinerzeit von xxxan auf zwölf Per-
2527 1535 4041 1617 zent erhöhte Provision nun endgültig auf xxx
2531 1586 4033 1702 zehn festzusetzen und erbitte Ihre gefällige
2522 1658 2915 1749 Aeusserung.
2868 1697 4014 1804 Ein hiesiger Schriftsteller frägt
2529 1784 4043 1870 an,ob es eventuoll möglich wäre ein Exemplar
2533 1839 4031 1932 meiner Gesammelten Nacke in der besseren Aus
2539 1893 4041 1969 gabe direkt vom Verlag zum sogenannten Buch¬
2531 1940 3983 2027 händlerpreis zu erstehen und wie hoch sich
2531 2004 3068 2109 dieser beliefe.
2878 2064 4055 2171 Ich bitte Sie sehr an die Hofrätin
3796 2121 4084 2208 die zwei
2500 2150 3734 2232 Zuckerkandl.Wien I. Oppolzergasse C
3977 2179 4105 2253 (s le
2537 2156 3930 2265 Ergänzungsbände meiner Gesammelten Werke
2541 2241 4055 2321 hezog seinerzeit auch ein Gratisexemplar der
2539 2296 3790 2399 früheren Gesammtausgabe) senden
3854 2286 3981 2374 len.
2889 2387 4094 2469 Die Lese-und Redehalle der deutsohn
2543 2444 4092 2537 Studenten in Prag erbittet sehr einige Gratis
2553 2512 4078 2607 exemplare und zwar von „Professor Bernhardi“,
2562 2564 3899 2632 „Schwestern und „Fink und Fliederbusch
2551 2568 4062 2679 Vielleicht lassen Sie dem Verein einfach ei-
2541 2662 3922 2749 nen dramatischen Ergänzungsband zugehen.
3652 2716 4074 2808 vortrag bei
2922 2749 3658 2835 Ich lege hier den Buch
3650 2786 3747 2833 d'une
2545 2788 4062 2901 für den sie sich Interssiert haben und bitte
2553 2858 3889 2965 sehr nach Einsichtnahme um Rücksendung.
2934 2911 4101 3043 Einen Brief des Herrn Greiner über
2712 2998 4002 3094 ausländi schen Angelegenheiten Tage Ich
2549 3010 2656 3094 die
2545 3033 4043 3206 ge ichfalls bei. Nach 20. Oktober begebe ich
