4424 4007
293 977 1935 1119 langen können. Dem Budapester Verleger will ich
287 1101 1821 1253 also direkt antworten. (Ich werde auf einen
285 1198 1943 1361 kleinen Lepaus in.Casanovas Heimfahrt aufmerk¬
295 1322 1881 1437 sam gemacht. Auf S. 146,Zeile 3 von unten muss
293 1417 1937 1540 es heissten statt: auf das Pferd - auf die Pfer¬
293 1497 1951 1652 de. Vielleicht sind Sie so gut und lassen das in
295 1613 1466 1755 den nächsten Auflagen korrigieren.
663 1759 1338 1889 Herzlichst grüssend
958 1865 1105 1978 Ihr
3521 913 3915 1051 22.1.1919.
2251 929 2523 1115 Fisch
2468 1061 2666 1200 G.C.H.F.P.D.
2746 1156 3248 1359 Lieber Freund.
2726 1357 3932 1514 Wenn Herr Linden sich so lange mit
2412 1470 3992 1617 der Antwort Zeit lässt, haben wir wohl keiner-
2420 1584 3944 1714 lei Verpflichtung. Auch dürften wir von dem
2422 1697 4029 1825 nordischen Verlag in Kopenhagen günstigere Be-
2643 1782 2854 1846 lʼa fêté a lu lʼhonneur avec les mêmes.
2422 1786 4025 1906 dingungen erhalten. Da es sich um ganz Skandi-
2428 1898 3957 2028 navien handelt, sollten wir doch wohl 3000
2439 1993 4033 2137 (nordüsche) Kronen verlangen. Für „Reigen“ na-
2819 2086 2953 2139 au moins de moins à moins.
2433 2077 4072 2214 türlich noch mehr. Entgiltige Entscheidung möch¬
2437 2191 4064 2321 te ich wie gewöhnlich Ihrem Ermessen überlassen
2431 2296 3971 2441 Aber bedenken sie immerhin, dass im Laufe der
2437 2412 4052 2521 letzten Jahre mein Name i Skandiuavien ganz
2437 2503 4074 2641 ausserordentlich bekannt geworden ist und dass
2445 2608 3655 2720 wir schlimmstenfalls warten können.
2779 2697 4054 2827 Das Münchner Nationaltheater (Stein-
2441 2798 3981 2955 rück) dürfte „Crosse Szene“ und „Kakadu“ zu¬
2453 2914 4004 3048 sammen an einem Abend gegen 10%ige Tantiemen
2451 3025 3994 3147 aufführen. Bitte sehr, machen Sie den Vertrag
2441 3116 3903 3279 mit der Bedingung, dass jedes dieser Stücke
