4466 4072
2431 697 2759 980 The
3473 875 3817 1011 7.4.19221
2462 1119 3434 1234 Sehr verehrter Herr Greiner.
2923 1232 4049 1349 Mit Ihrem in manchen Details die
2460 1289 4071 1400 kutablen liebenswürdigen Schreiben treffen Sie
2472 1357 4032 1466 meines Erachtens doch nicht ganz den Kern der
2468 1406 4069 1505 Sache. Meine Anweisungen liessen niemals einen
2474 1451 3997 1560 Zweifel darüber, dass ich den „Reigen“ nur auf
2472 1509 4069 1615 wenige grössere Bühnen zu beschranken wünschte
2474 1562 4065 1663 und wünsche. Und nichts hindert die Herren Ei-
2468 1617 4038 1730 rektonen, die weder von Ihnen noch von mir zur
2485 1650 4098 1767 Aufführung des.Reigen irgandwie animiert wer-
2476 1714 4004 1812 den, sich die Sache vor allem einmalorrentlich
2478 1749 4096 1861 zu überlegen ehe sie Vertrag machen. Stellen wir
2489 1792 4118 1917 es einem Direktor frei sich das Aufführungsrecht
2487 1863 4079 1984 für den „Reigen“ für eine bestimmte Zeit durch
2480 1909 4041 2023 Erlag einer Garantie zu sichern, entbinden wir
2487 1956 4043 2066 ihn aber dann sobald or den Mut oder die Lust
2493 2015 4034 2118 zur Aufführung verliert, von einer Verpflich-
2501 2077 4022 2165 tung die von uns während der Dauer ihres Be¬
2495 2114 4051 2218 stehens vielleicht daran hinderte anderweitig
2499 2165 4051 2271 über den „Reigen“ zu verfügen, so stipulieren
2499 2204 4129 2319 wird amitsxxn ein einseitigen Ruckxxxx
2493 2265 4047 2368 direktoriales Recht,dem grade der Verle-
2499 2292 4139 2421 ger meiner Meinung nach In keinem Falle das Wort
2505 2362 4098 2464 reden dürfte. Man mag über die moralischen und
2497 2411 4123 2522 künstlerischen Qualitäten des.Reigen, über die
2511 2468 4116 2569 Notsendigkeit oder sogar Möglichkeit einer Auf-
2513 2519 4104 2622 führung denken wie man will, niemand, ich an we-
2505 2554 4092 2690 nigsten zwang den Verlag Fischer den mühnenver
2511 2628 4045 2757 vertrieb zu übernehmen, von dem Augenblick an
2511 2710 4032 2813 aber da er ihntäbernahm, durfte gerade er es
2517 2743 4098 2866 am wenigsten dülden, dass der „Neigen als Büh¬
2517 2802 4018 2913 nenwerk künstlerisch, moralisch, geschäftlich
2517 2831 4112 2960 rechtlich mit anderem Masse genossen würde als
2524 2907 4170 3009 irgend ein anderes Theaterstück seines Verlages.
2511 2970 4055 3079 Und völlig unerklärlich ist es mir, wie er an
2825 2983 4182 3122 gemassregel bezeichnen kann, was nichts
2524 3063 4055 3169 anderes ist als das ganz selbstverständliche
2534 3048 2774 3120 als „Zw
