4429 4087
317 1029 1864 1128 wenden und habe mich mit der vorgeschlagenen
317 1094 1868 1189 Honorarzahlung vorerst für eine zahlenmässig
330 1137 1946 1234 noch nicht bestimmte) Reihe von Auflageneinver-
328 1191 1896 1290 standen erklärt. Auch über die Möglichkeit im
334 1245 1927 1348 Hertz-Verlag eine Novells, eventuell,ein Apho-
328 1295 1991 1389 rismenbuch herauszugeben, wurde gesprochen. Diese
328 1346 1970 1437 Fragen sind noch nicht akut, da ich ja eine neue
324 1398 2058 1504 Novelle jedenfalls unter den heutigen Verhältnissen
334 1454 2002 1558 zuerst im Ausland zu verwerten suchen müsste, was
345 1508 1931 1597 vorrespondenz und Zeitverlust mit sich bringt.
723 1601 859 1666 reçu
520 1584 734 1696 notre
725 1618 1394 1696 herzlichem Gruss
352 2731 1159 2822 Herrn S.Fischer, Verlag.
315 2800 585 2898 Berlin.
2302 857 2695 1040 Fischer
3594 943 3991 1053 15.10.1923.
2574 1143 3068 1260 Lieber Freund.
2785 1290 4093 1392 Die acht Millionen vom 30.7. sind also
2574 1355 4052 1441 niemals an die Bank für Auswärtigen Handel
2546 1415 4086 1508 gelangt. Bitte berechnen Sie selbst, was diese
2546 1465 3504 1560 willionen heute wert sind.
2779 1536 4091 1653 Die mir am 1. Oktober als Akontozahlung
2578 1633 4082 1691 für Bühnenvertrieb avisierten 860 Millionen
2574 1679 4093 1748 sind an die Bank für ausw.Handel am II.Okto-
2550 1730 4052 1821 ber gelangt.Die Bank f. ausw.Handel empfiehlt
2576 1786 3994 1853 mit ferner „meinen Schuldnern zu ersuchen
2574 1830 4052 1903 der Bank sofort auch schon anlässlich eines
2583 1890 4054 1957 zu erwartenden Erlagge den Auftrag zu geben
2550 1927 3961 2002 für den gegenwert Effekten zu kaufen. Dar:
2576 1987 3860 2067 ich Sie bitten davon Notiz zu nehmen?
2865 2069 3551 2164 Herzlichst grüssend
3161 2140 3273 2209 Ihr
2542 2686 3335 2759 Herrn s. Fischer, Verlag,
2537 2746 2785 2826 Berl in.
