4386 3994
343 1043 1928 1177 schieden habe verständige ich Sie.Ihre Meinung
331 1142 1907 1289 über Berlin zu hören wäre mir natürlich in je-
331 1266 1012 1405 dem Falle wertvoll.
505 1330 1756 1492 Heute bekam ich die Einladung in das
335 1446 1961 1591 Schiedsgericht in der Streisache Fischer-Rosen-
341 1562 1818 1701 baum. Mein Wunsch ist es, es möge sich alles
337 1653 1359 1792 aufs Beste schlichten lassen.
573 1734 1827 1887 Sagen Sie mir doch einmal wieder ein
337 1864 1899 1963 Wort über Ihr und der Ihrigen Befinden. Uns in
335 1940 1957 2067 unserem engen Kreise geht es ganz leidlich,über
331 2046 1841 2214 Zeit und Welt wollen wir lieber nicht reden.
705 2174 1392 2300 Herzlichst grüssend
970 2278 1113 2373 Ihr
2325 902 2722 1053 tischer
3434 933 3809 1072 10.5.1919
2884 1161 3391 1372 Lieber Freund.
2754 1345 4032 1494 Dass ich mich zum „Reigen“ „bekenne“,
2493 1465 4069 1572 und sogar mit Vergnügen bekenne, ist ja selbst-
2478 1558 4113 1678 verständlich. Meine Bedenken bezogen sich immer
2472 1684 4111 1810 nur auf die Bühnenmöglichkeit und davon bin ich
2476 1758 4102 1878 trotz des Erfolge in Bussland noch nicht völlig
2466 1864 4109 1992 abgekommen. Immerhin spricht unter den heutigen
2462 1959 4104 2106 Umständen mehr für als gegen den Versuch einer
2466 2089 3976 2201 Aufführung und da mir Reinhardt in Hinsicht
2462 2170 4125 2282 auf die von mir gestellten Bedingungen im Schamm
2468 2276 3972 2416 weitesten Mass entgegenkommt, werde ich wohl
2464 2373 4071 2503 mit ihm abschliessen; ebenso wahrscheinlich mit
2468 2495 4096 2605 Wien.Kammerspiale. Was die übrigen Bühnen anbe-
2468 2561 4011 2722 langt.bleibt es bis auf Weiteres bei unseren
2460 2696 2894 2814 Abmachungen.
2743 2782 4032 2917 Nun habe ich eine Bitte an Sie. Leider
2466 2892 4069 3029 verspätet habe ich die Entdeckung gemacht, dass
2460 2981 4109 3109 in den zuletzte erschienenen Auflagen des „Rei-
2456 3095 3960 3244 gen" 49-58, die Bezeichnung der Auflagenzahl
2708 3213 3200 3364 II Hialtonom
