2386 3961
1747 188 1904 282 ouvert le
1908 808 2129 944 116
1188 825 1595 1031 Tisch.
1906 931 1991 1058 3
495 939 2010 1121 Aussee für die Sommermonate gemietet haben.
493 1071 2133 1232 Dass Sie und die Ihren heuer dahin reisen wer-
488 1194 2071 1346 den ist wohl ebenso unwah rscheinlich, als dass
499 1286 2090 1434 wir nach Mecklenburg kommen und so ist für die
478 1401 2081 1532 allernächste Zeit leider kaum an ein Wiederse-
476 1488 1994 1651 hen zu denken. Hoffentlich wird der Verkehr
488 1597 2088 1758 von Land zu Land und allerlei anderes sich bis
472 1693 2008 1841 zum nächsten Sommer etwas leichter gestaltet
466 1804 2075 1933 haben. Schon von Richard Beer-Hofmann habe ich
470 1914 2042 2033 gehört, dass nach einigen Sorgentagen in Ihrem
457 2019 1941 2156 Hause alles zum Besten steht und so hoffen
457 2121 2136 2244 wir auch weiterhin Sie und Ihre liebe Frau im un-
451 2209 1758 2344 getrübten Genusse Ihres neuen Glücks.
655 2342 1660 2457 Mit den herzlichsten grüssen
1019 2434 1167 2555 Ihr
