4413 3991
2187 887 2300 1027 a
2310 880 2596 1066 F.T.
3308 899 3711 1074 22.10.1917.
2400 972 2756 1123 Klein
2685 1136 3679 1281 Sehr verehrter Herr Greiner.
2626 1274 3968 1398 Für Ihr freundliches Schreibensage ich
2334 1387 4026 1528 Ihnen besten Dank. Ich teile vollkommen Ihre Auf-
2353 1522 3990 1609 fassung, dass der Brief Hellmers eher einem Bet-
2361 1586 3958 1709 tel als einem Geschäftsbrief ähnlich sah, darum
2353 1701 3862 1844 war er mir eben so zuwider, weil xx zu einem
2342 1792 3898 1925 solchen wahrhaftig kein Anlass verlag und so
2347 1907 3996 2014 bleibt meine Ansicht, dass zu einer Befürwortung
2349 1997 4000 2112 von Hellmers Essuchen doch eigentlich auch kein
2353 2108 4064 2225 Grund vorhanden war. Indess hat sich H. natürlich
2353 2210 3964 2317 schon an mich mit der Bitte gewandt, ich möchte
2353 2291 3990 2415 auf meinen wunsch nach Annulierung des Vertrags
3144 2389 3847 2451 kann ich nicht umhin
2353 2413 4062 2508 nicht bestehen und, ebenso natürlich,kabaxish die-
2349 2526 3979 2645 sen Wunsch, nachdem ich ich H. meine Meinung im
2349 2619 3704 2754 übrigen nicht vorenthalten, zu erfüllen.
2660 2711 4039 2826 Sollten vielleicht einige Bürstenabzüge
2355 2837 4039 2965 des „Fliederbusch“ an sie zurückgelangt oder gar
2359 2926 4047 3029 einige geheftete Exemplare vorhanden sein, so er-
2342 3007 4005 3173 bitte ich recht sehr drei Stück an das Deutsche
