4458 4072
3356 887 3719 997 23.7.1923.
2343 934 2785 1066 Rchen
675 1091 1949 1187 Falls die letzte Bühnenvertriebssumme
2495 1109 2999 1244 Lieber Freund.
1855 1170 1941 1229 G.C.H.F.P
290 1160 1745 1248 noch nicht überwiesen sein sollte,so bitte
296 1205 1935 1293 nicht an Deut che Bank, sondern,wie überhaupt al
300 1280 1918 1344 les bis auf Widerruf, Bank für auswärtigen Han-
2842 1250 3943 1360 Den ausgewiesenen Betrag fürden
1466 1323 1853 1395 G.C.H.F.P.S.
2469 1329 3819 1435 Bühnenvertrieb II. Quartel 1933 bitte an
300 1327 1207 1421 del, Budapesterstrasse 2/3.
724 1380 824 1435 G.C.H.F.P
2508 1382 4041 1474 die Bank für auswärtigenhandel überweisen zu
3101 1445 3482 1525 G.C.H.F.P.S.
2510 1445 2769 1545 wollen.
801 1468 1370 1560 Herzlichen Gruss
2842 1515 3967 1647 Wann erhalte ich die nächste Ab-
1021 1533 1125 1607 Ihr
2471 1578 3496 1690 rechnung über den Buchverlag?
2848 1668 3974 1764 Immer wieder ersuche ich mir die
2495 1727 4075 1847 Abrechnung über die Auslandsaufführungen voll
2520 1788 3998 1867 kommen getrennt zusenden zu wollen. Es ist
2518 1841 3825 1949 diesmal leider wieder nicht geschehen.
2856 1939 4000 2039 Micht unerheblich scheint mir die
2512 1959 4135 2073 Rechnung für die neu hergestellten Rühnentexten
2516 2037 4008 2139 die beinahe die Hälfte der ganzen lantiemen
2516 2063 4141 2177 verschlingen. Sie senden doch Bühnentexte immer
2514 2149 4073 2243 nur auf Wunsch der Autoren aus; wäre esnicht
3888 2194 4075 2275 wenig
2514 2204 3588 2285 praktischer, xx insbesondere bei
3649 2200 3743 2265 so
3307 2230 4031 2332 Freiwild oder.Ver-
2518 2261 3313 2355 gefragten stücken,wie „
2516 2294 4014 2383 mächtnis, von Pall zu Fall ein Buchexemplar
2514 2357 3810 2459 an die betreffende Bühne zu schicken?
2869 2438 4051 2550 Philipp Langmann, der Verfasser des
2493 2489 4077 2583 „Barthel Turaser hat sich in der letzten Zeit
2522 2538 4112 2636 an mich gewandt mit der Frage,ob sie eventuell
2491 2593 4016 2693 geneigt waren, wenn nicht sein Gesammtwerk,so
2489 2634 4082 2748 doch zwei Bände Dramen und zwei ände Novellen
2489 2709 3984 2816 in Ihren Verlag zu übernehmen. Er ist üb###¬
2520 2748 4147 2834 zeugt, dass damit ein grosses Geschäft zu machen
2528 2803 4051 2893 wäre. Vielleicht äussern sie sich gelegatlich
251 2838 1101 2960 Herrn s.Fischer,Verlage,
2516 2869 3356 2975 daxüber zu dieser Sache.
249 2915 518 2993 Berlin.
2869 2934 4092 3032 Ob Sie dieser brief noch in Berlin
2538 2989 4149 3095 trifft? Ich bleibe in Wien noch etwa bis Anfang
2497 3068 4051 3213 August, fahre dann vermutlich über Baden-Baden
