4425 3992
1032 449 1154 589 e
438 1074 1959 1195 das Sie meinen neuen Werken zugedacht haben,
438 1183 2007 1275 für meine alten. Drucken sie die notwendig ge¬
438 1291 1899 1408 wordenen neuen Auflagen und ich will meine
438 1390 1995 1504 neue Novelle anderswo erscheinen lassen; ent-
432 1460 2013 1595 weder in Oesterreich oder auch in Deutschland,
426 1581 1903 1702 wo mir (trotz des Papiermangels) auch eine
430 1693 2023 1814 gewisse Möglichkeit dazu geboten wäre. Die Pen-
424 1800 1961 1876 zentual ität hat doch wohl nur Giltigkeit in¬
426 1858 1953 1977 nerhalb eines Verlages. (Oder sollte die D.K.
418 1969 1885 2106 W. St. etwa die Absicht haben einen numerus
426 2074 1883 2208 clausus der österreichischen Autoren,ihrer
426 2200 1917 2297 Bücher und ihrer Auflagen für ganz Deutsch¬
412 2287 1881 2393 land anzubefehlen?) Den gleichen - Vorschlag
414 2409 2013 2528 unterbreite ich Ihnen natürlich bezüglich mei-
412 2490 1909 2593 nes neuen Stückes, zwar mit schwerem Herzen,
414 2631 1953 2709 aber sagen sie selbst, was bleibt mir anderes
414 2687 1943 2822 übrig, wenn ich nicht beträchtliche materiel-
418 2796 1981 2938 le Einbussen erleiden will, die durch die Kon-
420 2904 1941 3017 tinuität unserer Beziehungen freilich gemil-
408 3007 1917 3119 dert, aber unter dem Brucke dieser Zeit doch
402 3099 1808 3252 nicht völlig wett gemacht werden können.
2418 1076 4006 1191 Dass ich in Falle die Novelle nicht im Verlag
2424 1203 3902 1303 Fischer erschiene, auf das mir zugebilligte
2418 1275 3912 1396 Ausnahmshonorar für den Abdruck in der N.R.
2407 1398 3950 1521 keinen Anspruch mehr erheben xxx dürfte,
2414 1478 3218 1617 ist selbstverständlich.
2544 1601 3956 1708 Mir selbst, ich verhehle es keinen Augen -
2411 1704 3984 1830 blick, wäre es freilich am erwünschtesten, wenn
2407 1808 3974 1927 ich mit diesenmeinen Ausführungen Ihr Prinzip
2401 1864 3940 2029 der Donzentualität auch für Sie ed absurdum
2399 2007 3938 2120 geführt hätte. Haben sie für einen Autor, der
2399 2102 3930 2220 etwa zwei Dutzend Bücher in Ihrem Verlag er-
2405 2212 3906 2345 scheinen liess,und der ausserdem alle seine
2389 2301 3908 2434 stücke Ihrem Bühnenvertrieb überliess, nicht
2393 2409 4002 2544 mehr Papier zur Verfügung als eine genaue per-
2385 2526 3938 2653 zentuelle Aufstellung erlaubt, so liegt es ja
2387 2631 4002 2733 nur in Ihrem eigensten vnteresse, dass Sie die-
2377 2729 3870 2840 ses Papier für die Auflagen seiner älteren
2379 2832 3954 2969 Werke verwenden und ihn mit seinen neuen an¬
2371 2914 3606 3023 derswo sein Glück versuchen lassen.
2647 2999 3848 3170 Lassen Sie mich, lieber Freund, Ihre
