4408 4041
400 1068 1933 1175 dieser Sache sich ins einvernehmen zu setzen.
230 1125 1304 1261 (Housag weiss dass Parg nur The Sache it)
608 1169 1906 1263 Aus Italien habe ich heute einen Brief
1232 1224 1883 1333 ay erhalten, ders ich
411 1259 1181 1329 eines Herrn Dr. Harry.
1263 1277 1871 1358 erlagshäuser in
411 1294 1269 1374 als Repräsentant deutsche
442 1341 1889 1423 ührt und sich eventuell bemühen will italle
591 1399 1922 1483 erliger und Theaterirektoren für mein
415 1417 557 1475 sche
594 1452 698 1493 G.C.H.F.P
407 1427 1976 1526 Werke zu gewinnen. Er wird sich wahrscheinlich
411 1485 1820 1575 auch an Sie wenden. Von herrn Baris Gurev
409 1505 1912 1618 der sich für den „Reigen“ interessiert, habe
419 1579 2002 1664 ich Ihnen schon geschrieben. Ebenso erhielt ich
411 1629 2017 1727 heute durch Vermittlung des Herrn Sie und Münz
423 1680 1924 1764 einen Brief der italienischen Dichterin Anii
1444 1727 1896 1799 setzen möchte,
571 1742 1454 1826 titi, die den „Reigen übers
1444 1779 1581 1828 G.C.P.
470 1760 585 1840 1.
1581 1774 1984 1848 Onorarchan¬
417 1785 1581 1869 In welchem Falle die Verleger- und
417 1832 1994 1922 cen am günstigen zu stehen scheinen. Ich unter¬
427 1896 1937 1972 nehme natürlich in allen diesen Dingen nichts,
421 1939 2060 2015 ehe ich weiss.ob Sie Herrn Rangie nicht auch
429 1994 2013 2066 das Verlagsrecht des „Reigen überlasse“ haben.
425 2023 1957 2130 Wegen des Aufführungsrechts schliessen Sie in
421 2066 1998 2183 dieser Fall hoffentlich xx keineswegs ohne ent¬
421 2132 2013 2234 sprechende Garantie und ohne vorherige Verstän
433 2208 1043 2290 digung an mich ab.
624 2274 1298 2391 Herzlichst grüs send
906 2354 1012 2428 Ihr
269 2479 587 2596 + verhandelt.
435 3085 1000 3196 Herrn S.Fischer,
433 3169 690 3241 Perlin.
3491 897 3880 1010 19.8.1921.
2508 1113 2727 1224 An den
2723 1175 3253 1259 Vorlag S.FIscher,
3787 1169 4058 1300 Barlin.
2742 1300 4029 1401 Mit dem holländischen Raigennien wäre ich
2530 1362 4029 1456 nur in dem Faal einverstanden, dass die von Ihnen
2534 1413 3968 1520 angedeutete Verbindung mit einem andern meiner
2534 1448 4038 1551 Stücke zur Bedingung gemacht wird. Es wurde sich
2538 1510 4124 1629 darum handeln ein Stück zu wählen, dass ungefähr sit
2536 1561 3999 1666 dem gleichen Personal wie der Reigen aufgefuhrt
2540 1600 4058 1713 werden köpnte. Ich brächte zum Vorschlag entweder
2530 1666 3941 1756 Hiebelei zusammen mit einem meiner Einakter
2551 1719 3925 1803 „Literatur“ oder “Comtesse Missi“ - oder den
2540 1766 3890 1867 Zyklus "Komödie der Worte"- oder den Zyklus
2565 1776 4118 1916 "Lebendige Stunden,eventuell auch einen kombinier
2555 1869 4077 1963 ten Einakterabend,etwa "Comtesse Mizzi, Literatur,
2555 1922 4066 2017 Grosse "zene". Wenn "inakterabend, jedenfalls min
2555 1974 4003 2072 destens drei; eine Zusammenstellung von zweien
2557 2011 4052 2119 bevährt sich niemals, Materielle Bedingungen die
2561 2060 3999 2179 gleichen wie f.r den Reigen, selbstverständlich
2557 2089 4208 2230 müsste ein Teil der Garantie im Falle eines Verbotes
2590 2167 4062 2274 rückgezahlt werden. E e wird mir sehr angenehm
2600 2210 4093 2345 sein, wenn Sie in dieser Sache zu einem Abschluss
2571 2310 2857 2391 gelangen.
2779 2335 4183 2462 2. Der Eingang des Goldes für die Wopenhagner
2619 2411 4046 2524 Dantieme "Grosse Szone ist mir von Seiten der
2602 2485 3785 2604 eigenossischen Dank angezeigt worden.
2785 2549 4073 2674 3. Die Angelegenheit Karczag ist wohl nun
2619 2619 4021 2734 genügend aufgeklärt. Ich betonenochmals, dass
2614 2658 4138 2781 ich mich der irma Karczag gegenüber absolut nicht
2639 2711 4163 2816 gebunden habe, sondern nur versuchsweise für einige
2612 2777 4064 2875 Monate den Vertrieb für einige meiner Stucke
2621 2807 4124 2927 sind fur einige Länder (durchaus solche, mit denen
2629 2869 4149 2990 Ihr Verlag so gut wie keine Verbindungen zu haben
2596 2918 4151 3058 scheint übertragen habe, u. zw vorläufig "Comtesse
2846 2970 3992 3064 *Das weite Land", “Komödie der Worte“
2619 2996 4227 3122 Reigen, "Professor Bernhardi" für Spanien, Rumänien
2604 3027 2861 3091 M1521,
2633 3081 3972 3171 Italien und Belgarien. An deutschsprachige
2629 3118 4229 3216 Aufführungen in den Successionsstaaten etc. hatte
