4417 3992
377 998 1921 1139 füllende Stück 10% und für jeden Einakter 3%
379 1123 1940 1278 zu zahlen. Aus Ihrer Benachrichtigung entneh-
379 1192 1879 1359 me ich übrigens zu meiner Verwunderung, dass
734 1298 1196 1383 für „Liebelei
387 1296 1854 1465 Sie mit Hamburg zu einem Tantiemensatz von
1388 1396 1491 1459 von
391 1434 1811 1555 8%.mit einem einakter zusammen 7% abge -
389 1542 2007 1640 schlossen haben. Auch hier muss ich Sie leider
397 1614 1993 1740 bitten eine Richtigstellung vorzunehmen. Wird
395 1740 1952 1862 „Liebelei“ als abendfullendes Stück gespielt,
391 1805 1930 1952 so ist ganz selbstverständlich wie für jedes
391 1948 2007 2062 andere abendfüllende Stück 10% Tantième zu zah¬
397 1999 1956 2150 len. Ist es Ihnen irgen wie unbequem die Zah-
397 2109 2013 2266 lungen des Hamburger Deutschen Schauspielhauses
401 2217 1960 2335 für mich zu übernehmen, so kann ich ja die be¬
397 2308 1972 2447 treffenden Beträge direkt an mich adressieren
401 2408 2001 2563 lassen. Es hälle auch weder für mich - wie ich
403 2524 2005 2632 an dieser Stelle zu erwähnen nicht unterlassen
403 2606 1891 2745 kann - keine xxx nach für das Kleine
405 2726 1838 2842 Theater oder das Schillertheater ober das
410 2824 1938 2973 Königgrätzerstrassetheater in Berlin irgend-
410 2936 1905 3044 welche Unbequemlichkeit oder Schwierigkeit,
405 3036 2025 3181 wenn ich mit diesen Bühnen (wie mit dem Tessin
2416 1041 4053 1186 Theater- oder dem Deutschen Theater etc.) direkt
2423 1145 4030 1296 Vertrag machte und das Geld ohne jede Vermitt-
2423 1251 3947 1386 lung an mich oder eine Bank anweisen liesse.
2421 1341 3957 1471 Doch redenke ich selbstverständlich nach wie
2419 1432 4028 1583 vor auch in Berlin fallweise zu den festgesetz-
2412 1542 3892 1679 ten Bedingungen Ihre mir höchst schätzbare
2408 1659 3975 1769 Vermittlung in Anspruch zu nehmen. Jedenfalls
2718 1767 3458 1860 xx�berastaan
2408 1803 4000 1950 aber bitte ich jeden auf meine Stücke befügli-
2402 1932 3900 2064 lichen Berliner, Wiener und Hamburger Antrag
2400 2017 3445 2162 zu meiner Kenntnis zu bringen.
2706 2121 3957 2268 4. Das Trianontheater hat mir nur un-
2406 2229 3908 2339 verbindlich mitgeteilt. dass es sich für den
2390 2296 4002 2439 „Ruf des Lebens“ interessiere.Darauf habe ich
3484 2404 3608 2471 Sie
2388 2406 3888 2565 gar nicht reagiert und bitte auch in dieser
2386 2520 3606 2659 Richtung gar nichts zu unternehmen.
2704 2612 4004 2747 5. Haben Sie mit Prag wegen „Professor
2384 2716 3989 2869 Bernhardi" abgeschlossen und zu welchen Bedin-
2386 2855 2659 2963 gungen?
2702 2901 3863 3058 6. Ich bat Sie vor zirka 3 Wochen
2378 3024 3926 3166 die für das IV. Quartal 18 fällige Bühnenver-
2386 3128 3961 3284 triebssumme an die Bodenkreditanstalt in Wien
