4425 3992
203 641 447 818 Votre amie.
908 698 1360 895 0
394 952 2006 1109 sondern er hat es Ihnen zur Verfügung gestellt.
329 1065 2014 1243 Sie wurden zu einer letzten endgiltigen Bespre-
382 1168 1941 1329 chung hier erwartet, Ihre österreichischen Au-
382 1275 1926 1415 toren haben sie recht dringend darum ersucht,
365 1344 1935 1516 hieher zu kommen, damit eine Angelegenheit, die
363 1463 1929 1637 für den Verlag und seine österreichischen Au¬
356 1574 1983 1740 toren von so emminenter Bedeutung ist, womöglich
348 1681 1836 1849 günstigt erledigt würde. Immer wieder wurde
352 1773 1841 1945 versichert,das Papier sei vorhanden, und nun
337 1855 1876 2017 schreiben sie mir,Sie seien jederzeit bereit
335 1966 1952 2134 nach Wien zu kommen - wenn sich die Möglichkeit
325 2046 1950 2268 der Papierbeschaffung ergibt. So drehen wir uns
321 2161 1876 2350 im Kreise. Ich muss nun wohl sagen: genug da-
312 2258 478 2413 von.
482 2377 1834 2551 Was nun speziell meine Werke anlangt,so
293 2465 1794 2654 tellen Sie mir mit, dass Sie im vorigen Jahr
291 2578 1889 2734 Ihre Vorrüte nicht geschont haben, um auch al¬
277 2677 1857 2859 len meinen Bedürfnissen gerecht zu werden und
279 2767 1811 2935 dass Sie auch in diesem Jahre bemüht bleiben
273 2863 1830 3065 werden,die notwendigen Neuauflagen und Bücher
252 2987 1885 3186 zu drucken. Glauben sie mir, dass ich dies keinen
2386 987 3998 1149 Augenblick verkannt oder angezweifelt habe,so-
2381 1090 3939 1233 wie ich mich auch über die ausserordentlichen
2383 1199 3857 1350 Schwierigkeiten, die Sie unter den heutigen
2383 1279 3897 1428 Zeitumständen zu überwinden haben, in keiner
2396 1404 3943 1553 Täuschung befinde. Wenn ich heute auf meinen
2398 1505 3943 1629 Vorschlag von neulich zurückkomme,so tue ich
2396 1581 4006 1727 das vor allem, um diese Schwierigkeiten, so weit
2404 1700 3943 1832 es in meinen Kräften steht, zu verringern. Sie
2394 1813 3907 1981 hoffen - so schreiben sie - auch meine neue
2402 1899 4039 2050 Novelle und mein neues Drame drucken zu können.
2404 2017 4054 2159 Sie schreiben ferner, dass Sie für die gesammel-
2417 2111 4046 2266 ten Werke in Deutschland kein Papier werdenauf-
2417 2205 3985 2344 bringen können und fügen hinzu, dass diese Ce-
2423 2306 3949 2465 sammtausgebe nur geringen Gewinn bringe, dass
2432 2430 3989 2566 eine ideelle Schädigung aus ihrem Fehlennicht
3796 2497 3985 2566 Druck
2432 2520 3964 2652 erfolge und der Gewinnentgang durch danxxxx
2419 2622 4000 2757 neuer Bücher wieder eingeholt werde. In diesen
2425 2731 4065 2855 Punkten deckt sich meine Auffasung nicht völlig
3105 2819 3499 2893 ein Verleger
2427 2819 3977 2954 mit der Ihren. Das was xxx einen geringen Ge-
2440 2928 4050 3084 winn nennen kann für einen Autor schon eine ge-
2438 3012 4056 3235 wisse Rolle spielen und bei der ganz besonders
