<?xml version="1.0" encoding="UTF-8" standalone="yes"?>
<PcGts xmlns="http://schema.primaresearch.org/PAGE/gts/pagecontent/2013-07-15" xmlns:xsi="http://www.w3.org/2001/XMLSchema-instance" xsi:schemaLocation="http://schema.primaresearch.org/PAGE/gts/pagecontent/2013-07-15 http://schema.primaresearch.org/PAGE/gts/pagecontent/2013-07-15/pagecontent.xsd">
    <Metadata>
        <Creator>prov=READ-COOP:name=TrHtr:version=2.1.0:model_id=51170:date=27_07_2023_22:03</Creator>
        <Created>2023-05-02T07:57:36.591+02:00</Created>
        <LastChange>2023-07-27T22:03:17.900+02:00</LastChange>
        <TranskribusMetadata docId="1416739" pageId="54953298" pageNr="251" tsid="131304508" status="IN_PROGRESS" userId="64420" imgUrl="https://files.transkribus.eu/Get?id=TRPZNHZZOKKSEAGDLGXXJAYG&amp;fileType=view" xmlUrl="https://files.transkribus.eu/Get?id=VKZRZVHYKAQBGPIJMQWXFTDA" imageId="44457023"/>
    </Metadata>
    <Page imageFilename="1416739_0251.jpg" imageWidth="4434" imageHeight="4040">
        <ReadingOrder>
            <OrderedGroup id="ro_1711828053284" caption="Regions reading order">
                <RegionRefIndexed index="0" regionRef="tr_1"/>
                <RegionRefIndexed index="1" regionRef="tr_2"/>
                <RegionRefIndexed index="2" regionRef="tr_3"/>
            </OrderedGroup>
        </ReadingOrder>
        <TextRegion id="tr_1" custom="readingOrder {index:0;}">
            <Coords points="420,979 2139,979 2139,3187 420,3187"/>
            <TextLine id="tr_1_tl_1" custom="readingOrder {index:0;}">
                <Coords points="406,1096 1747,1062 1916,1041 1920,964 1548,956 1394,1015 1030,1028 410,998"/>
                <Baseline points="420,1089 444,1092 489,1089 534,1089 578,1086 623,1086 668,1083 713,1080 757,1080 802,1077 847,1077 892,1074 936,1071 981,1071 1026,1068 1071,1068 1115,1065 1160,1065 1205,1062 1250,1062 1294,1059 1339,1056 1384,1056 1429,1053 1473,1050 1518,1047 1563,1047 1608,1044 1652,1044 1697,1044 1742,1041 1787,1038 1832,1035 1876,1035 1921,1029"/>
                <TextEquiv>
                    <Unicode>Ladenpreise sind seither um ein Vielfaches.</Unicode>
                </TextEquiv>
            </TextLine>
            <TextLine id="tr_1_tl_2" custom="readingOrder {index:1;}">
                <Coords points="410,1151 1686,1121 1946,1085 1946,1043 412,1100"/>
                <Baseline points="423,1142 429,1142 474,1139 519,1139 563,1136 608,1136 653,1133 698,1130 742,1130 787,1127 832,1124 877,1124 921,1124 966,1121 1011,1121 1056,1121 1101,1115 1145,1115 1190,1112 1235,1109 1280,1109 1324,1106 1369,1106 1414,1103 1459,1101 1503,1098 1548,1098 1593,1095 1638,1095 1682,1092 1727,1089 1772,1086 1817,1086 1861,1080 1906,1080 1951,1077"/>
                <TextEquiv>
                    <Unicode>höht worden und es ist mir nicht klar, ob die</Unicode>
                </TextEquiv>
            </TextLine>
            <TextLine id="tr_1_tl_3" custom="readingOrder {index:2;}">
                <Coords points="415,1203 1992,1144 2041,1134 2043,1064 1690,1127 417,1148"/>
                <Baseline points="426,1193 435,1193 480,1193 525,1187 569,1187 614,1187 659,1184 704,1181 748,1178 793,1178 838,1178 883,1175 927,1172 972,1172 1017,1169 1062,1169 1106,1166 1151,1166 1196,1163 1241,1160 1285,1160 1330,1157 1375,1157 1420,1157 1465,1154 1509,1148 1554,1148 1599,1145 1644,1145 1688,1142 1733,1139 1778,1136 1823,1133 1867,1130 1912,1130 1957,1127 2002,1127 2046,1118"/>
                <TextEquiv>
                    <Unicode>Ergänzung meiner Honorare proportional zu erfol-</Unicode>
                </TextEquiv>
            </TextLine>
            <TextLine id="tr_1_tl_4" custom="readingOrder {index:3;}">
                <Coords points="427,1248 1819,1212 2041,1184 2045,1125 429,1208"/>
                <Baseline points="441,1238 483,1241 528,1238 572,1238 617,1238 662,1235 707,1232 751,1229 796,1229 841,1226 886,1223 930,1223 975,1220 1020,1220 1065,1220 1109,1217 1154,1217 1199,1217 1244,1214 1288,1211 1333,1208 1378,1205 1423,1202 1468,1199 1512,1199 1557,1199 1602,1196 1647,1196 1691,1193 1736,1190 1781,1184 1826,1184 1870,1181 1915,1181 1960,1178 2005,1178 2049,1172"/>
                <TextEquiv>
                    <Unicode>gen hat oderob der von Ihnen vorgeschlagene neue</Unicode>
                </TextEquiv>
            </TextLine>
            <TextLine id="tr_1_tl_5" custom="readingOrder {index:4;}">
                <Coords points="423,1303 1942,1248 2026,1237 2028,1191 425,1252"/>
                <Baseline points="435,1291 465,1288 510,1288 554,1288 599,1288 644,1285 689,1283 734,1283 778,1283 823,1280 868,1277 913,1274 957,1274 1002,1274 1047,1271 1092,1271 1136,1268 1181,1265 1226,1262 1271,1262 1315,1259 1360,1256 1405,1256 1450,1253 1494,1250 1539,1247 1584,1244 1629,1244 1673,1241 1718,1241 1763,1238 1808,1235 1852,1232 1897,1232 1942,1229 1987,1229 2031,1226"/>
                <TextEquiv>
                    <Unicode>Verrechnungsmodus auch rückwirkende Kraft haben</Unicode>
                </TextEquiv>
            </TextLine>
            <TextLine id="tr_1_tl_6" custom="readingOrder {index:5;}">
                <Coords points="421,1360 1969,1309 2047,1292 2049,1229 423,1305"/>
                <Baseline points="432,1348 441,1345 486,1345 531,1339 575,1339 620,1336 665,1333 710,1333 754,1330 799,1327 844,1327 889,1327 933,1324 978,1324 1023,1321 1068,1318 1112,1312 1157,1312 1202,1312 1247,1309 1291,1309 1336,1309 1381,1306 1426,1306 1470,1303 1515,1300 1560,1297 1605,1294 1650,1291 1694,1288 1739,1288 1784,1288 1829,1285 1873,1283 1918,1283 1963,1280 2008,1280 2052,1277"/>
                <TextEquiv>
                    <Unicode>soll. Darf ich Sie bitten sich hiezu recht bald</Unicode>
                </TextEquiv>
            </TextLine>
            <TextLine id="tr_1_tl_7" custom="readingOrder {index:6;}">
                <Coords points="419,1404 1935,1354 1952,1299 421,1360"/>
                <Baseline points="432,1396 435,1393 480,1393 525,1390 569,1390 614,1387 659,1384 704,1381 748,1381 793,1381 838,1378 883,1375 927,1375 972,1372 1017,1369 1062,1369 1106,1366 1151,1363 1196,1363 1241,1363 1285,1360 1330,1360 1375,1357 1420,1354 1465,1351 1509,1348 1554,1348 1599,1345 1644,1342 1688,1342 1733,1339 1778,1336 1823,1336 1867,1336 1912,1333 1957,1333"/>
                <TextEquiv>
                    <Unicode>zu äussern, denn ich will nicht verhehlen, dass</Unicode>
                </TextEquiv>
            </TextLine>
            <TextLine id="tr_1_tl_8" custom="readingOrder {index:7;}">
                <Coords points="417,1445 1834,1402 1920,1390 1923,1345 419,1409"/>
                <Baseline points="429,1444 447,1444 492,1441 537,1441 581,1438 626,1435 671,1435 716,1435 760,1432 805,1429 850,1426 895,1426 939,1423 984,1423 1029,1420 1074,1420 1118,1417 1163,1414 1208,1414 1253,1411 1297,1411 1342,1408 1387,1405 1432,1402 1476,1402 1521,1399 1566,1399 1611,1396 1655,1393 1700,1393 1745,1390 1790,1387 1835,1384 1879,1381 1924,1378"/>
                <TextEquiv>
                    <Unicode>zum mindesten eine baldige, den tatsächlichen</Unicode>
                </TextEquiv>
            </TextLine>
            <TextLine id="tr_1_tl_9" custom="readingOrder {index:8;}">
                <Coords points="429,1512 1347,1459 1796,1485 2007,1464 2009,1396 431,1451"/>
                <Baseline points="444,1491 489,1491 534,1488 578,1488 623,1488 668,1485 713,1482 757,1482 802,1479 847,1476 892,1473 936,1473 981,1470 1026,1470 1071,1468 1115,1465 1160,1465 1205,1462 1250,1462 1294,1459 1339,1459 1384,1456 1429,1453 1473,1453 1518,1450 1563,1450 1608,1447 1652,1444 1697,1441 1742,1441 1787,1438 1832,1438 1876,1435 1921,1432 1966,1432 2011,1423"/>
                <TextEquiv>
                    <Unicode>Verhältnissen entsprechende Ergänzung der Hono-</Unicode>
                </TextEquiv>
            </TextLine>
            <TextLine id="tr_1_tl_10" custom="readingOrder {index:9;}">
                <Coords points="423,1561 1275,1544 1377,1510 1493,1535 1495,1474 907,1472 425,1514"/>
                <Baseline points="435,1545 471,1545 516,1542 560,1542 605,1542 650,1536 695,1536 739,1533 784,1530 829,1530 874,1524 918,1524 963,1521 1008,1521 1053,1518 1098,1518 1142,1515 1187,1515 1232,1515 1277,1512 1321,1509 1366,1506 1411,1506 1456,1506 1500,1506"/>
                <TextEquiv>
                    <Unicode>rare mir recht erwünscht wären.</Unicode>
                </TextEquiv>
            </TextLine>
            <TextLine id="tr_1_tl_11" custom="readingOrder {index:10;}">
                <Coords points="766,1641 1927,1593 1997,1582 1999,1525 1332,1576 1244,1548 1165,1578 1079,1527 770,1542"/>
                <Baseline points="778,1629 793,1626 838,1629 883,1629 927,1626 972,1623 1017,1620 1062,1617 1106,1617 1151,1614 1196,1614 1241,1611 1285,1611 1330,1611 1375,1608 1420,1605 1465,1602 1509,1599 1554,1596 1599,1596 1644,1593 1688,1593 1733,1593 1778,1590 1823,1587 1867,1584 1912,1581 1957,1581 2002,1581"/>
                <TextEquiv>
                    <Unicode>Daas mir die Beschwerden von Heller</Unicode>
                </TextEquiv>
            </TextLine>
            <TextLine id="tr_1_tl_12" custom="readingOrder {index:11;}">
                <Coords points="429,1707 1865,1660 2041,1639 2043,1595 878,1648 628,1601 431,1658"/>
                <Baseline points="444,1688 483,1691 528,1691 572,1691 617,1688 662,1685 707,1685 751,1682 796,1682 841,1679 886,1679 930,1676 975,1673 1020,1673 1065,1670 1109,1667 1154,1664 1199,1664 1244,1661 1288,1661 1333,1658 1378,1655 1423,1655 1468,1652 1512,1652 1557,1650 1602,1647 1647,1647 1691,1644 1736,1641 1781,1641 1826,1638 1870,1635 1915,1632 1960,1629 2005,1620 2049,1614"/>
                <TextEquiv>
                    <Unicode>gen Ihren Leipziger Vertreter durchaus gerecht¬</Unicode>
                </TextEquiv>
            </TextLine>
            <TextLine id="tr_1_tl_13" custom="readingOrder {index:12;}">
                <Coords points="429,1753 2007,1700 2107,1690 2109,1629 431,1703"/>
                <Baseline points="444,1742 459,1742 504,1745 549,1739 593,1739 638,1739 683,1736 728,1736 772,1733 817,1730 862,1730 907,1724 951,1724 996,1724 1041,1721 1086,1721 1130,1721 1175,1718 1220,1715 1265,1712 1309,1712 1354,1709 1399,1706 1444,1706 1488,1703 1533,1700 1578,1697 1623,1697 1667,1694 1712,1694 1757,1691 1802,1688 1846,1688 1891,1685 1936,1685 1981,1682 2025,1679 2070,1676 2115,1673"/>
                <TextEquiv>
                    <Unicode>fertigt erscheinen, glaube ich Ihnen schon geschik</Unicode>
                </TextEquiv>
            </TextLine>
            <TextLine id="tr_1_tl_14" custom="readingOrder {index:13;}">
                <Coords points="438,1796 1946,1755 2068,1743 2071,1690 438,1751"/>
                <Baseline points="450,1793 465,1793 510,1793 554,1793 599,1787 644,1787 689,1787 734,1784 778,1781 823,1778 868,1775 913,1772 957,1772 1002,1772 1047,1772 1092,1772 1136,1769 1181,1766 1226,1766 1271,1766 1315,1760 1360,1757 1405,1757 1450,1754 1494,1751 1539,1751 1584,1748 1629,1748 1673,1745 1718,1742 1763,1739 1808,1739 1852,1736 1897,1733 1942,1733 1987,1730 2031,1727 2076,1727"/>
                <TextEquiv>
                    <Unicode>ben zu haben. Sie wissen, Heller steht mit seinen</Unicode>
                </TextEquiv>
            </TextLine>
            <TextLine id="tr_1_tl_15" custom="readingOrder {index:14;}">
                <Coords points="438,1855 1849,1810 2085,1785 2088,1747 440,1796"/>
                <Baseline points="450,1843 480,1843 525,1843 569,1840 614,1837 659,1835 704,1835 748,1832 793,1829 838,1832 883,1829 927,1826 972,1823 1017,1820 1062,1817 1106,1817 1151,1817 1196,1817 1241,1814 1285,1808 1330,1808 1375,1808 1420,1805 1465,1805 1509,1802 1554,1802 1599,1799 1644,1799 1688,1796 1733,1793 1778,1793 1823,1790 1867,1787 1912,1781 1957,1781 2002,1778 2046,1775 2091,1772"/>
                <TextEquiv>
                    <Unicode>Beschwerden keine wegs vereinzelt. Ich lege Ih-</Unicode>
                </TextEquiv>
            </TextLine>
            <TextLine id="tr_1_tl_16" custom="readingOrder {index:15;}">
                <Coords points="436,1893 1893,1863 2092,1840 2094,1787 436,1855"/>
                <Baseline points="447,1891 489,1894 534,1891 578,1891 623,1888 668,1885 713,1882 757,1879 802,1879 847,1876 892,1876 936,1873 981,1870 1026,1870 1071,1870 1115,1870 1160,1867 1205,1864 1250,1861 1294,1858 1339,1858 1384,1855 1429,1855 1473,1855 1518,1852 1563,1849 1608,1846 1652,1846 1697,1843 1742,1843 1787,1840 1832,1840 1876,1840 1921,1835 1966,1835 2011,1832 2055,1826 2100,1829"/>
                <TextEquiv>
                    <Unicode>nen hier einen Brief des HerrnWantoch aus Teplitz</Unicode>
                </TextEquiv>
            </TextLine>
            <TextLine id="tr_1_tl_17" custom="readingOrder {index:16;}">
                <Coords points="442,1948 2030,1910 2033,1840 444,1899"/>
                <Baseline points="453,1942 471,1942 516,1942 560,1942 605,1939 650,1936 695,1936 739,1933 784,1930 829,1930 874,1930 918,1924 963,1924 1008,1921 1053,1921 1098,1918 1142,1918 1187,1915 1232,1912 1277,1912 1321,1909 1366,1912 1411,1909 1456,1906 1500,1903 1545,1903 1590,1900 1635,1897 1679,1894 1724,1894 1769,1891 1814,1891 1858,1888 1903,1885 1948,1882 1993,1882 2037,1876"/>
                <TextEquiv>
                    <Unicode>bei. Glauben Sie nich etwa, dass ich die</Unicode>
                </TextEquiv>
            </TextLine>
            <TextLine id="tr_1_tl_18" custom="readingOrder {index:17;}">
                <Coords points="444,2003 1984,1952 2024,1895 446,1950"/>
                <Baseline points="456,1996 462,1993 507,1993 551,1993 596,1990 641,1987 686,1987 731,1984 775,1984 820,1981 865,1978 910,1975 954,1978 999,1975 1044,1972 1089,1972 1133,1969 1178,1969 1223,1966 1268,1963 1312,1960 1357,1960 1402,1957 1447,1957 1491,1954 1536,1951 1581,1951 1626,1948 1670,1945 1715,1942 1760,1942 1805,1939 1849,1939 1894,1939 1939,1933 1984,1930 2028,1933"/>
                <TextEquiv>
                    <Unicode>interpelliere. Das Erste, was Herr Wantoch, den</Unicode>
                </TextEquiv>
            </TextLine>
            <TextLine id="tr_1_tl_19" custom="readingOrder {index:18;}">
                <Coords points="444,2054 2026,1997 2052,1927 446,2001"/>
                <Baseline points="456,2046 489,2046 534,2043 578,2043 623,2040 668,2040 713,2037 757,2034 802,2034 847,2031 892,2028 936,2028 981,2025 1026,2025 1071,2020 1115,2020 1160,2020 1205,2017 1250,2014 1294,2011 1339,2011 1384,2011 1429,2008 1473,2008 1518,2005 1563,2002 1608,1999 1652,1996 1697,1996 1742,1993 1787,1990 1832,1990 1876,1990 1921,1987 1966,1984 2011,1981 2055,1978"/>
                <TextEquiv>
                    <Unicode>ich bis dahin gar nicht kannte, auf dem Weg vom</Unicode>
                </TextEquiv>
            </TextLine>
            <TextLine id="tr_1_tl_20" custom="readingOrder {index:19;}">
                <Coords points="450,2098 2060,2054 2094,1990 453,2049"/>
                <Baseline points="462,2097 483,2094 528,2094 572,2094 617,2091 662,2085 707,2085 751,2082 796,2082 841,2079 886,2082 930,2076 975,2076 1020,2073 1065,2070 1109,2067 1154,2067 1199,2064 1244,2064 1288,2061 1333,2061 1378,2061 1423,2055 1468,2055 1512,2052 1557,2052 1602,2049 1647,2049 1691,2046 1736,2043 1781,2043 1826,2040 1870,2037 1915,2034 1960,2034 2005,2031 2049,2031 2094,2025"/>
                <TextEquiv>
                    <Unicode>Teplitzer Bahnhof in die Stadt zur Sprache brach-</Unicode>
                </TextEquiv>
            </TextLine>
            <TextLine id="tr_1_tl_21" custom="readingOrder {index:20;}">
                <Coords points="450,2149 1821,2123 2098,2079 2100,2037 453,2100"/>
                <Baseline points="462,2148 492,2142 537,2142 581,2142 626,2139 671,2136 716,2136 760,2133 805,2133 850,2133 895,2130 939,2130 984,2127 1029,2127 1074,2124 1118,2121 1163,2118 1208,2115 1253,2115 1297,2112 1342,2112 1387,2112 1432,2109 1476,2106 1521,2103 1566,2100 1611,2100 1655,2097 1700,2094 1745,2094 1790,2091 1835,2088 1879,2088 1924,2085 1969,2085 2014,2082 2058,2076 2103,2070"/>
                <TextEquiv>
                    <Unicode>te, waren seine Differenzen mit diesem unglaubli -</Unicode>
                </TextEquiv>
            </TextLine>
            <TextLine id="tr_1_tl_22" custom="readingOrder {index:21;}">
                <Coords points="450,2210 2096,2168 2100,2081 453,2155"/>
                <Baseline points="462,2196 492,2196 537,2193 581,2190 626,2190 671,2190 716,2187 760,2181 805,2181 850,2178 895,2181 939,2181 984,2181 1029,2181 1074,2178 1118,2172 1163,2169 1208,2169 1253,2166 1297,2166 1342,2163 1387,2163 1432,2160 1476,2157 1521,2157 1566,2151 1611,2151 1655,2148 1700,2148 1745,2145 1790,2142 1835,2142 1879,2139 1924,2136 1969,2136 2014,2133 2058,2127 2103,2127"/>
                <TextEquiv>
                    <Unicode>chen Herrn Greis, der in Leipzig ausschliesslich</Unicode>
                </TextEquiv>
            </TextLine>
            <TextLine id="tr_1_tl_23" custom="readingOrder {index:22;}">
                <Coords points="442,2252 1889,2210 2020,2191 2022,2149 444,2217"/>
                <Baseline points="456,2249 459,2249 504,2246 549,2243 593,2243 638,2240 683,2237 728,2237 772,2234 817,2234 862,2234 907,2231 951,2231 996,2228 1041,2228 1086,2222 1130,2219 1175,2216 1220,2219 1265,2216 1309,2213 1354,2210 1399,2210 1444,2210 1488,2207 1533,2204 1578,2204 1623,2202 1667,2199 1712,2199 1757,2196 1802,2193 1846,2190 1891,2190 1936,2187 1981,2184 2025,2181"/>
                <TextEquiv>
                    <Unicode>zu dem Zweck zu sitzen scheint, um Ihre Autoren</Unicode>
                </TextEquiv>
            </TextLine>
            <TextLine id="tr_1_tl_24" custom="readingOrder {index:23;}">
                <Coords points="453,2307 2054,2261 2056,2200 455,2259"/>
                <Baseline points="465,2297 492,2297 537,2294 581,2294 626,2294 671,2291 716,2291 760,2288 805,2285 850,2285 895,2282 939,2279 984,2276 1029,2276 1074,2270 1118,2270 1163,2270 1208,2270 1253,2270 1297,2267 1342,2264 1387,2258 1432,2255 1476,2255 1521,2252 1566,2249 1611,2249 1655,2249 1700,2246 1745,2243 1790,2243 1835,2243 1879,2240 1924,2237 1969,2234 2014,2234 2058,2225"/>
                <TextEquiv>
                    <Unicode>und offenbar Sie selbstulieber Freund, zu schä-</Unicode>
                </TextEquiv>
            </TextLine>
            <TextLine id="tr_1_tl_25" custom="readingOrder {index:24;}">
                <Coords points="453,2350 1967,2301 2020,2246 453,2310"/>
                <Baseline points="465,2348 504,2348 549,2345 593,2345 638,2342 683,2339 728,2339 772,2336 817,2336 862,2333 907,2330 951,2327 996,2327 1041,2324 1086,2324 1130,2321 1175,2321 1220,2321 1265,2318 1309,2315 1354,2312 1399,2312 1444,2309 1488,2306 1533,2306 1578,2303 1623,2300 1667,2300 1712,2300 1757,2297 1802,2294 1846,2291 1891,2288 1936,2285 1981,2285 2025,2282"/>
                <TextEquiv>
                    <Unicode>digen. Ich bat Herrn Wantoch seine Beschwerden</Unicode>
                </TextEquiv>
            </TextLine>
            <TextLine id="tr_1_tl_26" custom="readingOrder {index:25;}">
                <Coords points="453,2422 2066,2362 2085,2280 455,2352"/>
                <Baseline points="465,2401 477,2401 522,2398 566,2395 611,2395 656,2392 701,2389 745,2389 790,2387 835,2384 880,2381 924,2381 969,2378 1014,2378 1059,2378 1103,2375 1148,2375 1193,2375 1238,2369 1283,2366 1327,2366 1372,2363 1417,2363 1462,2360 1506,2357 1551,2357 1596,2354 1641,2348 1685,2345 1730,2345 1775,2345 1820,2342 1864,2342 1909,2339 1954,2336 1999,2336 2043,2333 2088,2333"/>
                <TextEquiv>
                    <Unicode>schriftlich nieerzulegen und lege seinen Brief</Unicode>
                </TextEquiv>
            </TextLine>
            <TextLine id="tr_1_tl_27" custom="readingOrder {index:26;}">
                <Coords points="457,2460 1969,2409 2026,2401 2028,2341 459,2420"/>
                <Baseline points="468,2452 510,2449 554,2449 599,2446 644,2443 689,2440 734,2437 778,2437 823,2437 868,2437 913,2431 957,2431 1002,2428 1047,2428 1092,2425 1136,2425 1181,2422 1226,2422 1271,2416 1315,2413 1360,2413 1405,2410 1450,2410 1494,2407 1539,2407 1584,2404 1629,2401 1673,2398 1718,2395 1763,2395 1808,2395 1852,2392 1897,2389 1942,2389 1987,2389 2031,2387"/>
                <TextEquiv>
                    <Unicode>an mich bei. In Reichenberg bekam ich ungefähr</Unicode>
                </TextEquiv>
            </TextLine>
            <TextLine id="tr_1_tl_28" custom="readingOrder {index:27;}">
                <Coords points="457,2521 1700,2449 2077,2483 2081,2379 459,2462"/>
                <Baseline points="468,2500 474,2500 519,2500 563,2500 608,2494 653,2494 698,2491 742,2488 787,2488 832,2488 877,2485 921,2482 966,2482 1011,2479 1056,2479 1101,2479 1145,2476 1190,2473 1235,2470 1280,2467 1324,2464 1369,2464 1414,2461 1459,2461 1503,2458 1548,2455 1593,2452 1638,2449 1682,2449 1727,2449 1772,2446 1817,2443 1861,2443 1906,2440 1951,2440 1996,2437 2040,2431 2085,2425"/>
                <TextEquiv>
                    <Unicode>dasselbe zu hören. Unter anderen mir bekannt ge¬</Unicode>
                </TextEquiv>
            </TextLine>
            <TextLine id="tr_1_tl_29" custom="readingOrder {index:28;}">
                <Coords points="457,2565 2001,2511 2020,2470 459,2519"/>
                <Baseline points="468,2548 504,2548 549,2548 593,2548 638,2545 683,2545 728,2539 772,2539 817,2539 862,2536 907,2533 951,2530 996,2530 1041,2530 1086,2527 1130,2524 1175,2524 1220,2521 1265,2518 1309,2515 1354,2515 1399,2515 1444,2509 1488,2509 1533,2509 1578,2506 1623,2503 1667,2500 1712,2497 1757,2497 1802,2494 1846,2491 1891,2491 1936,2488 1981,2491 2025,2494"/>
                <TextEquiv>
                    <Unicode>wordenen Fällen erwähne ich nur den folgenden,</Unicode>
                </TextEquiv>
            </TextLine>
            <TextLine id="tr_1_tl_30" custom="readingOrder {index:29;}">
                <Coords points="465,2610 1978,2557 1999,2504 467,2559"/>
                <Baseline points="477,2601 480,2601 525,2601 569,2598 614,2595 659,2592 704,2592 748,2589 793,2586 838,2583 883,2583 927,2580 972,2583 1017,2580 1062,2577 1106,2574 1151,2574 1196,2571 1241,2571 1285,2569 1330,2566 1375,2566 1420,2563 1465,2563 1509,2560 1554,2557 1599,2557 1644,2554 1688,2551 1733,2548 1778,2548 1823,2545 1867,2542 1912,2542 1957,2539 2002,2539"/>
                <TextEquiv>
                    <Unicode>dass ein mir bekannter Herr aus England durch</Unicode>
                </TextEquiv>
            </TextLine>
            <TextLine id="tr_1_tl_31" custom="readingOrder {index:30;}">
                <Coords points="463,2654 2007,2606 2009,2549 463,2608"/>
                <Baseline points="474,2649 489,2649 534,2649 578,2649 623,2643 668,2643 713,2643 757,2640 802,2637 847,2637 892,2637 936,2637 981,2634 1026,2631 1071,2628 1115,2628 1160,2625 1205,2625 1250,2622 1294,2619 1339,2619 1384,2619 1429,2613 1473,2613 1518,2607 1563,2607 1608,2604 1652,2604 1697,2604 1742,2598 1787,2598 1832,2595 1876,2595 1921,2589 1966,2586 2011,2589"/>
                <TextEquiv>
                    <Unicode>den Donau Verlag in Leipzig meine sämmtlichen</Unicode>
                </TextEquiv>
            </TextLine>
            <TextLine id="tr_1_tl_32" custom="readingOrder {index:31;}">
                <Coords points="463,2707 1967,2665 2001,2606 465,2654"/>
                <Baseline points="474,2700 480,2700 525,2700 569,2697 614,2697 659,2694 704,2694 748,2691 793,2691 838,2688 883,2688 927,2685 972,2685 1017,2682 1062,2679 1106,2679 1151,2676 1196,2676 1241,2670 1285,2670 1330,2664 1375,2667 1420,2664 1465,2661 1509,2661 1554,2658 1599,2658 1644,2655 1688,2652 1733,2652 1778,2649 1823,2646 1867,2646 1912,2643 1957,2640 2002,2640"/>
                <TextEquiv>
                    <Unicode>Werke nicht nur bestellte, sondern auch im Vor</Unicode>
                </TextEquiv>
            </TextLine>
            <TextLine id="tr_1_tl_33" custom="readingOrder {index:32;}">
                <Coords points="467,2758 2041,2716 2043,2646 470,2707"/>
                <Baseline points="480,2756 525,2754 569,2751 614,2748 659,2748 704,2745 748,2742 793,2742 838,2739 883,2739 927,2736 972,2733 1017,2733 1062,2733 1106,2730 1151,2727 1196,2724 1241,2721 1285,2718 1330,2718 1375,2715 1420,2715 1465,2715 1509,2712 1554,2709 1599,2709 1644,2703 1688,2703 1733,2700 1778,2700 1823,2697 1867,2694 1912,2694 1957,2691 2002,2688 2046,2691"/>
                <TextEquiv>
                    <Unicode>hine n bezahlte und sie erst nach vier Monaten</Unicode>
                </TextEquiv>
            </TextLine>
            <TextLine id="tr_1_tl_34" custom="readingOrder {index:33;}">
                <Coords points="472,2832 2028,2758 2030,2707 474,2764"/>
                <Baseline points="483,2807 513,2804 557,2801 602,2801 647,2798 692,2795 736,2792 781,2789 826,2789 871,2789 916,2789 960,2786 1005,2783 1050,2783 1095,2780 1139,2777 1184,2777 1229,2777 1274,2774 1318,2771 1363,2768 1408,2768 1453,2765 1497,2765 1542,2759 1587,2756 1632,2754 1676,2754 1721,2751 1766,2748 1811,2748 1855,2748 1900,2745 1945,2742 1990,2742 2034,2745"/>
                <TextEquiv>
                    <Unicode>geliefert erhielt. Ich glaube,Sie tun Unrecht,</Unicode>
                </TextEquiv>
            </TextLine>
            <TextLine id="tr_1_tl_35" custom="readingOrder {index:34;}">
                <Coords points="467,2855 1950,2813 2045,2798 2045,2754 467,2836"/>
                <Baseline points="480,2855 483,2855 528,2855 572,2849 617,2849 662,2846 707,2846 751,2843 796,2843 841,2840 886,2840 930,2837 975,2837 1020,2834 1065,2831 1109,2831 1154,2831 1199,2828 1244,2828 1288,2822 1333,2819 1378,2819 1423,2816 1468,2816 1512,2816 1557,2813 1602,2810 1647,2804 1691,2804 1736,2801 1781,2801 1826,2795 1870,2795 1915,2792 1960,2789 2005,2780 2049,2777"/>
                <TextEquiv>
                    <Unicode>lieber Freund, all das auf die allgemeinen Ver¬</Unicode>
                </TextEquiv>
            </TextLine>
            <TextLine id="tr_1_tl_36" custom="readingOrder {index:35;}">
                <Coords points="465,2919 1946,2862 2079,2847 2081,2792 1220,2862 467,2857"/>
                <Baseline points="477,2906 519,2906 563,2903 608,2903 653,2900 698,2900 742,2894 787,2894 832,2888 877,2891 921,2891 966,2885 1011,2885 1056,2882 1101,2879 1145,2876 1190,2876 1235,2876 1280,2873 1324,2867 1369,2867 1414,2864 1459,2864 1503,2861 1548,2861 1593,2858 1638,2855 1682,2858 1727,2855 1772,2852 1817,2849 1861,2846 1906,2846 1951,2843 1996,2840 2040,2837 2085,2837"/>
                <TextEquiv>
                    <Unicode>hältnisse zu schieben. Von den verschiedensten</Unicode>
                </TextEquiv>
            </TextLine>
            <TextLine id="tr_1_tl_37" custom="readingOrder {index:36;}">
                <Coords points="465,2969 2107,2923 2111,2834 467,2919"/>
                <Baseline points="480,2956 504,2953 549,2950 593,2950 638,2950 683,2947 728,2947 772,2944 817,2941 862,2941 907,2938 951,2938 996,2941 1041,2938 1086,2936 1130,2930 1175,2930 1220,2924 1265,2921 1309,2918 1354,2918 1399,2918 1444,2915 1488,2915 1533,2912 1578,2912 1623,2912 1667,2909 1712,2909 1757,2906 1802,2903 1846,2900 1891,2897 1936,2897 1981,2894 2025,2894 2070,2891 2115,2888"/>
                <TextEquiv>
                    <Unicode>Seiten höre ich, dass es geradezu ausschliesslich</Unicode>
                </TextEquiv>
            </TextLine>
            <TextLine id="tr_1_tl_38" custom="readingOrder {index:37;}">
                <Coords points="465,3020 1876,2974 2005,2955 2007,2908 467,2967"/>
                <Baseline points="477,3010 483,3010 528,3007 572,3001 617,2998 662,2998 707,2995 751,2992 796,2992 841,2989 886,2986 930,2983 975,2986 1020,2986 1065,2986 1109,2983 1154,2980 1199,2977 1244,2974 1288,2971 1333,2968 1378,2965 1423,2965 1468,2965 1512,2962 1557,2962 1602,2959 1647,2956 1691,2956 1739,2953 1739,2953 1787,2947 1832,2947 1876,2947 1921,2944 1966,2941 2011,2941 2014,2938"/>
                <TextEquiv>
                    <Unicode>Ihr Vertreter ist, der den Buchhändlern immer</Unicode>
                </TextEquiv>
            </TextLine>
            <TextLine id="tr_1_tl_39" custom="readingOrder {index:38;}">
                <Coords points="472,3084 2066,3008 2102,2934 474,3016"/>
                <Baseline points="483,3055 495,3058 540,3055 584,3052 629,3049 674,3049 719,3046 763,3046 808,3043 853,3043 898,3043 942,3040 987,3037 1032,3037 1077,3031 1121,3028 1166,3028 1211,3025 1256,3022 1300,3022 1345,3019 1390,3016 1435,3016 1479,3013 1524,3013 1569,3013 1614,3010 1658,3007 1703,3007 1748,3004 1793,3001 1837,2998 1882,2995 1927,2995 1972,2992 2017,2992 2061,2989 2106,2983"/>
                <TextEquiv>
                    <Unicode>wieder Schwierigkeiten bereitet, vol kommen unge</Unicode>
                </TextEquiv>
            </TextLine>
            <TextLine id="tr_1_tl_40" custom="readingOrder {index:39;}">
                <Coords points="470,3118 2079,3073 2132,3067 2136,2997 472,3082"/>
                <Baseline points="483,3112 528,3109 572,3106 617,3103 662,3100 707,3100 751,3100 796,3097 841,3094 886,3091 930,3088 975,3088 1020,3088 1065,3085 1109,3082 1154,3082 1199,3076 1244,3073 1288,3076 1333,3070 1378,3070 1423,3070 1468,3067 1512,3064 1557,3064 1602,3061 1647,3058 1691,3058 1736,3055 1781,3052 1826,3049 1870,3046 1915,3046 1960,3043 2005,3043 2049,3040 2094,3037 2139,3037"/>
                <TextEquiv>
                    <Unicode>rechtfertigte Schikanen ausheckt und ich bin fern</Unicode>
                </TextEquiv>
            </TextLine>
            <TextLine id="tr_1_tl_41" custom="readingOrder {index:40;}">
                <Coords points="474,3192 626,3215 928,3151 1093,3202 1794,3179 1950,3151 1954,3058 476,3122"/>
                <Baseline points="486,3177 528,3171 572,3168 617,3162 662,3159 707,3156 751,3153 796,3153 841,3147 886,3147 930,3144 975,3141 1020,3144 1065,3141 1109,3141 1154,3138 1199,3135 1244,3132 1288,3126 1333,3126 1378,3123 1423,3123 1468,3121 1512,3118 1557,3118 1602,3115 1647,3115 1691,3112 1736,3112 1781,3109 1826,3106 1870,3103 1915,3097 1960,3100"/>
                <TextEquiv>
                    <Unicode>davon zu glauben, dass ich der einzige Ihrer</Unicode>
                </TextEquiv>
            </TextLine>
        </TextRegion>
        <TextRegion id="tr_2" custom="readingOrder {index:1;}">
            <Coords points="2542,854 4236,854 4236,1979 2542,1979"/>
            <TextLine id="tr_2_tl_1" custom="readingOrder {index:0;}">
                <Coords points="2589,924 2620,922 2646,939 2678,922 2741,948 2756,933 2790,937 2802,926 2826,937 2859,912 2927,933 2923,799 2887,791 2836,806 2760,764 2661,797 2631,780 2587,799"/>
                <Baseline points="2601,904 2646,904 2691,913 2736,913 2780,918 2825,916 2870,913 2915,910 2930,904"/>
                <TextEquiv>
                    <Unicode>scher</Unicode>
                </TextEquiv>
            </TextLine>
            <TextLine id="tr_2_tl_2" custom="readingOrder {index:1;}">
                <Coords points="3693,958 3756,952 3771,939 3799,950 3815,943 3851,962 4035,941 4035,880 3953,884 3885,854 3826,880 3815,873 3799,882 3788,871 3765,893 3737,878 3693,886"/>
                <Baseline points="3705,933 3750,939 3795,936 3840,936 3884,936 3929,936 3974,933 4019,933 4040,933"/>
                <TextEquiv>
                    <Unicode>4.12.1922.</Unicode>
                </TextEquiv>
            </TextLine>
            <TextLine id="tr_2_tl_3" custom="readingOrder {index:2;}">
                <Coords points="2659,1155 2777,1176 2809,1157 2885,1170 2906,1151 2942,1167 2988,1153 3029,1157 3069,1187 3111,1182 3111,1100 3082,1091 2982,1106 2946,1085 2813,1112 2754,1096 2730,1112 2659,1108"/>
                <Baseline points="2670,1154 2712,1148 2756,1148 2801,1148 2846,1151 2891,1148 2936,1148 2980,1148 3025,1148 3070,1148 3115,1148"/>
                <TextEquiv>
                    <Unicode>Hieber Freund.</Unicode>
                </TextEquiv>
            </TextLine>
            <TextLine id="tr_2_tl_4" custom="readingOrder {index:3;}">
                <Coords points="2857,1307 4118,1294 4095,1214 3959,1252 3923,1222 3488,1252 3441,1220 3098,1258 2974,1206 2857,1210"/>
                <Baseline points="2870,1297 2915,1300 2959,1300 3004,1297 3049,1297 3094,1297 3138,1297 3183,1297 3228,1297 3273,1297 3317,1294 3362,1294 3407,1294 3452,1294 3496,1294 3541,1294 3586,1291 3631,1288 3675,1288 3720,1288 3765,1288 3810,1288 3855,1285 3899,1285 3944,1285 3989,1285 4034,1288 4078,1283 4123,1283"/>
                <TextEquiv>
                    <Unicode>Ohne heute noch auf die Einzelheiten</Unicode>
                </TextEquiv>
            </TextLine>
            <TextLine id="tr_2_tl_5" custom="readingOrder {index:4;}">
                <Coords points="2530,1379 4086,1337 4167,1381 4183,1280 2530,1301"/>
                <Baseline points="2542,1357 2574,1357 2619,1357 2664,1354 2709,1351 2754,1351 2798,1351 2843,1351 2888,1351 2933,1351 2977,1351 3022,1351 3067,1351 3112,1351 3156,1351 3201,1351 3246,1351 3291,1348 3335,1348 3380,1345 3425,1345 3470,1345 3514,1345 3559,1342 3604,1342 3649,1342 3693,1342 3738,1339 3783,1339 3828,1339 3872,1339 3917,1339 3962,1336 4007,1336 4051,1336 4096,1333 4141,1333 4186,1327"/>
                <TextEquiv>
                    <Unicode>Ihres Briefes vom 28.11.einzugehen möchte ich Ih</Unicode>
                </TextEquiv>
            </TextLine>
            <TextLine id="tr_2_tl_6" custom="readingOrder {index:5;}">
                <Coords points="2530,1413 4038,1400 4120,1396 4120,1341 2530,1385"/>
                <Baseline points="2542,1411 2560,1408 2604,1408 2649,1408 2694,1408 2739,1402 2783,1405 2828,1402 2873,1405 2918,1405 2962,1402 3007,1402 3052,1402 3097,1399 3141,1399 3186,1399 3231,1399 3276,1399 3320,1396 3365,1396 3410,1396 3455,1396 3499,1396 3544,1393 3589,1396 3634,1393 3678,1393 3723,1390 3768,1390 3813,1390 3857,1390 3902,1387 3947,1384 3992,1384 4037,1384 4081,1387 4126,1384"/>
                <TextEquiv>
                    <Unicode>nen jedesfalls mein Einverständnis mit der von</Unicode>
                </TextEquiv>
            </TextLine>
            <TextLine id="tr_2_tl_7" custom="readingOrder {index:6;}">
                <Coords points="2536,1466 3686,1478 4109,1455 4141,1392 2536,1413"/>
                <Baseline points="2548,1456 2577,1459 2622,1456 2667,1456 2712,1456 2756,1456 2801,1456 2846,1456 2891,1456 2936,1453 2980,1453 3025,1450 3070,1450 3115,1444 3159,1447 3204,1447 3249,1447 3294,1444 3338,1447 3383,1450 3428,1450 3473,1450 3517,1453 3562,1456 3607,1456 3652,1447 3696,1447 3741,1444 3786,1441 3831,1441 3875,1438 3920,1438 3965,1438 4010,1438 4054,1438 4099,1438 4144,1435"/>
                <TextEquiv>
                    <Unicode>Ihnen vorgeschlagenen Teilzahlung zur Kenntnis</Unicode>
                </TextEquiv>
            </TextLine>
            <TextLine id="tr_2_tl_8" custom="readingOrder {index:7;}">
                <Coords points="3109,1491 3134,1489 3139,1487 3145,1478 3151,1478 3166,1493 3175,1487 3185,1487 3181,1451 3162,1453 3156,1449 3147,1449 3139,1455 3134,1455 3124,1451 3115,1442 3105,1442"/>
                <Baseline points="3118,1470 3162,1476 3189,1476"/>
                <TextEquiv>
                    <Unicode>G.C.F.P.</Unicode>
                </TextEquiv>
            </TextLine>
            <TextLine id="tr_2_tl_9" custom="readingOrder {index:8;}">
                <Coords points="2534,1521 4126,1510 4192,1495 4194,1438 2536,1466"/>
                <Baseline points="2545,1506 2548,1506 2592,1506 2637,1506 2682,1506 2727,1506 2771,1506 2816,1506 2861,1506 2906,1503 2950,1503 2995,1494 2995,1494 3034,1491 3079,1497 3123,1497 3168,1500 3213,1494 3258,1497 3303,1500 3347,1500 3392,1497 3437,1494 3482,1494 3526,1494 3571,1497 3616,1497 3661,1494 3705,1494 3750,1491 3795,1491 3840,1491 3884,1491 3929,1491 3974,1488 4019,1488 4063,1488 4108,1488 4153,1485 4198,1485"/>
                <TextEquiv>
                    <Unicode>bringen und bitte Sie also vorläufig die mir zur</Unicode>
                </TextEquiv>
            </TextLine>
            <TextLine id="tr_2_tl_10" custom="readingOrder {index:9;}">
                <Coords points="3530,1548 4219,1548 4219,1495 4120,1510 4084,1489 3911,1491 3834,1510 3786,1491 3591,1519 3532,1502"/>
                <Baseline points="3544,1546 3553,1545 3598,1545 3643,1545 3687,1545 3732,1542 3777,1545 3822,1545 3866,1542 3911,1539 3956,1539 4001,1539 4045,1539 4090,1539 4135,1539 4180,1536 4224,1536"/>
                <TextEquiv>
                    <Unicode>Mark meinen Konto in</Unicode>
                </TextEquiv>
            </TextLine>
            <TextLine id="tr_2_tl_11" custom="readingOrder {index:10;}">
                <Coords points="2536,1565 3005,1578 3153,1552 3367,1582 3479,1567 3481,1495 3376,1525 3276,1500 2538,1516"/>
                <Baseline points="2548,1557 2586,1557 2631,1560 2676,1560 2721,1560 2765,1557 2810,1557 2855,1560 2900,1560 2944,1557 2989,1557 3034,1557 3079,1551 3123,1551 3168,1551 3213,1551 3258,1554 3303,1554 3347,1557 3392,1554 3437,1548 3485,1549"/>
                <TextEquiv>
                    <Unicode>Verfügung gestellten 300.000</Unicode>
                </TextEquiv>
            </TextLine>
            <TextLine id="tr_2_tl_12" custom="readingOrder {index:11;}">
                <Coords points="2530,1622 4080,1610 4213,1597 4215,1552 2530,1565"/>
                <Baseline points="2542,1608 2563,1608 2607,1608 2652,1608 2697,1611 2742,1608 2786,1608 2831,1608 2876,1608 2921,1608 2965,1608 3010,1605 3055,1605 3100,1602 3144,1602 3189,1602 3234,1602 3279,1602 3323,1602 3368,1602 3413,1599 3458,1596 3502,1596 3547,1596 3592,1596 3637,1593 3681,1593 3726,1593 3771,1593 3816,1590 3860,1593 3905,1593 3950,1593 3995,1590 4040,1590 4084,1590 4129,1590 4174,1587 4219,1587"/>
                <TextEquiv>
                    <Unicode>Deutsche Bank, Berlin zu überweisen. Gern erwarte</Unicode>
                </TextEquiv>
            </TextLine>
            <TextLine id="tr_2_tl_13" custom="readingOrder {index:12;}">
                <Coords points="2536,1667 4063,1658 4145,1597 2536,1616"/>
                <Baseline points="2548,1658 2583,1661 2628,1661 2673,1661 2718,1661 2762,1658 2807,1658 2852,1658 2897,1658 2941,1655 2986,1655 3031,1655 3076,1655 3121,1652 3165,1652 3210,1652 3255,1655 3300,1652 3344,1650 3389,1650 3434,1647 3479,1647 3523,1647 3568,1647 3613,1647 3658,1647 3702,1647 3747,1644 3792,1644 3837,1644 3881,1644 3926,1644 3971,1641 4016,1641 4060,1641 4105,1638 4150,1629"/>
                <TextEquiv>
                    <Unicode>ich auch Ihre Vorschläge wegen der Industriopa-</Unicode>
                </TextEquiv>
            </TextLine>
            <TextLine id="tr_2_tl_14" custom="readingOrder {index:13;}">
                <Coords points="2530,1739 4054,1713 4224,1696 4224,1641 2530,1669"/>
                <Baseline points="2542,1715 2574,1712 2619,1709 2664,1712 2709,1712 2754,1709 2798,1709 2843,1709 2888,1709 2933,1706 2977,1706 3022,1706 3067,1706 3112,1706 3156,1706 3201,1706 3246,1709 3291,1706 3335,1703 3380,1703 3425,1700 3470,1700 3514,1697 3559,1697 3604,1697 3649,1694 3693,1694 3738,1694 3783,1694 3828,1694 3872,1697 3917,1697 3962,1694 4007,1694 4051,1691 4096,1691 4141,1691 4186,1691 4230,1688"/>
                <TextEquiv>
                    <Unicode>piere, aber ich fürchte, dass ick für den Augenblick</Unicode>
                </TextEquiv>
            </TextLine>
            <TextLine id="tr_2_tl_15" custom="readingOrder {index:14;}">
                <Coords points="2534,1777 3879,1770 4213,1753 4213,1698 2534,1730"/>
                <Baseline points="2545,1763 2563,1763 2607,1760 2652,1760 2697,1760 2742,1760 2786,1757 2831,1757 2876,1757 2921,1757 2965,1757 3010,1754 3055,1754 3100,1754 3144,1754 3189,1754 3234,1754 3279,1754 3323,1754 3368,1751 3413,1751 3458,1751 3502,1751 3547,1751 3592,1751 3637,1748 3681,1751 3726,1748 3771,1748 3816,1748 3860,1748 3905,1745 3950,1745 3995,1745 4040,1745 4084,1742 4129,1742 4174,1742 4219,1742"/>
                <TextEquiv>
                    <Unicode>nicht viel werde kaufen können, da ich ja das Geld</Unicode>
                </TextEquiv>
            </TextLine>
            <TextLine id="tr_2_tl_16" custom="readingOrder {index:15;}">
                <Coords points="2534,1821 4109,1808 4219,1798 4219,1755 2536,1783"/>
                <Baseline points="2545,1814 2569,1814 2613,1814 2658,1814 2703,1811 2748,1811 2792,1811 2837,1811 2882,1811 2927,1811 2971,1808 3016,1805 3061,1805 3106,1805 3150,1805 3195,1805 3240,1805 3285,1805 3329,1805 3374,1805 3419,1802 3464,1802 3508,1799 3553,1796 3598,1799 3643,1799 3687,1799 3732,1796 3777,1796 3822,1793 3866,1793 3911,1793 3956,1793 4001,1793 4045,1793 4090,1793 4135,1793 4180,1790 4224,1793"/>
                <TextEquiv>
                    <Unicode>als solches in Verwendung ziehen dürfte. Dasskich</Unicode>
                </TextEquiv>
            </TextLine>
            <TextLine id="tr_2_tl_17" custom="readingOrder {index:16;}">
                <Coords points="2536,1874 4190,1863 4190,1798 2536,1823"/>
                <Baseline points="2548,1864 2583,1864 2628,1864 2673,1861 2718,1861 2762,1861 2807,1861 2852,1858 2897,1858 2941,1852 2986,1855 3031,1852 3076,1852 3121,1852 3165,1855 3210,1855 3255,1855 3300,1852 3344,1849 3389,1852 3434,1852 3479,1852 3523,1849 3568,1849 3613,1843 3658,1849 3702,1849 3747,1846 3792,1846 3837,1843 3881,1840 3926,1840 3971,1840 4016,1840 4060,1840 4105,1840 4150,1840 4195,1840"/>
                <TextEquiv>
                    <Unicode>nun erst die Abrechnung bis zum 1. Juli bekommen</Unicode>
                </TextEquiv>
            </TextLine>
            <TextLine id="tr_2_tl_18" custom="readingOrder {index:17;}">
                <Coords points="2534,1918 3828,1901 4230,1956 4230,1836 2534,1878"/>
                <Baseline points="2545,1915 2580,1915 2625,1915 2670,1915 2715,1912 2759,1915 2804,1912 2849,1912 2894,1909 2938,1906 2983,1906 3028,1906 3073,1906 3118,1906 3162,1906 3207,1906 3252,1906 3297,1906 3341,1903 3386,1903 3431,1900 3476,1900 3520,1900 3565,1897 3610,1897 3655,1897 3699,1900 3744,1897 3789,1900 3834,1897 3878,1897 3923,1897 3968,1894 4013,1897 4057,1894 4102,1894 4147,1894 4192,1888 4236,1882"/>
                <TextEquiv>
                    <Unicode>soll, ist eigentlich schade, die besonderen Preiser-</Unicode>
                </TextEquiv>
            </TextLine>
            <TextLine id="tr_2_tl_19" custom="readingOrder {index:18;}">
                <Coords points="2527,2003 2999,1961 3158,2011 3818,2001 3834,1906 2530,1916"/>
                <Baseline points="2542,1969 2586,1966 2631,1963 2676,1963 2721,1963 2765,1963 2810,1963 2855,1963 2900,1960 2944,1960 2989,1960 3034,1960 3079,1960 3123,1960 3168,1957 3213,1960 3258,1960 3303,1957 3347,1957 3392,1957 3437,1954 3482,1954 3526,1954 3571,1951 3616,1951 3661,1951 3705,1951 3750,1954 3795,1954 3840,1954"/>
                <TextEquiv>
                    <Unicode>höhungen sind ja erst nachner erfolgt.</Unicode>
                </TextEquiv>
            </TextLine>
        </TextRegion>
        <TextRegion id="tr_3" custom="readingOrder {index:2;}">
            <Coords points="2527,1987 4233,1987 4233,3092 2527,3092"/>
            <TextLine id="tr_3_tl_1" custom="readingOrder {index:0;}">
                <Coords points="2864,2060 3139,2056 3240,2098 3350,2056 3932,2081 3974,2045 4084,2073 4131,2049 4131,1994 2864,2011"/>
                <Baseline points="2876,2058 2915,2058 2959,2055 3004,2055 3049,2055 3094,2055 3138,2055 3183,2055 3228,2055 3273,2058 3317,2061 3317,2061 3362,2055 3407,2052 3452,2049 3496,2052 3541,2052 3586,2052 3631,2052 3675,2049 3720,2049 3765,2046 3810,2046 3855,2049 3899,2046 3944,2043 3989,2046 4034,2046 4078,2043 4123,2037 4135,2037"/>
                <TextEquiv>
                    <Unicode>Was die Hamsterei einiger Sortimente:</Unicode>
                </TextEquiv>
            </TextLine>
            <TextLine id="tr_3_tl_2" custom="readingOrder {index:1;}">
                <Coords points="2534,2117 3972,2115 4154,2100 4156,2049 2534,2060"/>
                <Baseline points="2545,2112 2548,2115 2592,2115 2637,2115 2682,2115 2727,2112 2771,2112 2816,2112 2861,2115 2906,2112 2950,2109 2995,2109 3040,2109 3085,2106 3129,2106 3174,2106 3219,2106 3264,2106 3308,2106 3353,2106 3398,2103 3443,2103 3488,2103 3532,2103 3577,2103 3622,2103 3667,2103 3711,2100 3756,2100 3801,2097 3846,2097 3890,2097 3935,2091 3980,2094 4025,2094 4069,2094 4114,2091 4159,2088"/>
                <TextEquiv>
                    <Unicode>anbelangt,so zweifle ich nicht,dass hier manche</Unicode>
                </TextEquiv>
            </TextLine>
            <TextLine id="tr_3_tl_3" custom="readingOrder {index:2;}">
                <Coords points="2536,2170 4135,2166 4183,2090 2536,2123"/>
                <Baseline points="2548,2160 2577,2163 2622,2163 2667,2163 2712,2163 2756,2163 2801,2163 2846,2160 2891,2160 2936,2160 2980,2157 3025,2157 3070,2157 3115,2157 3159,2157 3204,2157 3249,2157 3294,2157 3338,2157 3383,2154 3428,2154 3473,2151 3517,2151 3562,2151 3607,2148 3652,2148 3696,2151 3741,2151 3786,2151 3831,2151 3875,2148 3920,2145 3965,2145 4010,2145 4054,2145 4099,2145 4144,2145 4189,2139"/>
                <TextEquiv>
                    <Unicode>Missbräuche vorkommen, doch ist gewiss die Grenze</Unicode>
                </TextEquiv>
            </TextLine>
            <TextLine id="tr_3_tl_4" custom="readingOrder {index:3;}">
                <Coords points="2536,2219 4059,2212 4120,2159 2536,2170"/>
                <Baseline points="2548,2216 2557,2216 2601,2216 2646,2216 2691,2213 2736,2213 2780,2213 2825,2213 2870,2210 2915,2210 2959,2210 3004,2207 3049,2210 3094,2207 3138,2210 3183,2210 3228,2207 3273,2207 3317,2207 3362,2204 3407,2202 3452,2204 3496,2202 3541,2202 3586,2202 3631,2204 3675,2202 3720,2199 3765,2199 3810,2199 3855,2199 3899,2199 3944,2196 3989,2196 4034,2196 4078,2193 4123,2193"/>
                <TextEquiv>
                    <Unicode>zwischen einem durchaus berechtigten Eindenken</Unicode>
                </TextEquiv>
            </TextLine>
            <TextLine id="tr_3_tl_5" custom="readingOrder {index:4;}">
                <Coords points="2536,2282 4090,2263 4145,2259 4148,2193 2536,2227"/>
                <Baseline points="2548,2264 2583,2267 2628,2264 2673,2264 2718,2261 2762,2261 2807,2261 2852,2261 2897,2261 2941,2261 2986,2261 3031,2258 3076,2258 3121,2258 3165,2258 3210,2258 3255,2258 3300,2258 3344,2255 3389,2255 3434,2252 3479,2252 3523,2252 3568,2252 3613,2252 3658,2252 3702,2249 3747,2246 3792,2249 3837,2246 3881,2246 3926,2246 3971,2246 4016,2246 4060,2246 4105,2243 4150,2240"/>
                <TextEquiv>
                    <Unicode>und der sogenannten Hamsteri nicht immer leicht</Unicode>
                </TextEquiv>
            </TextLine>
            <TextLine id="tr_3_tl_6" custom="readingOrder {index:5;}">
                <Coords points="2540,2331 3993,2314 4078,2301 4078,2257 2540,2284"/>
                <Baseline points="2551,2318 2563,2318 2607,2318 2652,2318 2697,2315 2742,2315 2786,2312 2831,2312 2876,2312 2921,2312 2965,2312 3010,2312 3055,2312 3100,2309 3144,2306 3189,2306 3234,2306 3279,2306 3323,2306 3368,2306 3413,2303 3458,2303 3502,2300 3547,2303 3592,2303 3637,2303 3681,2303 3726,2300 3771,2300 3816,2300 3860,2297 3905,2297 3950,2294 3995,2294 4040,2294 4084,2291"/>
                <TextEquiv>
                    <Unicode>zu bestimmen. Dass in dieser Hinsicht Ihr Herr</Unicode>
                </TextEquiv>
            </TextLine>
            <TextLine id="tr_3_tl_7" custom="readingOrder {index:6;}">
                <Coords points="2515,2388 4109,2362 4112,2295 2517,2314"/>
                <Baseline points="2527,2381 2548,2381 2592,2381 2637,2375 2682,2372 2727,2372 2771,2366 2816,2366 2861,2363 2906,2363 2950,2360 2995,2360 3040,2360 3085,2360 3129,2357 3174,2357 3219,2357 3264,2357 3308,2354 3353,2354 3398,2354 3443,2354 3488,2351 3532,2354 3577,2354 3622,2354 3667,2351 3711,2351 3756,2351 3801,2348 3846,2345 3890,2345 3935,2345 3980,2348 4025,2345 4069,2342 4114,2336"/>
                <TextEquiv>
                    <Unicode>Greiss, dem ich übrigens für seinen liebenswür¬</Unicode>
                </TextEquiv>
            </TextLine>
            <TextLine id="tr_3_tl_8" custom="readingOrder {index:7;}">
                <Coords points="2542,2424 3959,2424 4109,2415 4109,2362 2542,2388"/>
                <Baseline points="2554,2416 2592,2416 2637,2413 2682,2413 2727,2413 2771,2410 2816,2413 2861,2413 2906,2413 2950,2410 2995,2410 3040,2410 3085,2410 3129,2407 3174,2407 3219,2407 3264,2407 3308,2407 3353,2407 3398,2404 3443,2401 3488,2404 3532,2404 3577,2404 3622,2404 3667,2401 3711,2401 3756,2401 3801,2401 3846,2398 3890,2398 3935,2401 3980,2401 4025,2398 4069,2395 4114,2392"/>
                <TextEquiv>
                    <Unicode>digen Brief bestens danke, öfters all zu rigoros</Unicode>
                </TextEquiv>
            </TextLine>
            <TextLine id="tr_3_tl_9" custom="readingOrder {index:8;}">
                <Coords points="2542,2475 4097,2464 4097,2417 2542,2424"/>
                <Baseline points="2554,2467 2580,2467 2625,2467 2670,2467 2715,2467 2759,2467 2804,2464 2849,2464 2894,2464 2938,2461 2983,2461 3028,2458 3073,2461 3118,2461 3162,2458 3207,2458 3252,2455 3297,2458 3341,2458 3386,2455 3431,2455 3476,2455 3520,2452 3565,2452 3610,2452 3655,2449 3699,2449 3744,2449 3789,2449 3834,2449 3878,2446 3923,2446 3968,2446 4013,2449 4057,2446 4102,2443"/>
                <TextEquiv>
                    <Unicode>vorgeht and his durch in offenbar betem Willen</Unicode>
                </TextEquiv>
            </TextLine>
            <TextLine id="tr_3_tl_10" custom="readingOrder {index:9;}">
                <Coords points="2534,2546 4131,2519 4133,2464 2536,2477"/>
                <Baseline points="2545,2518 2569,2518 2613,2518 2658,2518 2703,2518 2748,2518 2792,2512 2837,2515 2882,2512 2927,2512 2971,2512 3016,2512 3061,2512 3106,2509 3150,2509 3195,2512 3240,2509 3285,2509 3329,2509 3374,2506 3419,2509 3464,2506 3508,2506 3553,2503 3598,2503 3643,2503 3687,2503 3732,2500 3777,2500 3822,2503 3866,2500 3911,2500 3956,2497 4001,2497 4045,2497 4090,2497 4135,2500"/>
                <TextEquiv>
                    <Unicode>dem Autor einen Schaden zuzufügen imstande ist</Unicode>
                </TextEquiv>
            </TextLine>
            <TextLine id="tr_3_tl_11" custom="readingOrder {index:10;}">
                <Coords points="2568,2574 3949,2565 4078,2557 4078,2519 2568,2530"/>
                <Baseline points="2580,2566 2604,2566 2649,2566 2694,2566 2739,2566 2783,2566 2828,2566 2873,2566 2918,2563 2962,2563 3007,2563 3052,2563 3097,2560 3141,2563 3186,2560 3231,2560 3276,2560 3320,2560 3365,2557 3410,2557 3455,2557 3499,2557 3544,2554 3589,2554 3634,2554 3678,2554 3723,2554 3768,2554 3813,2551 3857,2551 3902,2551 3947,2548 3992,2548 4037,2545 4081,2542"/>
                <TextEquiv>
                    <Unicode>wird durch seine Türklärungen nicht aus der</Unicode>
                </TextEquiv>
            </TextLine>
            <TextLine id="tr_3_tl_12" custom="readingOrder {index:11;}">
                <Coords points="2534,2618 4118,2631 4118,2551 2534,2570"/>
                <Baseline points="2545,2616 2557,2616 2601,2619 2646,2619 2691,2616 2736,2613 2780,2616 2825,2616 2870,2616 2915,2613 2959,2613 3004,2613 3049,2613 3094,2610 3138,2610 3183,2610 3228,2610 3273,2610 3317,2610 3362,2610 3407,2610 3452,2607 3496,2607 3541,2604 3586,2604 3631,2604 3675,2604 3720,2601 3765,2598 3810,2598 3855,2598 3899,2598 3944,2601 3989,2598 4034,2598 4078,2601 4123,2601"/>
                <TextEquiv>
                    <Unicode>Welt geschafft. Wenn beispielsweise im Mai d.J.</Unicode>
                </TextEquiv>
            </TextLine>
            <TextLine id="tr_3_tl_13" custom="readingOrder {index:12;}">
                <Coords points="2536,2680 3889,2675 4088,2625 2536,2640"/>
                <Baseline points="2548,2670 2571,2670 2616,2670 2661,2667 2706,2667 2751,2664 2795,2667 2840,2667 2885,2667 2930,2667 2974,2667 3019,2664 3064,2664 3109,2664 3153,2664 3198,2661 3243,2661 3288,2658 3332,2658 3377,2658 3422,2658 3467,2658 3511,2655 3556,2652 3601,2655 3646,2655 3690,2655 3735,2652 3780,2652 3825,2652 3869,2652 3914,2652 3959,2649 4004,2649 4048,2646 4093,2643"/>
                <TextEquiv>
                    <Unicode>da die Nachfrage nach meinen Werken besonders</Unicode>
                </TextEquiv>
            </TextLine>
            <TextLine id="tr_3_tl_14" custom="readingOrder {index:13;}">
                <Coords points="2536,2728 4148,2718 4128,2644 2538,2673"/>
                <Baseline points="2548,2724 2586,2724 2631,2721 2676,2721 2721,2718 2765,2718 2810,2718 2855,2718 2900,2715 2944,2715 2989,2715 3034,2715 3079,2715 3123,2715 3168,2712 3213,2712 3258,2709 3303,2709 3347,2709 3392,2712 3437,2709 3482,2706 3526,2706 3571,2706 3616,2706 3661,2706 3705,2706 3750,2703 3795,2703 3840,2706 3884,2706 3929,2700 3974,2700 4019,2700 4063,2700 4108,2700 4153,2700"/>
                <TextEquiv>
                    <Unicode>stark war, unter andern Hugo Heller, mag er auch</Unicode>
                </TextEquiv>
            </TextLine>
            <TextLine id="tr_3_tl_15" custom="readingOrder {index:14;}">
                <Coords points="2540,2788 4207,2766 4230,2665 4124,2718 2540,2728"/>
                <Baseline points="2551,2777 2577,2774 2622,2771 2667,2768 2712,2768 2756,2765 2801,2768 2846,2768 2891,2768 2936,2765 2980,2765 3025,2765 3070,2762 3115,2762 3159,2765 3204,2765 3249,2762 3294,2759 3338,2759 3383,2759 3428,2759 3473,2759 3517,2756 3562,2756 3607,2756 3652,2756 3696,2756 3741,2754 3786,2754 3831,2754 3875,2751 3920,2754 3965,2754 4010,2754 4054,2754 4099,2754 4144,2751 4189,2748 4233,2739"/>
                <TextEquiv>
                    <Unicode>Ihrer Ansicht nach zu viel bestellt haben, kaum ei¬</Unicode>
                </TextEquiv>
            </TextLine>
            <TextLine id="tr_3_tl_16" custom="readingOrder {index:15;}">
                <Coords points="2540,2828 4114,2819 4116,2764 2542,2788"/>
                <Baseline points="2551,2825 2554,2822 2598,2822 2643,2822 2688,2822 2733,2822 2777,2819 2822,2819 2867,2816 2912,2816 2956,2816 3001,2816 3046,2813 3091,2813 3135,2813 3180,2813 3225,2813 3270,2813 3314,2813 3359,2810 3404,2810 3449,2810 3493,2810 3538,2810 3583,2810 3628,2807 3672,2807 3717,2804 3762,2804 3807,2804 3852,2804 3896,2804 3941,2804 3986,2804 4031,2801 4075,2801 4120,2798"/>
                <TextEquiv>
                    <Unicode>nen Bruchteil von dem zu erhalten imstande war</Unicode>
                </TextEquiv>
            </TextLine>
            <TextLine id="tr_3_tl_17" custom="readingOrder {index:16;}">
                <Coords points="2536,2889 4203,2885 4222,2800 2538,2830"/>
                <Baseline points="2548,2873 2569,2873 2613,2876 2658,2876 2703,2873 2748,2870 2792,2867 2837,2870 2882,2870 2927,2870 2971,2870 3016,2867 3061,2867 3106,2867 3150,2867 3195,2864 3240,2864 3285,2864 3329,2864 3374,2864 3419,2864 3464,2861 3508,2861 3553,2861 3598,2861 3643,2858 3687,2855 3732,2855 3777,2855 3822,2855 3866,2855 3911,2855 3956,2855 4001,2855 4045,2855 4090,2855 4135,2852 4180,2852 4224,2855"/>
                <TextEquiv>
                    <Unicode>was er dringend benötigte; wenn eine ganze Anzahl</Unicode>
                </TextEquiv>
            </TextLine>
            <TextLine id="tr_3_tl_18" custom="readingOrder {index:17;}">
                <Coords points="2536,2942 4181,2921 4181,2864 4004,2851 2538,2887"/>
                <Baseline points="2548,2927 2574,2927 2619,2924 2664,2924 2709,2924 2754,2924 2798,2921 2843,2921 2888,2921 2933,2921 2977,2921 3022,2921 3067,2918 3112,2915 3156,2918 3201,2915 3246,2918 3291,2918 3335,2915 3380,2915 3425,2912 3470,2912 3514,2909 3559,2912 3604,2909 3649,2906 3693,2906 3738,2906 3783,2906 3828,2906 3872,2903 3917,2903 3962,2903 4007,2903 4051,2906 4096,2903 4141,2906 4186,2903"/>
                <TextEquiv>
                    <Unicode>von-Buchhandlungen nicht nur in Wien und Berlin,</Unicode>
                </TextEquiv>
            </TextLine>
            <TextLine id="tr_3_tl_19" custom="readingOrder {index:18;}">
                <Coords points="2534,2993 3917,2978 4082,2965 4082,2914 2534,2940"/>
                <Baseline points="2545,2980 2566,2980 2610,2977 2655,2974 2700,2974 2745,2974 2789,2974 2834,2971 2879,2971 2924,2971 2968,2971 3013,2971 3058,2968 3103,2968 3147,2968 3192,2968 3237,2968 3282,2965 3326,2962 3371,2962 3416,2962 3461,2962 3505,2962 3550,2962 3595,2962 3640,2959 3684,2959 3729,2959 3774,2959 3819,2956 3863,2956 3908,2953 3953,2956 3998,2956 4042,2953 4087,2956"/>
                <TextEquiv>
                    <Unicode>in einem der Nachfrage des Publikums durchaus</Unicode>
                </TextEquiv>
            </TextLine>
            <TextLine id="tr_3_tl_20" custom="readingOrder {index:19;}">
                <Coords points="2540,3046 4093,3020 4190,3012 4190,2957 2542,2991"/>
                <Baseline points="2551,3031 2580,3028 2625,3028 2670,3025 2715,3025 2759,3022 2804,3022 2849,3022 2894,3022 2938,3022 2983,3019 3028,3019 3073,3019 3118,3019 3162,3019 3207,3016 3252,3016 3297,3016 3341,3013 3386,3016 3431,3016 3476,3016 3520,3013 3565,3013 3610,3010 3655,3010 3699,3010 3744,3010 3789,3007 3834,3007 3878,3004 3923,3007 3968,3004 4013,3007 4057,3004 4102,3004 4147,3001 4192,2998"/>
                <TextEquiv>
                    <Unicode>nicht gerecht werdenden Masse mit meinen Büchern</Unicode>
                </TextEquiv>
            </TextLine>
            <TextLine id="tr_3_tl_21" custom="readingOrder {index:20;}">
                <Coords points="2527,3103 4002,3126 4207,3113 4209,3012 2530,3039"/>
                <Baseline points="2542,3082 2557,3082 2601,3082 2646,3082 2691,3082 2736,3079 2780,3079 2825,3079 2870,3076 2915,3079 2959,3076 3004,3073 3049,3076 3094,3076 3138,3073 3183,3073 3228,3073 3273,3073 3317,3073 3362,3073 3407,3073 3452,3070 3496,3070 3541,3070 3586,3067 3631,3067 3675,3067 3720,3067 3765,3064 3810,3064 3855,3064 3899,3064 3944,3064 3989,3064 4034,3064 4078,3061 4123,3058 4168,3055 4213,3049"/>
                <TextEquiv>
                    <Unicode>und andern Ihres Verlages versorgt wurden, den Be¬</Unicode>
                </TextEquiv>
            </TextLine>
        </TextRegion>
    </Page>
</PcGts>
