<?xml version="1.0" encoding="UTF-8" standalone="yes"?>
<PcGts xmlns="http://schema.primaresearch.org/PAGE/gts/pagecontent/2013-07-15" xmlns:xsi="http://www.w3.org/2001/XMLSchema-instance" xsi:schemaLocation="http://schema.primaresearch.org/PAGE/gts/pagecontent/2013-07-15 http://schema.primaresearch.org/PAGE/gts/pagecontent/2013-07-15/pagecontent.xsd">
    <Metadata>
        <Creator>prov=READ-COOP:name=TrHtr:version=2.1.0:model_id=51170:date=27_07_2023_22:02</Creator>
        <Created>2023-05-02T07:57:16.580+02:00</Created>
        <LastChange>2023-07-27T22:02:02.819+02:00</LastChange>
        <TranskribusMetadata docId="1416739" pageId="54952517" pageNr="78" tsid="131304270" status="IN_PROGRESS" userId="64420" imgUrl="https://files.transkribus.eu/Get?id=KXVPXTNBLSIUNWDCQZYGEIUF&amp;fileType=view" xmlUrl="https://files.transkribus.eu/Get?id=YHPTKCOTFQPFBHQHPVUFOHPK" imageId="44456243"/>
    </Metadata>
    <Page imageFilename="1416739_0078.jpg" imageWidth="4444" imageHeight="4008">
        <ReadingOrder>
            <OrderedGroup id="ro_1711827919285" caption="Regions reading order">
                <RegionRefIndexed index="0" regionRef="tr_2"/>
                <RegionRefIndexed index="1" regionRef="tr_1"/>
            </OrderedGroup>
        </ReadingOrder>
        <TextRegion id="tr_2" custom="readingOrder {index:0;}">
            <Coords points="412,1186 2051,1186 2051,3301 412,3301"/>
            <TextLine id="tr_2_tl_1" custom="readingOrder {index:0;}">
                <Coords points="439,1276 1592,1284 1707,1235 1847,1280 1901,1274 1904,1156 441,1215"/>
                <Baseline points="450,1272 474,1269 519,1269 564,1269 609,1269 654,1266 698,1263 743,1263 788,1263 833,1263 878,1263 922,1260 967,1260 1012,1260 1057,1260 1102,1260 1146,1257 1191,1254 1236,1254 1281,1254 1326,1254 1370,1251 1415,1248 1460,1248 1505,1248 1550,1245 1594,1245 1639,1242 1684,1242 1729,1242 1774,1242 1818,1242 1863,1242 1908,1236"/>
                <TextEquiv>
                    <Unicode>eines La enpreises gezahlt, der in der Folge</Unicode>
                </TextEquiv>
            </TextLine>
            <TextLine id="tr_2_tl_2" custom="readingOrder {index:1;}">
                <Coords points="441,1375 670,1413 1258,1353 1565,1389 1663,1345 1879,1351 1881,1268 441,1328"/>
                <Baseline points="453,1370 495,1370 540,1367 585,1367 630,1364 674,1364 719,1364 764,1364 809,1364 854,1361 898,1358 943,1358 988,1355 1033,1358 1078,1355 1122,1355 1167,1355 1212,1352 1257,1352 1302,1352 1346,1349 1391,1349 1436,1349 1481,1346 1526,1346 1570,1346 1615,1343 1660,1343 1705,1340 1750,1340 1794,1337 1839,1337 1884,1340"/>
                <TextEquiv>
                    <Unicode>nicht eingehalten worden durfte. Ob diese</Unicode>
                </TextEquiv>
            </TextLine>
            <TextLine id="tr_2_tl_3" custom="readingOrder {index:2;}">
                <Coords points="435,1486 804,1476 853,1513 936,1478 1083,1519 1219,1456 1914,1458 1916,1387 437,1422"/>
                <Baseline points="447,1472 486,1472 531,1469 576,1469 621,1469 666,1466 710,1466 755,1466 800,1463 845,1463 890,1463 934,1460 979,1460 1024,1457 1069,1457 1113,1457 1158,1457 1203,1457 1248,1454 1293,1451 1337,1451 1382,1451 1427,1451 1472,1448 1517,1448 1561,1445 1606,1445 1651,1445 1696,1445 1741,1442 1785,1442 1830,1439 1875,1439 1920,1433"/>
                <TextEquiv>
                    <Unicode>Auflagen überhaupt existieren ist mir nicht</Unicode>
                </TextEquiv>
            </TextLine>
            <TextLine id="tr_2_tl_4" custom="readingOrder {index:3;}">
                <Coords points="435,1596 674,1632 929,1569 1521,1596 1837,1539 1837,1490 437,1519"/>
                <Baseline points="447,1570 453,1567 498,1570 543,1570 588,1567 633,1567 677,1567 722,1567 767,1564 812,1564 857,1564 901,1564 946,1564 991,1561 1036,1561 1081,1558 1125,1558 1170,1556 1215,1556 1260,1553 1305,1553 1349,1553 1394,1553 1439,1550 1484,1550 1529,1547 1573,1547 1618,1544 1663,1544 1708,1544 1753,1541 1797,1538 1842,1535"/>
                <TextEquiv>
                    <Unicode>bekannt. Jedenfalls habe ich mir ein Er</Unicode>
                </TextEquiv>
            </TextLine>
            <TextLine id="tr_2_tl_5" custom="readingOrder {index:4;}">
                <Coords points="446,1703 1794,1673 1956,1654 1958,1598 1237,1569 982,1612 804,1584 676,1632 448,1608"/>
                <Baseline points="459,1669 483,1672 528,1672 573,1669 618,1669 663,1669 707,1669 752,1669 797,1666 842,1663 887,1663 931,1663 976,1663 1021,1660 1066,1660 1111,1660 1155,1660 1200,1657 1245,1657 1290,1654 1335,1654 1379,1651 1424,1651 1469,1651 1514,1648 1558,1648 1603,1648 1648,1645 1693,1645 1738,1645 1782,1642 1827,1639 1872,1639 1917,1639 1962,1642"/>
                <TextEquiv>
                    <Unicode>scheinen sowohl mündlich als schriftlich vor</Unicode>
                </TextEquiv>
            </TextLine>
            <TextLine id="tr_2_tl_6" custom="readingOrder {index:5;}">
                <Coords points="448,1778 1912,1790 2021,1770 2023,1699 1849,1654 1721,1699 1336,1663 950,1715 450,1695"/>
                <Baseline points="459,1771 504,1771 549,1771 594,1771 639,1771 683,1768 728,1768 773,1768 818,1765 863,1765 907,1762 952,1762 997,1762 1042,1762 1087,1762 1131,1762 1176,1759 1221,1759 1266,1762 1311,1759 1355,1759 1400,1759 1445,1756 1490,1753 1535,1753 1579,1753 1624,1750 1669,1750 1714,1747 1759,1747 1803,1744 1848,1741 1893,1738 1938,1738 1983,1738 2027,1735"/>
                <TextEquiv>
                    <Unicode>einwandfreier Erledigung der ganzen Angelegen¬</Unicode>
                </TextEquiv>
            </TextLine>
            <TextLine id="tr_2_tl_7" custom="readingOrder {index:6;}">
                <Coords points="439,1889 2019,1849 2019,1806 1879,1768 1673,1808 441,1800"/>
                <Baseline points="450,1875 456,1875 501,1875 546,1875 591,1872 636,1872 680,1872 725,1872 770,1869 815,1869 860,1866 904,1866 949,1863 994,1863 1039,1863 1084,1860 1128,1860 1173,1860 1218,1860 1263,1857 1308,1857 1352,1857 1397,1857 1442,1857 1487,1854 1532,1851 1576,1851 1621,1851 1666,1848 1711,1848 1756,1845 1800,1845 1845,1845 1890,1842 1935,1842 1980,1839 2024,1836"/>
                <TextEquiv>
                    <Unicode>heit strikte verbeten und tatsächlich ist bis¬</Unicode>
                </TextEquiv>
            </TextLine>
            <TextLine id="tr_2_tl_8" custom="readingOrder {index:7;}">
                <Coords points="448,1978 1881,1980 2021,1946 2023,1851 1656,1895 450,1883"/>
                <Baseline points="459,1977 504,1974 549,1977 594,1974 639,1971 683,1971 728,1974 773,1971 818,1971 863,1971 907,1971 952,1968 997,1965 1042,1965 1087,1965 1131,1965 1176,1962 1221,1962 1266,1962 1311,1959 1355,1959 1400,1956 1445,1956 1490,1956 1535,1953 1579,1953 1624,1950 1669,1950 1714,1950 1759,1950 1803,1947 1848,1947 1893,1947 1938,1944 1983,1944 2027,1938"/>
                <TextEquiv>
                    <Unicode>her kein Exemplar im Handel aufgetaucht. Unter</Unicode>
                </TextEquiv>
            </TextLine>
            <TextLine id="tr_2_tl_9" custom="readingOrder {index:8;}">
                <Coords points="441,2090 1193,2068 1296,2102 1541,2057 1835,2092 1954,2061 1954,1999 1729,1970 891,2023 770,1980 577,2049 443,2037"/>
                <Baseline points="453,2075 480,2075 525,2075 570,2078 615,2075 660,2075 704,2075 749,2072 794,2072 839,2072 884,2069 928,2069 973,2069 1018,2066 1063,2063 1108,2066 1152,2066 1197,2063 1242,2063 1287,2063 1332,2060 1376,2060 1421,2060 1466,2057 1511,2054 1556,2054 1600,2054 1645,2054 1690,2051 1735,2051 1780,2048 1824,2048 1869,2048 1914,2045 1959,2042"/>
                <TextEquiv>
                    <Unicode>den Gründen, die Herr Harz für die Unmöglich-</Unicode>
                </TextEquiv>
            </TextLine>
            <TextLine id="tr_2_tl_10" custom="readingOrder {index:9;}">
                <Coords points="450,2193 1914,2171 2025,2144 2027,2084 452,2118"/>
                <Baseline points="462,2177 507,2174 552,2177 597,2177 642,2174 686,2174 731,2171 776,2171 821,2168 866,2168 910,2171 955,2168 1000,2165 1045,2165 1090,2165 1134,2165 1179,2165 1224,2165 1269,2165 1314,2165 1358,2162 1403,2159 1448,2159 1493,2159 1538,2156 1582,2156 1627,2156 1672,2153 1717,2153 1762,2153 1806,2150 1851,2150 1896,2150 1941,2147 1986,2144 2030,2141"/>
                <TextEquiv>
                    <Unicode>keit weiterer Honorarzahlungen an mich anführ-</Unicode>
                </TextEquiv>
            </TextLine>
            <TextLine id="tr_2_tl_11" custom="readingOrder {index:10;}">
                <Coords points="452,2296 1918,2274 1968,2268 1970,2203 454,2217"/>
                <Baseline points="462,2275 495,2278 540,2278 585,2278 630,2278 674,2275 719,2275 764,2272 809,2272 854,2272 898,2269 943,2269 988,2269 1033,2269 1078,2266 1122,2263 1167,2266 1212,2263 1257,2266 1302,2266 1346,2263 1391,2260 1436,2260 1481,2260 1526,2257 1570,2257 1615,2257 1660,2254 1705,2254 1750,2251 1794,2251 1839,2248 1884,2248 1929,2248 1974,2248"/>
                <TextEquiv>
                    <Unicode>te, ist wesentlich nur der, dass ihm eine Xxx</Unicode>
                </TextEquiv>
            </TextLine>
            <TextLine id="tr_2_tl_12" custom="readingOrder {index:11;}">
                <Coords points="437,2420 1995,2367 2049,2308 439,2323"/>
                <Baseline points="450,2380 483,2380 528,2380 573,2377 618,2377 663,2377 707,2377 752,2374 797,2377 842,2374 887,2371 931,2371 976,2371 1021,2368 1066,2368 1111,2365 1155,2365 1200,2365 1245,2365 1290,2365 1335,2362 1379,2362 1424,2359 1469,2359 1514,2356 1558,2356 1603,2353 1648,2353 1693,2353 1738,2353 1782,2353 1827,2353 1872,2350 1917,2350 1962,2347 2006,2347 2051,2344"/>
                <TextEquiv>
                    <Unicode>Geldsendung nach Wien durch die Devisenzentrab</Unicode>
                </TextEquiv>
            </TextLine>
            <TextLine id="tr_2_tl_13" custom="readingOrder {index:12;}">
                <Coords points="458,2483 676,2523 790,2475 1899,2487 2045,2464 2047,2394 458,2424"/>
                <Baseline points="468,2481 483,2478 528,2478 573,2478 618,2478 663,2478 707,2475 752,2472 797,2472 842,2472 887,2472 931,2472 976,2469 1021,2469 1066,2469 1111,2466 1155,2466 1200,2466 1245,2466 1290,2466 1335,2466 1379,2463 1424,2460 1469,2460 1514,2460 1558,2457 1603,2457 1648,2454 1693,2454 1738,2454 1782,2454 1827,2454 1872,2451 1917,2451 1962,2449 2006,2446 2051,2449"/>
                <TextEquiv>
                    <Unicode>nicht bewilligt wurde. Ich stellte es ihm frei</Unicode>
                </TextEquiv>
            </TextLine>
            <TextLine id="tr_2_tl_14" custom="readingOrder {index:13;}">
                <Coords points="454,2594 1343,2564 1559,2610 1699,2558 2039,2556 2039,2513 1855,2475 456,2523"/>
                <Baseline points="465,2577 477,2577 522,2577 567,2577 612,2577 657,2577 701,2577 746,2574 791,2574 836,2574 881,2574 925,2571 970,2571 1015,2568 1060,2568 1105,2568 1149,2568 1194,2565 1239,2568 1284,2565 1329,2565 1373,2562 1418,2565 1463,2562 1508,2562 1553,2559 1597,2556 1642,2556 1687,2556 1732,2553 1777,2553 1821,2553 1866,2550 1911,2550 1956,2550 2001,2550 2045,2547"/>
                <TextEquiv>
                    <Unicode>wenn er mir seine ehrlichen Absichten beweisen</Unicode>
                </TextEquiv>
            </TextLine>
            <TextLine id="tr_2_tl_15" custom="readingOrder {index:14;}">
                <Coords points="454,2689 1924,2681 1987,2665 1989,2592 456,2624"/>
                <Baseline points="465,2675 468,2678 513,2681 558,2681 603,2681 648,2678 692,2678 737,2675 782,2675 827,2675 872,2675 916,2672 961,2670 1006,2670 1051,2670 1096,2670 1140,2670 1185,2667 1230,2667 1275,2667 1320,2667 1364,2670 1409,2667 1454,2664 1499,2661 1544,2661 1588,2661 1633,2658 1678,2658 1723,2658 1768,2658 1812,2655 1857,2655 1902,2652 1947,2649 1992,2649"/>
                <TextEquiv>
                    <Unicode>wollte.die Honorarsumme an Ihren Verlag abzu¬</Unicode>
                </TextEquiv>
            </TextLine>
            <TextLine id="tr_2_tl_16" custom="readingOrder {index:15;}">
                <Coords points="454,2788 1274,2807 1638,2764 1717,2792 1719,2738 1598,2703 1509,2734 456,2720"/>
                <Baseline points="465,2777 468,2780 513,2780 558,2780 603,2780 648,2780 692,2780 737,2777 782,2777 827,2774 872,2774 916,2774 961,2771 1006,2771 1051,2771 1096,2771 1140,2771 1185,2768 1230,2771 1275,2768 1320,2768 1364,2768 1409,2765 1454,2765 1499,2765 1544,2762 1588,2762 1633,2762 1678,2762 1723,2762"/>
                <TextEquiv>
                    <Unicode>führen, was er aber niemals getan hat.</Unicode>
                </TextEquiv>
            </TextLine>
            <TextLine id="tr_2_tl_17" custom="readingOrder {index:16;}">
                <Coords points="753,2902 1869,2869 1845,2788 755,2792"/>
                <Baseline points="764,2873 800,2876 845,2876 890,2876 934,2876 979,2873 1024,2873 1069,2873 1113,2873 1158,2870 1203,2870 1248,2870 1293,2867 1337,2867 1382,2867 1427,2864 1472,2864 1517,2864 1561,2864 1606,2861 1651,2861 1696,2858 1741,2861 1785,2858 1830,2858 1875,2858"/>
                <TextEquiv>
                    <Unicode>Nach dem Ihnen hier vorliegenden</Unicode>
                </TextEquiv>
            </TextLine>
            <TextLine id="tr_2_tl_18" custom="readingOrder {index:17;}">
                <Coords points="401,2932 419,2930 437,2944 458,2928 559,2926 575,2940 636,2928 709,2934 725,2930 725,2886 666,2888 622,2906 549,2896 531,2904 401,2898"/>
                <Baseline points="412,2923 456,2923 501,2923 546,2923 591,2923 636,2923 680,2923 725,2923 731,2923"/>
                <TextEquiv>
                    <Unicode>lʼhonneur de lʼautre ses mêmes.</Unicode>
                </TextEquiv>
            </TextLine>
            <TextLine id="tr_2_tl_19" custom="readingOrder {index:18;}">
                <Coords points="460,2995 1853,2993 1912,2971 1914,2859 1683,2902 1426,2867 462,2928"/>
                <Baseline points="471,2977 483,2977 528,2980 573,2980 618,2980 663,2980 707,2980 752,2980 797,2980 842,2977 887,2977 931,2977 976,2974 1021,2974 1066,2974 1111,2971 1155,2974 1200,2971 1245,2971 1290,2971 1335,2968 1379,2968 1424,2968 1469,2968 1514,2965 1558,2965 1603,2965 1648,2962 1693,2962 1738,2959 1782,2959 1827,2959 1872,2959 1917,2959"/>
                <TextEquiv>
                    <Unicode>Citachten und der ganzen Sachlage kann bin</Unicode>
                </TextEquiv>
            </TextLine>
            <TextLine id="tr_2_tl_20" custom="readingOrder {index:19;}">
                <Coords points="458,3096 1930,3094 1932,2981 458,3023"/>
                <Baseline points="468,3085 501,3085 546,3082 591,3082 636,3082 680,3082 725,3085 770,3079 815,3079 860,3079 904,3076 949,3076 994,3076 1039,3073 1084,3073 1128,3073 1173,3070 1218,3070 1263,3070 1308,3070 1352,3070 1397,3070 1442,3070 1487,3070 1532,3067 1576,3067 1621,3067 1666,3067 1711,3064 1756,3064 1800,3064 1845,3064 1890,3061 1935,3058"/>
                <TextEquiv>
                    <Unicode>Zweifel nicht darüber bestehen, dass mir das</Unicode>
                </TextEquiv>
            </TextLine>
            <TextLine id="tr_2_tl_21" custom="readingOrder {index:20;}">
                <Coords points="464,3224 958,3226 1203,3173 1679,3200 2001,3169 2003,3112 466,3121"/>
                <Baseline points="474,3183 480,3183 525,3186 570,3186 615,3186 660,3186 704,3186 749,3186 794,3183 839,3180 884,3180 928,3180 973,3177 1018,3177 1063,3177 1108,3177 1152,3174 1197,3174 1242,3174 1287,3171 1332,3171 1376,3171 1421,3168 1466,3168 1511,3171 1556,3168 1600,3168 1645,3165 1690,3165 1735,3165 1780,3165 1824,3165 1869,3165 1914,3162 1959,3159 2004,3156"/>
                <TextEquiv>
                    <Unicode>Verlagsrecht über den „Reigen“ ungeschmälert</Unicode>
                </TextEquiv>
            </TextLine>
            <TextLine id="tr_2_tl_22" custom="readingOrder {index:21;}">
                <Coords points="454,3307 1183,3325 1658,3270 1901,3325 1993,3293 1995,3171 1754,3175 1677,3222 454,3224"/>
                <Baseline points="465,3291 474,3288 519,3288 564,3288 609,3288 654,3291 698,3291 743,3288 788,3288 833,3285 878,3285 922,3282 967,3282 1012,3282 1057,3282 1102,3279 1146,3279 1191,3279 1236,3279 1281,3276 1326,3276 1370,3276 1415,3273 1460,3273 1505,3273 1550,3273 1594,3273 1639,3270 1684,3270 1729,3270 1774,3270 1818,3267 1863,3267 1908,3267 1953,3267 1998,3261"/>
                <TextEquiv>
                    <Unicode>wieder zugefallen ist. Trotzdem wünschte ich</Unicode>
                </TextEquiv>
            </TextLine>
        </TextRegion>
        <TextRegion id="tr_1" custom="readingOrder {index:1;}">
            <Coords points="2523,1096 4172,1096 4172,3208 2523,3208"/>
            <TextLine id="tr_1_tl_1" custom="readingOrder {index:0;}">
                <Coords points="2541,1191 2732,1156 2813,1193 4169,1185 4169,1100 3981,1047 3706,1091 3623,1051 3442,1114 3307,1063 3151,1114 2541,1094"/>
                <Baseline points="2553,1149 2598,1152 2643,1152 2687,1155 2732,1152 2777,1155 2822,1155 2867,1155 2911,1155 2956,1155 3001,1155 3046,1155 3091,1155 3135,1155 3180,1155 3225,1155 3270,1155 3315,1155 3359,1152 3404,1155 3449,1152 3494,1152 3539,1152 3583,1152 3628,1152 3673,1152 3718,1152 3763,1149 3807,1149 3852,1149 3897,1149 3942,1149 3987,1149 4031,1149 4076,1149 4121,1146 4166,1146 4172,1149"/>
                <TextEquiv>
                    <Unicode>die Sache,um allen Unannehmlichkeiten vorzubeu¬</Unicode>
                </TextEquiv>
            </TextLine>
            <TextLine id="tr_1_tl_2" custom="readingOrder {index:1;}">
                <Coords points="2547,1284 2910,1260 3378,1304 3509,1258 3825,1298 4111,1260 4111,1205 3311,1174 3191,1219 2847,1177 2547,1215"/>
                <Baseline points="2559,1257 2592,1257 2637,1257 2681,1257 2726,1257 2771,1257 2816,1257 2861,1257 2905,1257 2950,1257 2995,1257 3040,1257 3085,1257 3129,1257 3174,1254 3219,1257 3264,1257 3309,1257 3353,1257 3398,1257 3443,1257 3488,1257 3533,1257 3577,1257 3622,1257 3667,1257 3712,1254 3757,1254 3801,1254 3846,1254 3891,1254 3936,1251 3981,1251 4025,1251 4070,1251 4115,1248"/>
                <TextEquiv>
                    <Unicode>gen,gerichtsmässig festgestellt zu wissen,ehe</Unicode>
                </TextEquiv>
            </TextLine>
            <TextLine id="tr_1_tl_3" custom="readingOrder {index:2;}">
                <Coords points="2539,1369 3692,1361 3941,1403 3941,1302 3894,1290 2539,1294"/>
                <Baseline points="2550,1352 2595,1355 2640,1355 2684,1358 2729,1355 2774,1358 2819,1358 2864,1358 2908,1358 2953,1355 2998,1355 3043,1355 3088,1355 3132,1355 3177,1358 3222,1358 3267,1358 3312,1358 3356,1358 3401,1358 3446,1358 3491,1355 3536,1355 3580,1355 3625,1355 3670,1355 3715,1358 3760,1355 3804,1355 3849,1355 3894,1352 3939,1355 3945,1352"/>
                <TextEquiv>
                    <Unicode>ich den „Reigen“ in einem anderen Velage</Unicode>
                </TextEquiv>
            </TextLine>
            <TextLine id="tr_1_tl_4" custom="readingOrder {index:3;}">
                <Coords points="2539,1511 4076,1476 4058,1371 3436,1420 3222,1377 3003,1428 2829,1375 2539,1373"/>
                <Baseline points="2550,1460 2556,1457 2601,1460 2646,1460 2690,1460 2735,1460 2780,1460 2825,1460 2870,1460 2914,1460 2959,1460 3004,1460 3049,1460 3094,1460 3138,1460 3183,1463 3228,1463 3273,1463 3318,1460 3362,1460 3407,1460 3452,1460 3497,1457 3542,1457 3586,1457 3631,1457 3676,1457 3721,1454 3766,1457 3810,1457 3855,1457 3900,1457 3945,1457 3990,1454 4034,1454 4079,1451"/>
                <TextEquiv>
                    <Unicode>erscheinen lasse. Da jetzt keinerlei Zensur-</Unicode>
                </TextEquiv>
            </TextLine>
            <TextLine id="tr_1_tl_5" custom="readingOrder {index:4;}">
                <Coords points="2541,1606 3092,1573 3246,1616 3455,1571 3874,1608 4074,1577 4074,1496 2541,1513"/>
                <Baseline points="2553,1564 2556,1561 2601,1564 2646,1561 2690,1561 2735,1561 2780,1561 2825,1561 2870,1561 2914,1561 2959,1561 3004,1561 3049,1561 3094,1561 3138,1561 3183,1561 3228,1561 3273,1561 3318,1561 3362,1561 3407,1558 3452,1561 3497,1561 3542,1558 3586,1561 3631,1561 3676,1561 3721,1561 3766,1558 3810,1558 3855,1558 3900,1558 3945,1561 3990,1558 4034,1556 4079,1550"/>
                <TextEquiv>
                    <Unicode>schwierigkeiten zu erwarten sind, wäre es na-</Unicode>
                </TextEquiv>
            </TextLine>
            <TextLine id="tr_1_tl_6" custom="readingOrder {index:5;}">
                <Coords points="2545,1681 4024,1685 4024,1630 3914,1600 3096,1620 2665,1577 2545,1608"/>
                <Baseline points="2556,1663 2595,1663 2640,1663 2684,1663 2729,1663 2774,1663 2819,1663 2864,1663 2908,1663 2953,1663 2998,1663 3043,1666 3088,1666 3132,1663 3177,1663 3222,1663 3267,1663 3312,1663 3356,1663 3401,1663 3446,1663 3491,1663 3536,1663 3580,1663 3625,1663 3670,1663 3715,1663 3760,1660 3804,1660 3849,1660 3894,1660 3939,1660 3984,1660 4028,1660"/>
                <TextEquiv>
                    <Unicode>türlich um willkommensten, wenn nun endlich</Unicode>
                </TextEquiv>
            </TextLine>
            <TextLine id="tr_1_tl_7" custom="readingOrder {index:6;}">
                <Coords points="2533,1814 2906,1772 4145,1776 4145,1701 3937,1725 3785,1667 3633,1713 2533,1707"/>
                <Baseline points="2544,1768 2589,1768 2634,1768 2678,1768 2723,1768 2768,1768 2813,1768 2858,1765 2902,1768 2947,1768 2992,1768 3037,1768 3082,1768 3126,1768 3171,1768 3216,1768 3261,1768 3306,1768 3350,1765 3395,1765 3440,1765 3485,1765 3530,1765 3574,1768 3619,1768 3664,1765 3709,1765 3754,1765 3798,1762 3843,1762 3888,1765 3933,1765 3978,1762 4022,1765 4067,1762 4112,1762 4151,1768"/>
                <TextEquiv>
                    <Unicode>auch dieses Buch in Ihren Verlag überginge und</Unicode>
                </TextEquiv>
            </TextLine>
            <TextLine id="tr_1_tl_8" custom="readingOrder {index:7;}">
                <Coords points="2545,1885 3769,1901 4012,1879 4012,1774 3833,1818 3718,1780 2545,1812"/>
                <Baseline points="2556,1866 2601,1869 2646,1869 2690,1869 2735,1869 2780,1866 2825,1866 2870,1866 2914,1866 2959,1869 3004,1869 3049,1869 3094,1869 3138,1869 3183,1869 3228,1869 3273,1869 3318,1869 3362,1869 3407,1869 3452,1866 3497,1866 3542,1869 3586,1866 3631,1866 3676,1863 3721,1863 3766,1860 3810,1863 3855,1863 3900,1863 3945,1866 3990,1866 4016,1866"/>
                <TextEquiv>
                    <Unicode>ich bitte Sie sich zu äussern, wie sie sich</Unicode>
                </TextEquiv>
            </TextLine>
            <TextLine id="tr_1_tl_9" custom="readingOrder {index:8;}">
                <Coords points="2541,1997 2831,1972 2993,2011 3125,1968 3323,2013 3714,1966 4072,2007 4101,1887 3252,1877 3100,1918 2865,1865 2543,1916"/>
                <Baseline points="2553,1977 2583,1974 2628,1974 2672,1971 2717,1974 2762,1974 2807,1974 2852,1971 2896,1971 2941,1971 2986,1968 3031,1971 3076,1971 3120,1968 3165,1968 3210,1971 3255,1971 3300,1971 3344,1971 3389,1968 3434,1971 3479,1971 3524,1971 3568,1971 3613,1971 3658,1968 3703,1968 3748,1968 3792,1965 3837,1965 3882,1968 3927,1965 3972,1965 4016,1965 4061,1965 4106,1959"/>
                <TextEquiv>
                    <Unicode>prinzipiell dazu verhalten. Mit der Fesistel-</Unicode>
                </TextEquiv>
            </TextLine>
            <TextLine id="tr_1_tl_10" custom="readingOrder {index:9;}">
                <Coords points="2533,2096 3588,2070 4040,2116 4042,1991 3789,2021 3479,1972 3246,2041 3052,1993 2535,2009"/>
                <Baseline points="2544,2072 2568,2075 2613,2075 2658,2072 2702,2075 2747,2075 2792,2075 2837,2075 2882,2072 2926,2072 2971,2072 3016,2072 3061,2072 3106,2072 3150,2072 3195,2072 3240,2072 3285,2072 3330,2072 3374,2072 3419,2069 3464,2072 3509,2072 3554,2069 3598,2069 3643,2072 3688,2069 3733,2072 3778,2072 3822,2069 3867,2069 3912,2069 3957,2066 4002,2063 4046,2060"/>
                <TextEquiv>
                    <Unicode>lungsklage, die wohl auch Sie für geboten er</Unicode>
                </TextEquiv>
            </TextLine>
            <TextLine id="tr_1_tl_11" custom="readingOrder {index:10;}">
                <Coords points="2527,2183 3256,2179 3351,2213 3669,2177 3740,2209 3967,2187 3969,2104 3327,2132 3056,2074 2529,2098"/>
                <Baseline points="2538,2174 2583,2174 2628,2177 2672,2174 2717,2174 2762,2177 2807,2174 2852,2174 2896,2174 2941,2174 2986,2174 3031,2171 3076,2174 3120,2174 3165,2174 3210,2174 3255,2174 3300,2174 3344,2174 3389,2171 3434,2171 3479,2174 3524,2174 3568,2174 3613,2171 3658,2171 3703,2174 3748,2174 3792,2171 3837,2171 3882,2171 3927,2168 3972,2165"/>
                <TextEquiv>
                    <Unicode>achten, bitte ich Sie (natürlich auf meine</Unicode>
                </TextEquiv>
            </TextLine>
            <TextLine id="tr_1_tl_12" custom="readingOrder {index:11;}">
                <Coords points="2511,2325 3151,2274 3232,2323 3651,2278 4038,2315 4038,2223 3870,2177 3586,2228 3200,2183 2920,2234 2511,2181"/>
                <Baseline points="2523,2263 2568,2269 2613,2269 2658,2266 2702,2269 2747,2272 2792,2272 2837,2272 2882,2272 2926,2272 2971,2272 3016,2275 3061,2272 3106,2272 3150,2272 3195,2272 3240,2272 3285,2275 3330,2275 3374,2275 3419,2275 3464,2275 3509,2272 3554,2272 3598,2272 3643,2275 3688,2272 3733,2275 3778,2275 3822,2272 3867,2272 3912,2272 3957,2272 4002,2272 4040,2272"/>
                <TextEquiv>
                    <Unicode>Kosten) Ihren Adv katen zu betrauen und es</Unicode>
                </TextEquiv>
            </TextLine>
            <TextLine id="tr_1_tl_13" custom="readingOrder {index:12;}">
                <Coords points="2533,2420 2920,2381 4028,2414 4070,2402 4070,2323 3803,2286 3675,2327 3576,2286 2533,2333"/>
                <Baseline points="2544,2374 2550,2374 2595,2377 2640,2377 2684,2377 2729,2377 2774,2377 2819,2377 2864,2377 2908,2377 2953,2374 2998,2377 3043,2377 3088,2374 3132,2374 3177,2374 3222,2374 3267,2374 3312,2374 3356,2374 3401,2374 3446,2374 3491,2374 3536,2377 3580,2377 3625,2374 3670,2374 3715,2374 3760,2374 3804,2374 3849,2374 3894,2377 3939,2377 3984,2374 4028,2371 4073,2368"/>
                <TextEquiv>
                    <Unicode>wäre in meinem, vielleicht auch in Ihrem In-</Unicode>
                </TextEquiv>
            </TextLine>
            <TextLine id="tr_1_tl_14" custom="readingOrder {index:13;}">
                <Coords points="2539,2487 3382,2515 3649,2477 3797,2521 3999,2485 3999,2440 3888,2408 2539,2410"/>
                <Baseline points="2550,2475 2595,2475 2640,2478 2684,2478 2729,2478 2774,2478 2819,2478 2864,2478 2908,2478 2953,2478 2998,2478 3043,2478 3088,2478 3132,2478 3177,2475 3222,2475 3267,2478 3312,2475 3356,2478 3401,2478 3446,2478 3491,2478 3536,2478 3580,2478 3625,2478 3670,2475 3715,2475 3760,2475 3804,2475 3849,2478 3894,2475 3939,2475 3984,2475 4005,2475"/>
                <TextEquiv>
                    <Unicode>teresse,falls Sie den Verlag zu übernehmen</Unicode>
                </TextEquiv>
            </TextLine>
            <TextLine id="tr_1_tl_15" custom="readingOrder {index:14;}">
                <Coords points="2539,2616 3965,2590 3965,2509 3754,2487 3272,2527 3082,2497 3029,2531 2539,2503"/>
                <Baseline points="2550,2586 2580,2583 2625,2583 2670,2583 2714,2583 2759,2583 2804,2583 2849,2580 2894,2580 2938,2580 2983,2580 3028,2577 3073,2577 3117,2577 3162,2577 3207,2577 3252,2577 3297,2580 3341,2580 3386,2577 3431,2577 3476,2580 3521,2580 3565,2580 3610,2580 3655,2577 3700,2577 3745,2577 3789,2577 3834,2580 3879,2580 3924,2580 3969,2577"/>
                <TextEquiv>
                    <Unicode>gedenken, wenn die Angelegenheit tunlichst</Unicode>
                </TextEquiv>
            </TextLine>
            <TextLine id="tr_1_tl_16" custom="readingOrder {index:15;}">
                <Coords points="2529,2714 3582,2683 3714,2732 4012,2724 4012,2576 2963,2645 2529,2612"/>
                <Baseline points="2541,2678 2586,2681 2631,2681 2675,2684 2720,2684 2765,2681 2810,2681 2855,2681 2899,2684 2944,2681 2989,2681 3034,2681 3079,2681 3123,2681 3168,2681 3213,2681 3258,2681 3303,2681 3347,2681 3392,2681 3437,2681 3482,2681 3527,2681 3571,2678 3616,2681 3661,2681 3706,2678 3751,2681 3795,2678 3840,2681 3885,2681 3930,2681 3975,2681 4016,2678"/>
                <TextEquiv>
                    <Unicode>beschleunigt würde. Was die zwei im Besitz</Unicode>
                </TextEquiv>
            </TextLine>
            <TextLine id="tr_1_tl_17" custom="readingOrder {index:16;}">
                <Coords points="2535,2797 4155,2811 4155,2718 3783,2738 3582,2681 2535,2720"/>
                <Baseline points="2547,2783 2592,2783 2637,2783 2681,2786 2726,2786 2771,2786 2816,2783 2861,2786 2905,2783 2950,2783 2995,2783 3040,2783 3085,2783 3129,2780 3174,2780 3219,2780 3264,2783 3309,2780 3353,2783 3398,2780 3443,2780 3488,2783 3533,2780 3577,2780 3622,2783 3667,2783 3712,2780 3757,2783 3801,2783 3846,2783 3891,2783 3936,2783 3981,2783 4025,2786 4070,2789 4115,2792 4160,2789"/>
                <TextEquiv>
                    <Unicode>von Herrn Harz befindlichen Auflagen anbelangt,</Unicode>
                </TextEquiv>
            </TextLine>
            <TextLine id="tr_1_tl_18" custom="readingOrder {index:17;}">
                <Coords points="2523,2898 3862,2912 3969,2896 3969,2807 3894,2792 3809,2851 3493,2797 3404,2839 3191,2801 2967,2849 2523,2825"/>
                <Baseline points="2535,2885 2538,2888 2583,2888 2628,2888 2672,2888 2717,2885 2762,2885 2807,2885 2852,2885 2896,2885 2941,2888 2986,2885 3031,2888 3076,2885 3120,2888 3165,2885 3210,2885 3255,2885 3300,2882 3344,2882 3389,2882 3434,2882 3479,2882 3524,2882 3568,2882 3613,2885 3658,2885 3703,2885 3748,2885 3792,2885 3837,2885 3882,2885 3927,2885 3972,2882"/>
                <TextEquiv>
                    <Unicode>so wäre ich natürlich bereit im Falle sie</Unicode>
                </TextEquiv>
            </TextLine>
            <TextLine id="tr_1_tl_19" custom="readingOrder {index:18;}">
                <Coords points="2527,3011 4020,3019 4095,2995 4095,2859 3647,2914 2527,2902"/>
                <Baseline points="2538,2989 2577,2992 2622,2992 2667,2989 2711,2989 2756,2989 2801,2989 2846,2989 2891,2992 2935,2989 2980,2992 3025,2989 3070,2989 3115,2986 3159,2986 3204,2986 3249,2986 3294,2986 3339,2986 3383,2986 3428,2986 3473,2986 3518,2986 3562,2986 3607,2989 3652,2989 3697,2986 3742,2986 3786,2989 3831,2989 3876,2989 3921,2986 3966,2986 4010,2986 4055,2986 4100,2983"/>
                <TextEquiv>
                    <Unicode>noch nicht gedruckt sein sollten, das Honorar</Unicode>
                </TextEquiv>
            </TextLine>
            <TextLine id="tr_1_tl_20" custom="readingOrder {index:19;}">
                <Coords points="2527,3098 3327,3143 3607,3090 4105,3121 4088,3035 3779,3001 3244,3044 2884,2993 2527,3050"/>
                <Baseline points="2538,3097 2541,3094 2586,3094 2631,3094 2675,3094 2720,3094 2765,3094 2810,3094 2855,3094 2899,3094 2944,3091 2989,3094 3034,3091 3079,3091 3123,3091 3168,3091 3213,3091 3258,3091 3303,3091 3347,3091 3392,3088 3437,3088 3482,3091 3527,3088 3571,3088 3616,3088 3661,3088 3706,3088 3751,3088 3795,3088 3840,3088 3885,3088 3930,3088 3975,3091 4019,3091 4064,3088 4109,3091"/>
                <TextEquiv>
                    <Unicode>an Herrn Harz zurückzuzahlen;falls die Bücher</Unicode>
                </TextEquiv>
            </TextLine>
            <TextLine id="tr_1_tl_21" custom="readingOrder {index:20;}">
                <Coords points="2523,3220 4026,3244 4052,3121 2523,3151"/>
                <Baseline points="2535,3198 2580,3198 2625,3198 2670,3198 2714,3198 2759,3198 2804,3198 2849,3195 2894,3195 2938,3198 2983,3195 3028,3195 3073,3198 3117,3195 3162,3195 3207,3195 3252,3195 3297,3195 3341,3195 3386,3195 3431,3192 3476,3192 3521,3192 3565,3195 3610,3192 3655,3195 3700,3195 3745,3195 3789,3195 3834,3195 3879,3195 3924,3195 3969,3198 4013,3195 4058,3198"/>
                <TextEquiv>
                    <Unicode>schon vorhanden wären, könnten Sie wohl von</Unicode>
                </TextEquiv>
            </TextLine>
        </TextRegion>
    </Page>
</PcGts>
