4424 4007
383 1085 1955 1238 worden sein sollte, es vorläufig nicht an mich
379 1230 874 1351 auszubezahlen.
1240 1226 1433 1335 neuen
626 1326 1976 1437 Das Honorar für die Auflagen des „Bern-
392 1404 1858 1517 hardi" bitte ich an mein Konto in der Deut-
392 1492 1936 1609 schen Bank in Berlin zu bezahlen. Das Volks-
388 1603 1875 1710 theater hat mit dem Stück' hier einen seiner
379 1712 1655 1846 grössten Prfolge seit Jahren gehabt.
656 1800 1913 1944 Den poman von Heinrich Mann habe ich
1182 1871 1475 1946 ouvretrement les
388 1917 1898 2007 natürlich schon gelesen. Ich bin nicht Ihrer
383 2001 1980 2126 Ansicht, dass der grosse Erfolg des Buches nur
392 2126 1879 2231 durch die inzwischen eingetretenen Umstände
392 2204 2007 2334 gerochtfertigt sei. Es ist mir in seinem inner-
383 2296 1980 2407 sten Wesen keineswegs durchaus sympathisch; als
385 2422 1929 2527 künstlerische Leistung finde ich es aber aus¬
388 2522 2003 2617 seror entlich, während mir die „Armen“ nur wenig
392 2596 1950 2734 zugesagt hatten. Die Betrachtungen von Thomas
1314 2680 1433 2730 G.C.F.P.P
394 2730 1844 2845 Mann dürften, wenn ich Ihre Bemerkung recht
398 2828 1953 2967 verstehe, in Deutschland jetzt viel Widerstand
398 2933 2013 3031 und Widerspruch finten. Ich habe das Buch heuer
392 3008 1837 3143 im Sommer mit dem allergrössten Interesse
377 3119 1938 3268 oft mit innerster Bewegung gelesen.Der Zufall
2443 1060 3918 1203 machte es, dass ich gerade zu gleicher Zeit
2445 1173 3941 1280 (es war in Partenkirchen) mit Heinrich Mann
2443 1265 4037 1408 manche politische Diskussion führte, und es mir
2445 1385 3972 1502 zuweilen passierte irgend eine Bemerkung, die
2436 1487 4089 1607 ich gesprächsweise Heinrich gegenüber hatte fal¬
2443 1578 4075 1714 len lassen, ein paar Stunden nachher fast wört -
2439 1674 3987 1795 lich in einem Aufsatz von Thomas wiederzufin-
2443 1804 3995 1898 den. Manches von der Problematik Deutschlands
2518 1862 2918 1929 Dusbesonden
2439 1890 3937 2013 und dieser Epoche Deutschlands wurde mir in
2443 1990 4075 2095 diesem halb unbewusst geführten nialog zwischen
2506 2068 2638 2141 de
2436 2087 4043 2235 diesen beiden Brüdern offenbar, die als Dichter
2439 2202 4123 2325 das Wesen der Geschichte zu tief empfinden, um je
2428 2302 4029 2436 auch dort,wo sie es gerne wollten,wirklich Po¬
2436 2388 3369 2529 litiker zu sein. Zu küsse
2791 2480 3589 2627 Mit herzliche Grüssen
3069 2604 3218 2721 Ihr
