4419 3994
208 1071 1802 1209 theater und „Weites Land" mit Bassermann am 1
201 1176 1501 1321 Lessingtheater wäre wohl noch besser.
469 1225 1813 1386 Möchten sie mir zwei oder drei Nummern
210 1370 1767 1519 der Weltliteratur mit meinen Sachen gelegent-
219 1484 1657 1608 lich zusenden lassen? Saltens „Kinder der
217 1575 1680 1697 Freude“ sind bisher nicht an mich gelangt.
201 1678 1008 1825 Darf ich darum bitten?
450 1778 1820 1900 Die Korrektur des „Graesler“ geht heute
222 1879 1715 2030 an Spamer ab. Umschlag, umbrochene Korrektur
229 1970 1795 2112 bekomme ich wohl vor endgiltiger Ausgabe noch
224 2100 807 2236 zu sehen. Preis?
593 2196 1274 2406 Herzlichst grüssend
912 2371 1039 2471 Ihr
3127 779 3750 957 Wias 2. t. 191.
2114 786 2537 969 Fischer
2149 1211 3886 1403 Dein Brikareiter Hältmatthecke bitte zu schreiben, daß
2163 1321 3925 1484 Ich aus seiner solle wieder besonf weiteres die Grosse
2161 1440 3988 1585 Treasr no ht als Erockler for out on ffe toen lassen kann.
2154 1540 3851 1683 Fælls évouelera eux autres été en mère aller avollet
2168 1601 3914 1774 so rückte ich auf die üblen Sout einer in dem
2156 1701 3867 1834 Titl dass das Prokusten Nationaltheater auch
2182 1792 3886 1942 sonst keine sämtigieren zahlen sollte. Die weise
2198 1900 3981 2033 mit eine Auffitung zu einen Kuepfürsorge
3886 2002 3974 2072 V.A.V.
2196 1981 3949 2163 poech hardell. Aber auch in diesem Fall wollen
2201 2107 3900 2247 see freindl not eine Abwescheinung erbitten, was
2198 2196 3846 2315 nur künftigung bei allen diesen zuvorge und
3676 2287 3806 2343 yorreur M
2462 2292 2616 2348 G.C.H.H
2189 2327 3897 2418 wohlttch heimstellungen thue anden, is in
2201 2380 4070 2511 dort wenigstens une nupfahre theischt, bekamen¬
2217 2492 3923 2632 me kost ick in hanfe der Sakee diese freiuillige
2201 2574 3253 2709 An Circustence beleiftn mag i
2233 2707 4089 2824 Ist alle Vuhig Burhard. Schillerthorle 10% - 1000%
2219 2793 2955 2899 perfeit geworden.
2240 2803 4114 3001 Daaf ich nie immertige Ubersendung der Groester
2224 2929 3750 3053 Adissentable (in l'Exempléien) un terre
