4413 3991
342 1113 1393 1244 Volkstheater senden zu wollen.
655 1224 1473 1324 Mit verbindlichem Gruss
861 1320 1506 1477 Ihr sehr ergebener
2341 810 2810 1056 Töscher
3612 870 4025 1056 13.11.1917.
2893 1175 3405 1318 Lieber Freund.
2726 1351 4029 1512 So nahe mir von vornherein die Vermu-
2470 1492 4035 1594 tung lag, dass Sie meinen Vorschlag auf Hono¬
2490 1592 4097 1702 rarzahlung für einen vorabdruck meiner Hovelle
2492 1670 4070 1821 nach wriedensschluss nicht annehmen würden, so
2498 1815 3964 1919 wenig werden Sie sich wundern, dass ich Ihr
2496 1893 3990 2011 freundliches Anerbieten mir das Honorar für
2492 2003 4060 2118 den Vorabdruck einer anderen Hovelle,die erst
2492 2104 4068 2218 im Frieden erscheinen sollte, schon jetzt vor-
2498 2204 4146 2312 schussweise zu überweisen,zu akzeptieren keinen
2492 2288 4109 2429 Anlass habe. Somit haben wir einander zur Genü-
2498 2415 3976 2503 ge bewiesen, dass es keinem von uns auf die
2505 2519 3968 2640 fünftausend Mark ankommt, sondern jedom nur
2496 2617 3970 2748 auf die Wahrung seines Prinzips und da Sie
2494 2701 4035 2838 das Ihrige weiterhin ebenso für richtig hal¬
2498 2832 4002 2924 ten werden wie ich das meine, so sind unsere
2503 2924 4111 3026 Verhandlungen auf einem totan Punkt angelangt,
2501 3014 4113 3157 den wir nun - was allerdings ein geometrisches
