4425 3992
3516 94 3602 213 G.C.
3085 478 3341 605 1
2512 1047 4082 1178 gen Ihre Absicht selbstverständlich - im Ein-
380 1110 1993 1246 sen können. Ich respektiere selbstverständlich
2506 1131 4054 1273 zelfall manchmal Gefahr liefe eine summa in-
388 1234 1946 1367 die Gründe Ihres Verhaltens, auch wenn sie mir
2516 1238 4019 1361 juria zu werden. Doch es liegt mir fern, mich
396 1351 1402 1463 nicht vollkommen einleuchten.
2500 1330 4105 1463 in die internen Angelegenheiten Ihres Verlages
591 1418 1890 1580 Erfreulich ist mir in Ihrem Briefe je-
2500 1431 4119 1556 hineinzumischen; Sie werden mit Ihrer Einsicht
402 1550 1954 1681 desfalls die ausdrückliche Erklärung,dass die
2500 1546 4006 1652 und Erfahrung diese Schwierigkeiten, so weit
402 1646 1966 1804 österreichischen Autoren Ihres Verlages gegen
2498 1640 4099 1751 es überhaupt möglich ist, zu übereinden wissen.
400 1743 1907 1864 die deutschen nicht zurückstehen sollen und
2490 1745 4009 1858 Ich nehme nur das Recht in Anspruch von der
400 1868 1862 2007 dass, auch wenn sich Ihnen Papierquellen in
2494 1853 4066 1981 Sache zu reden, so weit sie mich betrifft. Das
411 1962 1870 2087 Oesterreich nicht erschliessen sollten,Sie
2492 1946 4095 2073 aber tut sie, da ich doch unter Ihren österrei-
402 2050 2016 2202 deutsche und österreichische Autoren in demsel
2492 2052 4060 2153 chischen Autoren alles in allem der meistige-
404 2143 1890 2295 ben perzentualen Verhältnis drucken werden.
2486 2147 3748 2307 lesenste sein dürfte,in hohem Masse.
400 2254 1913 2379 Freilich drängt sich die Frage auf, wie eine
2697 2252 4060 2414 Eine Anzahl meiner Bücher, darunter mei-
408 2358 1972 2486 solche Perzentualität in praxi mit arithmeti-
2490 2381 3894 2473 ne gesammelten Werke, sind vergriffen. Sie
411 2471 1985 2586 scher Genauigkeit durchzuführen wäre, ja ob es
2492 2451 4060 2598 schrieben mir neulich, dass Sie alle gesammel-
413 2578 2020 2705 überhaupt bei der Kompliziertheit der Verhält-
2498 2572 4144 2705 ten Werke Ihres Verlags, die vom gleichen Schick¬
413 2648 1927 2812 nisse (alte Autoren.neue Autoren,neue Werke
2484 2656 4056 2767 sal betroffen sind unter den heutigen Umstän-
417 2767 1876 2910 neue Auflagen alter Werke, voraussichtliche
2488 2765 4027 2886 den vorläufig nicht neu druoken können, teil-
66 2845 148 2962 G.C.P.
1921 2754 2321 2927 1
419 2843 1989 3023 Erfolgschancen dieses oder jenes Buches etc.)
2492 2849 4070 3017 ten mir aber zugleich mit, dass Gerhart Haupt-
423 2945 1921 3126 einen allgemein gültigen Schlüssel für eine
2484 2962 4072 3110 mann sich von der Kriegswirtschaftsstelle ein
421 3064 1860 3198 solche perzentuale Verteilung gäbe und ob
2477 3062 3998 3251 Extraquantum (jetzt wohl auch schon
745 3163 1063 3231 augestrebte
423 3163 1987 3305 nicht das beoboiehtigte summum jus - sehr ge-
