4443 3993
303 951 1948 1115 habe ich zwar - wie Sie ja auch in Ihrem Briefe
305 1090 1970 1215 andenten - keinerlei Verpflichtungen, ganz beson¬
311 1156 1975 1300 ders was meine älteren stücke anbehangt, immerhin
320 1264 1923 1433 gehörte gerade der „E.W." mit einer Anzahl an¬
324 1356 1960 1532 derim meiner Drauen zu denjenigen,deren Auffüh-
330 1462 1840 1653 rung er mir noch zu Beginn dieser Saison in
332 1568 1867 1727 Aussicht stellte,ja sogar telegraphisch vor-
338 1690 1983 1840 schlug und so halte ich es auch aus praktischen
334 1790 1912 1935 Gründen für angemseen ihn zu fragen,ob er in
341 1908 1921 2043 absehbarer Zeit eine Aufführung des „E.W.“ am
349 1983 1879 2147 Lessingtheater plane. (Womit ich nicht einmal
345 2120 1912 2244 sagen will, dass es mir ohne Bassermann beson-
353 2184 1952 2352 ders wünschenswett erschiene). Die Anfrage des
353 2271 1958 2440 Residenzdirektors bitte also aufschiend zu be-
355 2406 1833 2552 antworten,aber gleich zu bemerken, dass auf
359 2477 2002 2645 eine Garantie unter keiner Bedingung verzichtet
590 2608 1983 2801 Besten Dank für Ihre gefällige Auskunft
363 2637 544 2761 wird.
367 2745 1981 2882 über Herrn Anton Karl Martin, in seinem eigenen
367 2863 2018 2990 Schreiben an mich hat sich Herr Martin eigent-
370 2934 2041 3096 lich genau so präsentiert (nur ohne es zu bemer¬
367 3025 1989 3226 ken) wie ihn Herr Fleischer aus Leipzig schil¬
2477 1009 4099 1127 dert. Der Hirth'sche Verlag bittet mich um die
2479 1117 4034 1227 Erlaubnis meine Humorske „Exzentrik“, die ich
2477 1213 4028 1335 mit guten Gründen in den Ges.W. nicht aufge-
2479 1316 4026 1474 nommen habe, in einem Novellenbuch, das lauter
2479 1449 4055 1532 früher in der Jugend veröffentlichte Arbeiten
2477 1551 3961 1624 enthalten soll, aufnehmen zu dürfen und ich
2471 1634 3934 1754 möchte Sie gern um Rat bitten, was für ein
2471 1738 3955 1844 Honorar man in einem solchen Falle fordern
2469 1833 2670 1981 kann.
2739 1925 3945 2053 Wollen Sie mir freundlichst wieder
2473 2033 3986 2163 zwei oder drei Exemplare vom.Weg ins Freie
2471 2159 4082 2267 geb. zusch icken lassen. Die Bücherkarten lege
2471 2238 4126 2377 ich bei. Einige von den bezeichneten sind schon
2357 2363 3046 2469 an mich gelangt.
3015 2427 3708 2587 Herzlichst grüssend
