4416 4088
517 1001 2036 1148 ob diese jetzt 10,12 oder 15% beträgt,erinne-
538 1070 1933 1190 e ich mich recht, so war die Erhöhung der
521 1125 1927 1265 Provision nur auf eine bestimmte Frist er
534 1185 1897 1303 streckt). Falls Herr Wotiozky die ganzen
530 1221 1965 1355 500 Dollar an mein Konto einzahlen sollte,
524 1280 1954 1403 so werde ich mir erlauben die auf Sie ent-
524 1322 2023 1456 fallende Provision in der Originalvaluta an
538 1376 2076 1502 Ihr Konto in der Deutschen Bank zu überweisen
534 1418 1981 1560 Nochmals möchte ich betonen, dass nicht nur
528 1462 2061 1609 Bloch, dass a uch Karczag und Eirich ganz auto¬
542 1521 2044 1667 matisch ihre Provisionen von den Valuten ab-
545 1552 2057 1709 ziehen, so dass keinerloi Verrechnung für den
545 1623 2029 1763 Autor erfolgt. So wenig wie für andere Ver¬
530 1682 2042 1814 lage kann dieser einfache und natürliche Mo¬
549 1728 2061 1864 dus irgendwelche Buchungsschwierigke iten für
553 1824 1280 1939 Sie im Gefolge haben.
796 1868 2023 2011 3. In Zonot bei Danzig haben im Som-
938 1933 1923 2038 4-Aufführungen stattgefunden.
565 1946 2059 2109 Ich g & um nicht, dass das mit Ihrer Bewilli¬
559 1983 945 2075 mer.Reigen
574 2038 2048 2170 gung geschehen ist. Auch von anderen unbe¬
570 2076 2075 2218 rechtigten Reigen-Aufführungen höre ich, ohne
578 2119 2094 2260 dass mir genauere Daten zur Verfügung stehen.
582 2174 2065 2312 Ich bitte noch wie vor auf solche Aufführun-
580 2251 1990 2379 gen resp. Vorlesungen Acht zu laben resp.
574 2323 1544 2423 gerichtlich einzuschreiten.
854 2375 2057 2494 4. Wenn Herr Baugio Sie frägt,warum
588 2419 2111 2566 wir die Angelegenheiten „Anatol“ und „Reigen“
595 2497 1981 2616 verquicken, so wäre ihm vielleicht zu ant¬
591 2534 1986 2658 worten, dass von einer solchen Verquickung
591 2570 2040 2723 hier nicht die Rede sein kann. Man hat mit
597 2616 2080 2765 ihm über den Anatol verhandelt, er hat sich
599 2685 2008 2815 zur Leistung dieser Bedingungen bereit er
599 2739 2002 2876 klärt und hat sie nicht erfüllt. Es liegt
601 2765 2105 2917 daher kein Anlass vor mit ihm über ein ande¬
601 2819 2117 2978 res Werk, sei es nun der „Reigen oder sonst¬
603 2888 2115 3029 was. Die Dinge entwickeln sich ja in Italien
609 2938 2120 3083 scheint mir noch langsamer als anderswo. Auch
614 2991 2136 3131 von Frau Vivanti habe ich nichts gehört. Dass
607 3045 2088 3183 wir über Theateraufführungen in jedem Falle
607 3100 2071 3251 durch Vermittlung der Societa abschliessen
3904 802 4206 947 24
2534 1007 3590 1148 würden ist selbstverständlich.
2785 1104 4185 1229 5.Die relativ behe Garantiesume für den
3630 1173 4205 1259 ien bezieht sich
3399 1194 3583 1280 in It
3005 1208 3301 1292 Pierett
2591 1194 2926 1311 „Schleier
2591 1234 4105 1359 gul das Aufführungsrecht für Italien und die
2576 1324 2896 1412 Kolonien.
2888 1372 4178 1470 Herzlichst grüssend,mit den wärmsten
2574 1431 4038 1560 Neudemrswünschen für Sie und Herrn Greiner
3169 1506 3265 1583 Ihr
2614 3014 3437 3129 Herrn S.Fischer Verlag.
