4437 4040
439 1070 1987 1218 bare Steigerung der Einnahmen handelt, genau
461 1161 1989 1323 so wie bei, Ihnen, lieber Freund, der natürlich
463 1270 2023 1428 auch ziffernnässig viel grossere Umsätze er-
461 1359 1960 1519 zielt und erzielen muss als in den früheren
469 1477 2005 1624 Jahren; und ich sage sogar zu vermuten, dass
469 1598 2041 1730 gerade Autoren wie ich an diesem Plus einiger-
467 1705 2029 1843 massen beteiligt sind. Dass sie bei so und so
475 1768 2041 1932 viel anderen Büchern draufzahlen verhehle ich
467 1869 2059 2047 mir keineswegs, aber ich bin überzeugt, dass bei
457 1993 1960 2153 einigen die ser Neuerscheinungen, (wobei ich
481 2082 1987 2239 nicht gerede den „Pastor Ephraim Magnus“ im
484 2185 2023 2361 Auge habe) der Entdeckerstolz und Velegerruhm
471 2282 1995 2462 reichlich für einen eventuele n materiellen
471 2399 1469 2555 Entgang entschädigen dürfte.
734 2460 2033 2642 Nehmen Sie mir's also nicht übel, lie-
504 2614 2076 2739 ber Freund, wenn ich gelegentlich immer wieder,
502 2721 662 2794 auch
502 2701 2065 2873 ohne gerade -durch einen Wunderlich beunruhigt
500 2792 1950 2954 zu sein, mich und daher auch Sie zu fragen
502 2901 2033 3083 mir erlaube, ob nicht doch zur Beschleunigung
494 3010 1993 3182 der Neuausgaben meiner meist verlangten Bü-
510 3109 1983 3277 cher, insbesondere der Gesammelten Werke, in
3975 803 4210 959 of 20
2466 1042 3945 1226 unser beider Interesse ein klein wenig mehr
2472 1169 3720 1337 geschehen könnte, als eben geschieht.
2709 1250 3951 1422 Mit wirklichem Bedauern lese ich in
2496 1376 3979 1527 Ihrem Brief, dass das „Wiener Abenteuer“ Sie
2490 1461 4048 1655 etwa 40.000 Mark gekostet habe. Aber noch mehr
2492 1572 4066 1774 bedauere ich, dass sie es vorzeitig abgebrochen
2494 1645 4080 1869 haben. Ich zweifle nicht, dass Sie alles wieder
2496 1760 4062 1970 hereingebracht und mit der Zeit ein gutes Ge-
2502 1918 3273 2057 schäft gemacht hätten.
2776 1952 4074 2140 Zu Ihrer nachschriftlichen Mitteilung
2517 2076 4000 2258 dass Sie für die im Betrag von 123.000 Kro-
2533 2136 4099 2353 nen in Oesterreich angefertigten Bücher einen
2531 2266 4024 2450 Valutaausgleich von 123.000 Mark an Oester-
2529 2361 4000 2559 reich xxxzuzahlen hätten (was mir in dieser
2541 2494 4074 2650 Fassung ebenso wie Ihnen als eine völlig un-
2545 2598 4020 2792 verständliche groteske Forderung erschiene
2553 2699 3999 2861 werde ich von Frl. Pollak dahin aufgeklärt,
2551 2798 4048 2996 dass es sich hier nicht um eine eigentliche
2567 2887 4080 3087 Nachzahlung handeln solle, sondern nur um ei-
2575 3018 4129 3221 nen prlag dieser Summe, für die Sie den Gegen-
