4432 4040
763 978 1865 1072 Auch Thomas Seltzer interessiert
505 1052 1906 1124 sich für eine Gesamtausgabe. Frau Paukne.
531 1110 1904 1178 hat mir gerade diesen Verlag wärmstens er
509 1154 1916 1236 empfohlen. Den vertrag, den er mir eben übe
505 1214 1908 1284 „Casanovas Heimfahrt schon nach Bezahlung
497 1260 1867 1322 des Vorschusses geschickt hat, musste ich
505 1298 1896 1385 ihm nichtunterschrieben zurücksenden, den
505 1359 1898 1427 plötzlihh stand ein Parograph drin,in dem
503 1405 1920 1475 sich die Rechte der Verfilmung und Dramati
499 1461 1920 1517 rung für Amerika gleichfalls vorbehalten w
499 1509 1916 1571 te. So lange wir kein wirkliches nationale
505 1561 1898 1617 Erheberrecht und einen wirklichen interna-
503 1607 1910 1677 tionalen Schhebbergerichtshof haben werden,
497 1663 1892 1723 sehe ich keine Besserung dieser desolaten
499 1711 1916 1773 stände voraus. Dass eine nebersetzung copy
497 1753 1932 1821 righted sein kann und der Verfasser des We
497 1821 1934 1894 in der Originalsprache schutzlos,wie es he
503 1867 1823 1934 tatsächlich der Fall ist, (z.B. mit dem
517 1890 1918 1984 „Reigen ) ist doch wahrhaft ungeheuerlich.
509 1960 1880 2044 Ich sende Ihnen übrigens dieser Tage eine
509 2016 1819 2076 genaue Aufstellung über die Verbreitung
499 2048 1940 2124 meiner Werke in Amerika, Autorisationen etc.
499 2110 1946 2166 und Honorare. Vielleicht senden Sie mir auch
497 2158 1958 2236 Ihre viste, damit wir die nötige Klarheit er
491 2208 769 2300 langen.
731 2294 1952 2368 2. Zu den verhandlungen mit Frau Al-
503 2354 1958 2423 dis in New-York,die aus meiner Novelle „Der
493 2402 1916 2473 Tod des Junggesellen (matürlich ohne mich
497 2443 1964 2527 zu fragen) einen Einakter gemacht hat,ermäc
497 2507 1952 2569 tige ich Sie gerne. Gewiss wird es mich in -
485 2555 1950 2627 teressieren das Manuscript zu lesen. Versu¬
491 2613 1952 2675 chen Sie bitte einen Garantiebetrag und Be-
493 2661 1934 2739 teiligung exantuakka an den Tantièmen avon
485 2717 1607 2799 tueller Aufführungen zu erhalten.
860 2793 1970 2871 Ihren Wunsch in allen Auslandsan-
491 2835 1946 2929 gelegenheiten mindestens drei Monate allein
485 2915 1976 2974 und ohne Störung durch anderweitige Zwischen
487 2964 1914 3022 verhandlungen verfügen zu können, finde ich
481 3018 1964 3102 vollkommen gerechtfertigt und bin gerne ge-
4001 830 4250 950 1415 21
2535 990 4130 1102 neigt Ihnen fallweise eine längere Frist zuzu-
2549 1066 4068 1178 gestehen. Aber wie halten wir das jetzt b.B.
2533 1120 3995 1204 mit der amerikanischen Gesammtausgabe? Ich
2539 1170 4150 1252 möchte die Chance Seltzer doch nicht ohneweiter
2533 1224 4142 1308 aus der Hand geben, andererseits wäre es mir un-
2535 1258 4144 1381 möglich Frau Faukner,die mir diesen Antrag zu-
2523 1318 3715 1431 erst überbracht hat auszuschalten.
2737 1385 3933 1525 4. Da Sie betreffs „Anatol“ in Ital
2525 1443 4130 1551 mit Herrn Raggio so weit gelangt sind, so bleibt
2529 1529 4044 1605 Ihnen die se Angelegenheit selbstverstandlich
2529 1575 4112 1669 auch weiter überlassen. xxx xxxxx Ihnen
2529 1633 4116 1729 In Hinsicht auf „Reigen“ für Ita¬
2517 1667 4074 1757 lien will ich lieber noch zuwarten. Falls Sie
2519 1731 4068 1809 aber etwa schon an Raggio in anderem Sinne ge
2523 1777 4072 1884 schrieben, bitte ich um freunden he verständi-
2523 1827 2691 1912 gung
2751 1910 4020 2018 5. Dass das Deutsche Theater die skand
2517 1966 4030 2066 navis ch en Tantiemen nicht zahlen will,grenzt
2511 2036 4066 2134 ans Unglaibliche. Ich will heute an Holländer
2515 2086 3687 2194 dieser Sache persönlich schreiben.
2741 2158 3929 2278 6. Auf eine Garantiesumme für „Rei
2511 2190 4094 2312 in der Schweiz können wir nicht verzichten. Wen
2499 2280 4088 2378 Herr Direktor Wenzler ein so geringes vertraue
2507 2336 4100 2423 zu dem Stück hat, dass er nicht einmal einen
2511 2384 4076 2481 Vorschuss von 2000 Francs für Zürich, Bern und
2503 2431 4070 2523 Basel, Davos und St. Moriz bezahlen will, so so
2511 2499 4068 2577 er es lieber nicht aufführen. Dass jedenfalls
2509 2553 4088 2641 vorher der „Einsame Weg gespielt werden sollt
2495 2583 3310 2697 ist auch meine Ansicht.
2785 2659 4104 2783 7. Fräulein Herz hat mich dringend ge-
2487 2747 4080 2829 beten dem Verlag Karozag die Gesamtvertretung
2491 2805 4084 2877 nach o.F. Eirich zu überlassen. Vorläufig sten
2491 2859 4076 2927 die Sache so, dass ich von der Witwe O.F.Eirich
2499 2913 4064 2994 weder die dort noch für mich erliegenden Betri¬
2493 2964 3985 3046 noch die Abrechnung erhalten kann. Ich habe
2487 3000 4080 3106 mich übrigens auch bei Karozag noch nicht gebut
