4340 3993
3934 945 4063 1107 20/8
1718 1029 1800 1109 2
2414 1068 3848 1209 wie Sie meinen. Ich weiss, dass die Preise,
2402 1170 3918 1285 die Löhne, dass alle Betriebskosten ins unge
336 1137 1849 1293 Seit Eintreffen Ihres Briefes hatte ich noch
2406 1262 3907 1379 messene steigen und dass der Verlag das auf
338 1277 1815 1393 nicht Gelegenheit mit Herrn vriese nochmals
338 1365 1800 1502 über die Angelegenheit zu sprechen, aber im
2398 1369 3912 1495 irgend eine Weise wieder hereinbringen muss.
2394 1471 3934 1592 Der Verlag aber, ebenso wie jedes Unternehmen,
338 1467 1823 1573 Ganzen scheinen mir die Gegensätze nicht so
2394 1587 3944 1702 ist doch bis zu einem gewissen, ziemlich hohen
335 1579 1849 1720 gross als dass nicht eine Verständigung ganz
2392 1678 3942 1792 grade in der Lage seine Mehrausgaben zu über-
327 1655 1260 1802 leicht möglich sein würde.
532 1784 1804 1892 Nicht ganz richtig erscheint mir Ihre
2389 1790 3926 1905 wälzen, was dem geistigen Arbeiter (ich weiss
331 1880 1778 2001 Auffassung, dass das Lager doppelt so gross
2383 1870 3950 2001 sehr gut, dass auch der Unternehmer ein geisti-
327 1972 1843 2101 sein müsste, wenn Friese sowohl gebundene als
2371 1964 3911 2111 ger Arbeiter ist, aber Sie mis sverstehen mich
327 2087 1837 2207 broschierte Exemplare bekommen sollte. Diese
2392 2074 3821 2195 ja nicht) nur in weit geringerem Masse, in
327 2169 1761 2297 Schwierigkeit wäre ja ohneweiters behoben.
2373 2173 3873 2318 manchen Fällen so gut wie gar nicht möglich
321 2303 1647 2391 wenn von der jetzt üblichen Anzahl von
2371 2277 3868 2430 ist. Dem Autor also, wie in der letzten Zeit
2811 2363 2930 2410 G.C.H.T
2377 2398 3897 2494 vielfach angeregt wurde, in bescheidenem Mas-
321 2373 1855 2502 Exemplaren etwa die Hälfte broschiert und die
319 2504 1782 2610 andere Hälfte gebunden an Friese geliefert
2363 2494 3914 2623 se auch an dem Einbandgewinn partizipieren zu
319 2596 538 2698 würde.
2363 2604 3836 2704 lassen, besonders wenn die weitaus grössere
514 2682 1839 2815 2.) Da Sie selbst, lieber Freund,in die-
2357 2668 3893 2813 Anzahl der Exemplare gebunden in den Handel
309 2784 1827 2919 sem Zusammenhang die Einbandfrage behandeln,
2369 2799 3897 2927 gebracht wird und der Preis des broschierten
1412 2880 1500 2936 Aa
297 2885 1716 3018 so darf es mir wohl auch gestattet sein,
2361 2897 3799 3017 Exemplares beinahe eine Fiktion zu werden
2344 3005 3911 3132 droht; - Eine solche Anregung, eine solchs For-
299 3003 1829 3093 meine Auffassung darzulegen. Ich bin keines-
305 3107 1878 3220 wegs Ihren Schwierigkeiten gegenüber skeptian###
2349 3091 3850 3263 derung erschiene mir keineswegs ganz umbil-
