4420 4040
352 1030 1014 1154 vollkommen weh rlos?
709 1115 1426 1232 Mit herzlichem Gruss
969 1206 1074 1273 Ihr
365 2819 925 2946 Herrn S.Fischer,
528 2907 798 2987 Berlin.
3517 867 3874 994 25.5.1921.
2407 852 2768 1005 uscher
2590 1056 3076 1172 Lieber Freund.
3067 1157 3970 1291 Mit Ihren Vorschlägen, eine
2623 1213 3979 1324 englische Luxusausgabe des „Reigen“ für
2614 1262 4037 1366 England und Amrika beörffend, erkläre ich
2606 1326 3999 1422 mich durchaus einverstahden, und wünschte
2615 1382 4027 1482 nur noch den Termin zu kennen, bis zu wel-
2614 1436 3838 1527 chem sich Herr Manklowies binden wil
2601 1466 4052 1567 h. wann die end giltige Entscheidung in die¬
2610 1538 3366 1649 ser Sache fallen soll.
3054 1616 3506 1723 Aucheine Luxu.
3816 1632 3918 1721 von
2728 1636 4072 1790 tol" wäre mir natürlich sehr willkommen
2610 1736 3990 1850 Es bestehen tatsächlich einige englische
2601 1797 3979 1894 Uebersetzungen des „Anator“,die von mir
2601 1845 4052 1935 autorisierte ist, wie Sie wissen, die Ueber-
2601 1912 4052 1988 setzung von Granville Lärker, die sowohl in
2603 1948 4046 2035 Engaldn als auch in Amerika gespielt wird.
2597 1997 4052 2080 Ich glaube wohl, dass im Fall einer Luxusaus
2601 2046 4043 2131 gabe eine Verständigung mit Granville Bar-
2590 2113 3987 2204 ker erfolgen sollte. Man könnte ja Herrn
2588 2151 3568 2264 Mankiewitz darauf hinweisen.
3034 2220 3972 2338 Beigeschlossen eine Anfrage
2588 2294 3970 2376 aus Holland auf "Paracelsus" und „Grünen
2592 2349 4030 2429 Kakadu bezüglich, die ich Ihnen zur weite-
2586 2400 4043 2505 ren Behandlung übergeben möchte. Nach mei-
2588 2459 4014 2541 nen Aufzeichnungen ist bisher weder „Pa¬
2579 2510 4008 2608 racelsus noch „Grüner Kakadu“ ins Hollän
2577 2552 3939 2641 dische übersetzt. Als Bedingungen würde
2577 2597 3938 2695 ich vorschlagen: „Paracelsus“ Oebersetzun
2574 2626 4003 2735 recht.Buchausgabe 150 Gulden Garantie,10%
2583 2710 4021 2802 vom Ladenpreis, Aufführungsrecht 200 Gulden
2577 2764 3934 2849 Carantie.übliche Aufführungsbedingungen
2574 2829 4027 2886 „Grüner Kakadu Uebersetzungsrecht,Buchaus
2583 2871 4032 2947 gabe 250 Gulden Garantie, 10% vom Ladenpreis
2577 2920 3938 2998 Aufführungsrecht 300 Gulden Garantie und
2585 2964 3637 3056 bübliche Aufführungsbedingungen.
3085 3047 3881 3165 Es müsste wohl auch, wie
