4429 4087
403 975 1997 1092 Doppelte. So kann doch diese an mich geleistete
370 1055 2001 1197 Vorauszahlung doch wieder nur als Akontozahlung
403 1137 652 1228 gelten.
646 1176 1962 1306 Auch bezüglich der Grundzahlen ist mir
405 1258 1982 1345 manches unklar.Dass die Grundzahl für die Ges.
380 1316 1949 1400 Werke nur 12 und 15, für den illustrierten, asa
376 1365 1939 1450 nova“ nur 3.60 und für jedes Einzeldrema 1.50
378 1421 1964 1513 sein soll, scheint mir den Friedenspreisennicht
376 1487 1071 1583 ganz zu entsprechen.
654 1561 1908 1651 Und sind nun die 16% vom Ladenpreis
380 1629 1871 1703 oder vom Verlagfserlöd berechnet. In diesem
374 1672 1943 1764 letzteren Falle wärenes wohl höchstens 8% vom
415 1727 1744 1836 Ladenpreis des broschierten Exemplars?
666 1793 2007 1921 Die österreichische Summe bitte entwe-
382 1890 1777 1955 der in Originalvaluta an mein Konto Wien
389 1908 2015 2017 Bodenkreditanstalt oder wenn dies nicht möglich,
389 1990 1912 2085 in Originalvaluts in de Bank für auswärtigen
380 2052 1012 2143 Handel zu erlegen.
654 2106 2021 2219 Und wie steht es mit den Valutazuschlä¬
415 2178 1888 2287 gen für das Ausland? Besonders im Norden
387 2229 2021 2340 hen meine Bücher recht gut. Sie selbst berechnen
417 2289 1918 2393 den dortigen Buchhändlern die Preise derbe¬
395 2332 2044 2418 treffenden Valuta. Ich wünschte diemirzukommende
391 2402 2009 2474 Perzente na ürlich in gleicher Valuta zu erhal-
397 2437 2034 2546 ten. Wie steht es in diesem Falle mit meiner
428 2498 1335 2603 perzentuellen Beteiligung?
668 2589 1974 2679 Meine Fragen und Bemerkungen hindicht-
389 2655 1943 2725 lich meines selbstverständlichen Wunsches was
382 2704 1970 2794 die Honorierung anbetrifft hinter keinem Ihrer
389 2747 1974 2852 anderen Autoren zurückzustehen,haben Sie nicht
380 2815 917 2912 berücksichtigt.
734 2879 1953 2977 Ein eventuelles neues Stück betref -
428 2953 1990 3035 fond möchte ich schon heute bemerken, dass ich
424 2988 2023 3088 den Druck von Separaten, Bühhonexemplaren nicht
428 3064 2025 3160 notwendig erachte.Sie versenden doch,was ich
448 3105 2025 3189 für ganz richtig halte, Bücher an Bühnendirek-
419 3144 2040 3280 tionen nur auf speziellen Wunsch, das Einfachst
2885 494 3084 631 „ „
3613 808 3734 960 24
2537 1010 4057 1106 st wäre das Werk gleich für den Buchhandel
2570 1090 4110 1152 zu drucken und Exemplare fallweise an die be-
2570 1139 4090 1205 treffenden Direktoren zu schicken. Es kommen
2581 1193 4102 1267 ja bei meinen stücken im Anfang stets nurwe¬
2568 1250 4073 1310 nige Bühnen in Betracht. Ist es erfolgreich,
2570 1273 4119 1359 so sind auch neue Auflagen für den Buchhandel
2574 1339 4158 1413 notwendig, und so kann es an sogenannten Bühnen-
2574 1392 4156 1470 exemplaren niemals fehlen. Dem mittleren, klei-
2581 1443 4082 1511 ne ren Bühnen Exemplare zur Ansicht zu sohi
2568 1497 4084 1575 cken, die sie dann behalten, ohne das Stück je
2576 1559 4024 1631 aufzuführen, scheint mir unter den heutigen
2603 1606 4016 1672 Verhältnissen untunlich. Grösseren Bühnen
2562 1645 4127 1727 müsste man wohl je ein Exemplar auf Verlangen
2562 1713 3572 1807 gratis zur Verfügung stellen.
2846 1770 4078 1871 Für Herrn Greiner lege ich einen Spe-
2570 1869 3740 1953 zial fragen betreffenden Brief bei.
2940 1941 3654 2050 Mit herzlichen Cruss
3191 2011 3309 2083 Ihr
2564 2595 3370 2704 Herrn S.Fischer,Verlag,
2562 2673 2819 2755 Berlin.
