4417 3992
388 1045 1880 1170 einmal nachsehen,wie die auf andere Autoren
388 1135 1882 1245 ausgestellten Verträge des Prager Deutschen
386 1243 1939 1394 Theaters lauten. Es ist eine Prinzipien-keine
394 1364 1894 1490 Geldfrage. Prag ist buolstäblich das einzige
394 1462 1886 1602 Theater der Welt.welches immer wieder diese
402 1543 1990 1660 unerlaubte Herausetzung der Tantiemen versucht-
394 1627 1990 1776 was natürlich unmöglich wäre, wenn die verträge
398 1762 1941 1876 in achtsamerer Weise abgeschlossen worden wa¬
394 1878 557 1990 ren.
708 1911 1921 2045 2. Direktor Steinrück hat mir tele¬
1182 2025 1313 2094 a
406 2027 1900 2164 graphisch m tgeteilt, dass er „Grosse Szens“
1580 2119 1845 2186 A.W.
406 2172 1888 2294 und „Kaka u“ zusammen gegen 10Zige Tantieme
412 2260 1919 2378 von ihnen zu erwerben gedenkt. Aus Ihrer Be¬
408 2356 1896 2476 nachrichtigung ersehe ich nun, dass Sie über
408 2466 1898 2552 den „Grünen Kakadu“ irrtümlicherweise zu 3%
412 2550 1968 2672 abgeschlossen haben. Bitte wollen Sie das da-
414 2648 1945 2797 hin richtig stellen, dass für jeden Abend,an
412 2778 1976 2866 dem ausschliesslich Stücke von mir, sei es nun
414 2843 1982 2986 ein abendfüllendes Crama,2 oder 3 Einakter ge-
418 2956 2005 3086 spielt werden, die üblichen 10% zu zahlen sind.
420 3076 1998 3201 „Grüner Kakadu“ oder „Grosse Szene“ allein zu-
2488 1017 4052 1166 sammen mit Einaktern eines andern Autors zah-
2482 1141 4115 1247 len 5% Es ist ganz natürlich, dass ein sinakter
2482 1247 4123 1392 wie der „Kakadu“ nicht etwa zu behandeln ist wi
2482 1343 3884 1482 wie „Abschiedssouper" oder „Frage an das
2476 1431 4046 1576 Schicksal“ oder „Literatur“,worüber wir übri-
2488 1537 4048 1651 gens schon seinerzeit ausführlich korrespon -
2480 1639 2911 1784 diert haben.
2778 1747 4021 1878 3. Berlin, Wien und Hamburg habe ich
2468 1841 4040 1953 mir, wie Ihnen ja bekannt,bei sammtlichen Stü-
2482 1939 4007 2084 chen, die ich Ihrem Verlag zum Bühnenvertrieb
2476 2064 3974 2162 übergebe, vorbehalten mit der Einschränkung,
2480 2143 4091 2264 dass in denjenigen Fällen, wo ich einen Vertrag
2474 2247 4050 2374 abschluss Ihnen jüberlasse,5% (statt 7) Provi-
2470 2356 4072 2498 sion an Sie zu erstatten habe. Bei Hamburg ha-
2470 2441 4103 2550 ben sie die Einkassierung der für mich fälligen
2470 2545 4046 2703 Tantiemen übernommen, ohne dass eine Provision
2480 2662 3989 2805 von mir gezahlt wurde. Mit Hamburg habe ich
2474 2762 4089 2868 nämlich einen Generalvertrag, nach dem ich ver-
2456 2860 4021 3007 pflichtet bin jedes meiner Stücke zuerst dem
2464 2946 4056 3092 Deutschen Schauspielhaus einzureichen, und das
2470 3054 4052 3221 Deutsche Schauspielhaus mir für jedes abedd -
