4421 4071
328 1103 1949 1242 Es tut mir leid, das s Sie es nun doch wieder getan ha-
315 1219 1934 1384 ben, und nun gar zu Gumsten des Prager Landestheaters,
546 1318 866 1412 Sen Regen
322 1373 2013 1511 dem ich xxx nach den hoffentlich auch von Ihnen nicht
320 1460 1905 1621 vergessenen Erfahrungen, keine ewegs xxx ohner Kaution,
313 1572 1972 1712 am liebsten aber gar nicht zur Verfügung gestellt hät-
245 1727 432 1803 to the
489 1792 1869 1947 (Ich bin gespannt, ob Reinhardt nun den neuen
315 1938 1987 2059 Termin, zweite Hälfte März, einzuhalten gedenkt. Auch der
313 2044 2015 2184 "Schwestern"-Termin bei Reinhard läuft an 31.d.M. ab.)
510 2131 2002 2326 Die Graufführung der „Schwestern“ in wien findet
313 2264 1983 2417 am 24. d. statt, ich hoffe es werden genügend Exemplare
311 2377 1941 2529 in den hiesigen Buchhandlungen zu haben sein. Wie ich
305 2478 1974 2650 höre, haben Sie es für richtig gehalten von der seiner-
301 2595 1945 2743 zeit vorgeschlagenen Annonce (Stück und Novelle) ab -
301 2730 1869 2840 zusehen, die Gründe sind mir nicht ganz ersichtlich,
313 2827 1693 2988 ich zweifle aber nicht, dass Sie welche haben.
762 2937 1280 3090 Hochachtungsvoll
3689 1039 3794 1134 es,
3083 1272 3185 1376 1.
2878 1280 3037 1441 G.C.P.
2482 1392 3405 1598 Je dès titiles Schoclesbrochenen
2334 1547 3433 1737 den Ebrigen Torrain für Liebe
3242 1638 3479 1729 in the
3272 1712 3524 1818 l'a le
3113 1807 3259 1900 beahlet
2421 1776 3062 1943 verse to it, - dort
2436 1900 3009 2027 Toulemen. Il
2442 1996 2923 2135 Oblighe Freude
2379 2097 2967 2237 lieze so lassen.
2531 2201 2796 2313 décembre
2578 2307 2707 2427 e e
2478 2419 2567 2571 The
2690 2643 2861 2787 in the
2508 2671 2614 2825 the
2523 2882 2855 3037 brischle
2533 2997 2986 3134 that I had in
2468 3073 2992 3208 it made very
2449 3170 2764 3295 Benley
