2386 3961
1587 809 1669 904 Au
472 960 1672 1099 im Laufe dieses Sommers tun werde.
730 1074 2139 1254 Ich erhalte aus New York den Brief eines
366 1051 474 1233 De
455 1173 2019 1307 Herrn Josef B. Rethy, der als Vertreter einer
1007 1276 1096 1332 G.C.H.P.
461 1289 2102 1427 grösseren Gesellschaft mir von der Absicht Mit-
457 1401 2042 1539 teilung macht, dass eine Ausgabe von 20 Bänden
445 1492 2007 1614 geplant wäre, die eine repräsentative Auslese
445 1587 2069 1701 jüdischer Literatur aus allen Sprachen enthal¬
453 1678 2071 1814 ten soll. Als Leiter des Unternehmens nennt er
451 1806 2003 1924 unter andern Prof.Lddwig Lewisohn,Ohio State
441 1897 2075 2011 University in Columbus, Ossip Dymow,David Belas-
445 1992 1924 2152 co,Dr.J.Strauss,Profesor Joel Spingarn.Ich
430 2102 2056 2238 glaube das pichtige getan zu haben Herrn Rethy
428 2195 1918 2340 zur weiteren Besprechung der Angelegenheit
428 2292 1982 2447 an unseren Vertreter Herrn Edwin Björkman zu
439 2408 2100 2565 verweisen. Der Brief des Herrn Rethy macht einen
430 2530 2044 2650 durchaus Vertrauen erweckenden windruck. Uebri-
430 2644 2044 2774 gens ist es wohl das Einfachste, wenn ich ihm
418 2731 2017 2845 mit dem ersuchen um gelegentliche Rücksendung
412 2824 896 2936 hier beilage.
757 2911 2083 3070 Wir kommen eben von einem kleinen Aus¬
418 3033 1938 3209 flug ijs Salzkammergut zurück, wo wirin Alt-
