4417 3992
406 1174 1936 1317 Sie haben diesmal bei Hamburg 57 für sich in
410 1295 1897 1418 Abzug gebracht. War es nicht abgemacht, dass
422 1393 1901 1510 Sie für Hamburg - ebenso wie für Berlin und
416 1483 1955 1600 Wien wenn ich direkt abschliesse - keine Pro-
424 1569 1899 1686 vision berechnen? Vielleicht irre ich dich.
457 1670 1983 1850 jochten sie bei dieser Gelegenheit nicht auch
428 1805 1955 1946 aufragen lassen, ob die Abonnementsbeträge in
426 1918 1848 2028 die Tantiemen regelmässig miteingerechnet
438 2008 2004 2137 worden? Zu dieser Anregung habe ich einen spe¬
428 2118 1950 2241 ziellen Grund. Von einer der derzeitigen Ei¬
430 2221 1858 2340 rektion sehr nahestehenden Seite habe ich
443 2327 1903 2446 nämlich in einem ganz zufälligen harmlosen
438 2403 1961 2559 Gespräch die letzte Einnahme, „Anatol“ 24.11.
445 2540 1993 2639 erfahren, welche dis in der Verrechnung ausge¬
449 2620 2014 2774 wiesene um ein ganz Beträchtliches übersteigt.
457 2719 1905 2846 Vielleicht hat sich die naheutehende Seite
449 2821 2024 2973 geirrt, immerhin wäre ein Aufschluss erwünscht.
3339 860 3716 1010 17.2.1919.
2655 1223 3268 1328 S. Fischer, Verlag
2774 1297 3307 1352 (V.V.C.K.V.)
2764 1344 3323 1430 Theatervertrieb.
3454 1407 3708 1551 Berlin.
2698 1508 4050 1668 1. Der „Anatol“-Zyklus er schien erst im
2420 1647 3956 1760 Herbst 1910 auf der Bahne. Da ich mit Entsch
2426 1754 3923 1899 (Sie schrieben irtümlich Bloch) schon seit
2424 1871 4009 1975 1909 nichts mehr zu tun hatte, und die Verträ¬
2420 1952 3925 2084 ge über den „Anatol" -Zjklus jedenfalls auch
2418 2086 4061 2180 der mit Prag durch den Verlag Fischer abgeschlo
2418 2166 3989 2278 sen worden. Warum zu 5% weiss ich nicht. Eine
2411 2250 4040 2383 flüchtige Nachschau in Ihren Verrechnungen hat
2405 2364 3950 2485 mir übrigens gezeigt, dass auch für manche xx
2413 2465 4036 2598 spätere meiner stücke (z.B. „Weites Land") über
2420 2561 3989 2708 die der Vertrag zweifellos auch von ihnen ge-
2418 2682 4036 2823 schloss en wurde, nur 5% Tantiemen gezahlt wurdede.
2426 2774 4030 2897 In einzelnen Fällen ist es Ihnen wieder gelun-
2411 2864 4014 3022 gen die restlichen Tantiènen durch Mahnung he-
2418 2967 3956 3151 seinzubringen. Möchten sie nicht freundlichst
