4424 4024
2479 1047 4144 1201 schenspiel“, Der einsame Weg“ und „Komtesse Mizi
347 1066 1987 1280 jedenfalls gespielt worden. Mit 95%iger Wahr-
2487 1135 4180 1322 abgeschlossen haben, ist, wenn ich mich recht erinne
385 1226 2042 1333 cheinlichkeit ist ferner anzunehmen, dass die Auf-
3007 1262 3143 1331 2Wel
2485 1257 4163 1428 re, vor ein oder xi Jahren gestorben. Die Autori-
399 1312 2025 1447 führung in englischer Sprache stattfand. Ich habe
2489 1346 4165 1497 sationen sind wohl nun abgelaufen. Uebrigens fin-
374 1409 2021 1543 mich indes auch an Herrn Dejmel um nähere private
2500 1474 4188 1632 det sich in Ihrer letzten Verrechnung. Der einsa-
374 1524 1993 1688 Mitteilungen gewandt und hoffe sie, da die Priffe
2483 1543 4169 1707 me We,Rudolf Christians, New-York City, also in
347 1623 2016 1775 aus Amerika nun wieder rege mässig hier einlang,
2496 1642 4182 1842 deutscher Sprache mit sieren Aufführungen vom 26.
347 1730 1993 1882 recht bald zu erhaltet. Indess halte ich es aber
2487 1806 3606 1917 Sept.bis 9. Okt.1917 verzeichnet.
357 1823 1957 1962 auch für richtig mich als Autor ganz direkt mit
2777 1854 4075 2033 4. ich lese, dass das Prager deutschse
397 1936 2006 2086 em Herrn Hartsch in Verbindung zu setzen, der zu
2496 1947 4140 2145 Theater den „grünen vakadu“ spielt. Darf ich um
414 2039 1962 2172 iner Aufklärung immerhin verpflichtet scheint.
2504 2052 4169 2235 freundliche Auskunft bitten, ob der Herr Direktor
420 2147 1905 2290 s erscheint mir etwas sonderbar, dass ein gut
2506 2145 4197 2372 sich in diesem Fall zur Unterzeichnung eines Ver-
416 2241 2010 2370 ehendes xxxx Tozkaxx amerikanisches Theater sich
2508 2266 4106 2452 trages entschlossen hat und welche Bedingungen
418 2344 2029 2477 sigern sollte für ein höchst erfolereiches Stück
2508 2370 3349 2584 festgesetzt worden sind.
475 2445 2012 2573 kontraktlich ausbedungenen Tantiemen zu zah-
2967 2531 3528 2681 Hochachtungsvoll
540 2559 1995 2784 2. Es ist mir bekannt. dass das „Weite Land“
1728 2700 1835 2758 1 m
517 2737 1978 2889 Herrn Komff in Amerika in deutscher Sprache
498 2843 1140 3000 geführt worden ist.
576 2954 1943 3074 3. Herr Björkmann. mit der Sie seinerzeit
580 3044 2035 3196 inem Einverständnis ein Abkommen über -Zwi-
