4429 4087
3427 970 3805 1099 3.11.1923.
2245 1009 2876 1138 Copie Fisée
2416 1266 2919 1385 Lieber Freund.
2676 1305 4024 1458 Die Auswärtige Handelsbank hat mir eine
2441 1409 3987 1522 nachträgliche Gutschrift der von Ihnen am 30.
2473 1460 3744 1581 7. Überwiesenen 8 Millionen übersandt
2686 1552 4026 1652 Die 400 Milliarden,die Sie mir bereits
2441 1605 3991 1714 am 23. Oktober als überwiesen ankündigten (für
2443 1642 4067 1779 Buchvertrieb?) sind mir von der Bank noch nicht
2439 1746 3039 1857 angezeigt worden.
2690 1787 3934 1914 Ich hoffe, dass die Glattstellung der
2453 1855 4003 1973 vergangenen Abrechnungen nicht allzu Tangsam
2457 1916 3936 2032 vorwärtsschreite und dass die Resultate der
2453 1951 4042 2075 neuen sich den Normen anpassen werden, über die
2457 1993 4097 2141 mir Hans Jacob nach seiner Besprechung mit Ihnen
2461 2069 4040 2177 auszugsweise berichtete. Im übrigen wollenwir
2461 2118 4003 2230 wünschen, dass die Goldmarkrechnung nicht mehr
2457 2167 4095 2286 lange auf sich warten lässt auf die Gefahr hin,
2459 2212 4060 2333 dass wir merken auf welchen Tiefstand der Ein-
2463 2247 4089 2398 nahmen wir geraten sind.. Ich hoffe,Sie haben
2514 2337 3964 2447 persönlich unter den traurigen Berliner Zu
2467 2373 3707 2488 ständen nicht allzu viel zu leiden.
2739 2471 4022 2572 Es würde mich interessieren zuhören,
2482 2529 4089 2629 ob die von Ihnen angeknüpfte Beziehung mit Russ
2478 2572 4034 2700 land schon irgendwelche Resultate erzielt
2504 2678 2670 2747 hat.
2741 2714 3460 2841 Mit herzlichem Gruss
3009 2810 3107 2880 Ihr
2520 3025 3325 3156 Herrn s.Fischer, Verlag,
2527 3129 2772 3227 Berlin.
