4471 4071
298 1021 1931 1141 behauptet auch, dass man auch die nichtcopyrigh-
311 1109 1853 1181 teten Bücher noch jetzt nachträglich schützen
307 1149 1916 1240 könnte,durch Einsendung je eines Exemplars nach
313 1202 1910 1282 Washington und Wäreeventu 11 bereit,diese Ange-
307 1242 1912 1336 legenheit (nicht geschäftlich, sondern vorläufig
311 1309 1761 1383 aus Lieben würdigkeit) persönlich drüben zu
313 1347 1879 1446 übernehmen. Er hat mich um die Erlaubnis gebe-
319 1408 1900 1504 ten sich, wie für andere meiner Angelegenheiten
311 1439 1925 1544 auch für die Frage einer amerikanischen Gesammt
311 1509 1855 1599 ausgabe zu interes ieren. Da wir ja vorläufig
311 1563 1855 1639 nach keine: Weise gebinden sind,so glaube ich
319 1612 1868 1687 wohl, dass wir diesen Vorschlag des Herrn Strn
317 1660 1879 1744 berg, der ein insbesondere für uns völlig un -
317 1710 1925 1786 verbindlicher ist, ohneweiters annehmen sollten,
315 1752 1960 1855 Es scheint hier, wenn es am Ende natürlich auch
326 1807 1958 1891 wohl auf eine geschaftliche Verbindung abgesehen
317 1855 1895 1942 ist, doch ein wirkliches Interesse speziali für
555 1906 1931 1996 achen vorzuliegen und das glaube ich ist
317 1935 504 2005 meine
326 1965 1918 2045 bei den derzeitigen urheberrechtlichen Verhält-
311 1992 1963 2093 nissen doch die einige leidl ch sichere Grundla-
319 2063 1517 2152 ge, auf der man weiterbauen könnte.
590 2141 1914 2263 Zum Schlusse noch eine Frage resp. ein
321 2221 1868 2292 Ersuchen, das ich schon vorl###naten an Sie ge -
330 2246 2002 2353 stelt habe. Von den mir zustehenden Freiexempla¬
324 2318 1929 2414 ren auf meine Gesammtausgabe habe ich nur einen
954 2351 1975 2431 il bezogen. Ich kann hat ürlich
334 2381 891 2454 verschwindenden.
328 2410 1805 2488 nicht auf Nachlieferung bei den derzeitigen
326 2425 1969 2557 Preisverhältnissen Anspruch machen, gewiss nicht
332 2507 1998 2597 im Casammtausmasse,- wenn Sie mir aber 2-3 Exempla
334 2574 1948 2654 re zur Verfügung stellen konnte wäre ich Ihnen
340 2635 855 2721 sehr verbunden.
532 2690 1929 2803 Haben Sie sich schon-mit Richard Specht.
328 2767 1740 2881 XIX. Kreudigasse 8, in Verbindung gesetzt.
836 2853 1446 2975 Herzlich grüs send
773 2925 891 3011 Ihr
3001 473 3272 622 V. F. P.
3309 866 3730 1002 17.10.1921.
2267 887 2795 1030 Fischer
2465 1116 2973 1242 Lieber Freund.
2639 1151 4034 1313 Mein Telegramm haben sie indess wohl er-
2442 1250 4026 1364 halten. Es wäre sehr wünschnswert, wenn der Ab¬
2448 1305 4003 1427 schluss über das „Weite" mit Amerika zustande
3564 1362 3702 1408 mM
3131 1374 3286 1452 Land
2448 1399 4055 1509 käme. Man kann ja eventuell von der Garantiesum-
2448 1450 4083 1563 me 2500 Dollar und 500 Dollar ein bischen herun-
2454 1509 4034 1622 tergehen. Ich wüsste gern von wem dieser Antrag
2454 1549 4076 1664 an Sie gelangt ist, wie ich das in allen solchen
2454 1593 4125 1715 Fällen wünschte; hoffentlich ist es nicht Bartsch
2456 1662 4131 1773 Es haben seinerzeit einige Aufführungen des „Wei-
2463 1713 4137 1826 ten Lands in Amerika in deutscher Sprache statt-
2454 1763 4097 1883 gefunden, die uns glaube ich von Bartsch verrech
2456 1809 4047 1937 net worden sind. Daraufhin dürfte er natürlich
2456 1855 4089 1986 absolut nicht irgend welche weitere Rechte hin
2463 1914 3948 2032 sichtlich xxxx englischer Aufführungen in
2465 1939 4026 2099 Amerika geltend machen. Ich hoffe,Sie sind in
3837 2019 4055 2105 alls, wü
2469 2034 4085 2179 keinen Wieds nach diesem Abmachungen bezüglich
2475 2120 4039 2227 des Auslands durch ein Vertragsverhältnis zwi
2465 2141 4121 2284 schen vhnen und Bartsch keineswegs gebunden er -
2475 2274 2721 2360 achten.
2704 2282 4171 2414 2. Von Anni Vivanti habe ich unbegroifli-
2477 2370 4106 2484 cherweise noch keine weitere Nachricht erhalten
2482 2416 4104 2538 und heute neuerdings durch Dr.Siegmund Münz, der
2479 2471 4037 2589 mir ihren Brief übermittelt haturgiert. Haben
2486 2507 4163 2629 Sie von Raggio schon den avisierten Brief und die
2484 2568 4108 2683 Garantiesumme für „Amitol erhalten.Bevor diese
2484 2614 4154 2748 AnatoleSache erledigt ist, besteht ja keinesfalls
2486 2671 4160 2784 ein Grund mit ihm hinsichtlich des „Reigen abzu-
2490 2778 2870 2879 schliesen.
2757 2803 4041 2931 3. Sollte die amerikanische Sache zu-
2490 2877 4181 2992 st ande kommen, so bitte Ich recht sehr eine even-
2505 2929 4158 3047 tuell auf mich entfallende Summe in New-York bei
2505 2980 4154 3097 Ladenburg Thalmann & Co. einzahlen zu lassen, aber
2505 3032 4064 3156 jedenfalls vorher die auf Sie entfallende Pro
