4466 4072
445 1097 2009 1195 meinem standpunkt absolut nicht gelten. Es ist
441 1191 2013 1246 mir unerfindlich, wie ein Verlag überhaupt auf
451 1240 2055 1314 die Idee kommen kann eine solche Verpflichtung
449 1298 2039 1360 abzus treiten. Ein Verlag, der es tut, rüx drückt
441 1342 1960 1406 damit nichts anderes aus, als dass ervaluten-
451 1398 2009 1456 geschäfte gegen die Interessen seiner Autoren
441 1450 1972 1530 zu machen wünscht. Ich möchte den Autor Wohl
451 1498 1894 1582 sehen, der sich das unter den heutigen Ver-
443 1532 2041 1612 hältnissen gefallen lassen möchte. Tatsächlich
451 1598 1930 1660 zahlt eine Anzahl Verleger auch schon die
447 1652 1994 1722 deutschen einnahmen nicht mehr in Papiermark,
441 1708 2009 1804 sondern mindestens in österreichischen Kreneu
445 1756 585 1820 aus.
609 1840 1898 1944 Es wird sich als unbedingt notwendig
441 1876 1928 1964 erweisen,wie ich Fischer schon einige Male
435 1964 1936 2029 geschrieben habe, einen insbesondere auf mei¬
439 2007 1868 2081 ne bisher bei Fischer erschienenen Bücher
433 2051 1860 2117 bezüglichen Vertrag aufzusetzen,da ja der
445 2095 2035 2171 ursprüngliche im eigentlichen Wortsinn xwxx
439 2151 1978 2233 tion gar nicht mehr existiert. Durch konstan
435 2213 1932 2279 te Herabsetzung meiner Honoraranteile,durch
433 2257 1924 2339 wiederholtes Verabsäumen des Neudrukks ver¬
437 2311 2007 2373 griffener Einzelwerke, durch das Fehlen beina-
433 2363 1982 2437 he meines Gesammtwerks im deutschen Buchhan¬
439 2415 2027 2485 del,gerade zur weit meines 60.geburistags,sind
423 2473 1954 2537 meine pechte erheblich geschädigt worden und
433 2527 1950 2595 neue Abmachungen müssen die Forderungen des
423 2575 1920 2637 Autors und die Ansprüche des Verlegers, kurz
421 2625 1932 2675 das gegenseitige Urheberrechtsverhältnis wie
423 2669 1974 2737 der in ein anständiges Gleichgewicht bringen.
429 2719 1866 2793 An der Korrektheit des Verlags S.Fischer.
425 2767 1948 2868 habe ich nie einen Augenblivk gezweifelt, nur
417 2834 1886 2912 fand ich, dass er die berühmte Force majeur
421 2874 1850 2946 von Jahr zu Jahr in einem höherenMasse zu
415 2920 1896 2994 — eigenen Gunsten,wenn auch lo-
421 2978 1890 3048 gisch berechtigt,ins "Preffen" zu führen ver-
421 3032 1932 3104 stand, als es mit den Interessen seiner Auto-
415 3088 1944 3156 ren - sagen wir unwidersprechlicher: mit den
409 3138 1562 3230 meinen - im Grunde vereinbar war.
3805 867 4029 1039 19 1a
2541 915 2633 1083 F
2854 1075 4049 1155 So halte ich mich auch durchaus be¬
2557 1141 4001 1208 rechtigt unter dem Drucke der foroe majeur
2593 1187 4001 1254 ohne weiteres über gewisse meiner älteren
2579 1234 4037 1316 Bücher frei zu verfügen, umso mehr,wenn dem
2587 1276 4059 1358 ursprünglichen verlag keinerlei Schaden da-
2589 1336 4067 1426 durch erwachsen kann. Und der Verlag Fischer
2589 1388 4111 1466 dürfte sowohl vom Rechts-als vom Royalitäts-
2587 1438 4125 1512 standpunkt keinerlei Einwendung erheben,wenn
2589 1496 4043 1558 ich z.B. Reklam ein oder das andere über¬
2589 1540 4013 1614 lassem würde, (und bei diser Gelegenheit
2581 1596 4023 1674 für ein Büchel ungefähr so viel erhielte,
2587 1650 4029 1714 als mir mein Gesammtwerk bei mischer inner
2589 1692 4005 1762 halb mehrerer Wochen dieses Jahres einge-
2581 1744 3961 1808 bracht hat. Trotzdem wünsche ich formell
2589 1798 4067 1870 nicht abzuschliessen, ehe mir S.Fischer (wo-
2587 1838 4091 1916 rum ich ihn vor ungefähr einen Monat ersuch-
2593 1900 3831 1992 te) sein Einverständnis erklärt hat.
2866 1968 4069 2065 Das Wichtigste in dem neuen Vertrag
2625 2033 4093 2125 wird sein, dass man wieder zu der Tanftseu-
2625 2097 4035 2167 bareschung vom Ladenprais zurückkehrt und
2629 2145 4085 2255 der unklare Begriff des Verlagserlöses end
2619 2203 3320 2303 giltig verschwindet.
2868 2267 3995 2367 Sie haben vielleicht Gelegenheit,
2631 2349 3973 2417 lieber Herr Jacob auch noch über diesen
2623 2409 4105 2481 Punkt mit Herrn Fischer zu reden, auch über
2625 2449 4049 2529 meine ihm schon lange bekannte, ich glaube
2623 2501 4013 2573 nicht ungerechte Forderung in den mir ge
2631 2553 4015 2627 währten Bedingungen hinter keinem seiner
2631 2613 4043 2675 anderen Autoren zurückzustehen; ob ihm nun
2629 2653 4067 2741 irgendwolche (mir übrigens unvorstellbare)
2623 2703 4039 2816 Komponsationen gebotan werden oder nicht.
2866 2773 4043 2874 Ich höre wohl jedesfalls noch von
2629 2862 4047 2930 Ihnen, lieber Herr Jacob, ehe sie nach Wien
2631 2908 4069 2978 übersiedeln. Dass Sie diese Absicht haben,
2631 2944 4111 3044 freut mich sehr; aber haben sie schon irgend
2629 3016 4037 3080 eine Aussicht auf Wohnung. Seien Sie sehr
2631 3058 4013 3150 herzlichst gegnüst bedankt und gegrüsst
2635 3124 3943 3184 und schreiben sie mir bitte auch etwas
2631 3176 3977 3268 über Ihre persönlichen Angelegenheiten.
2920 3220 3300 3314 Herzlichst
