2386 3961
516 1016 2078 1139 30 bis 40 unverhältnismässig gering vorkommt.
506 1133 2160 1270 Freilich wäre auch die Zusammenfassung der drei
502 1233 2118 1360 Novellen in einen Band zu erwägen, der dann für
516 1337 2153 1454 die von Ihnen projektierte neue Drei-Mark fünf-
516 1408 2174 1568 zig-Serie in Betracht käme; aber das könnte sich
523 1529 2093 1662 sowohl für Ihre als für meine Absichten allzu
516 1633 2087 1764 lange hinausziehen, insbesondere mit Rücksicht
519 1745 2091 1858 auf die dritte Novelle,die selbstverständlich
552 1847 2078 1968 auch zuerst in einer Zeitschrift zum Abdruck
519 1949 1020 2078 gelangen soll.
712 2047 2058 2168 Dass ich spätestens im nächsten Herbst
523 2139 2022 2282 mit etwas neuen Gramatischen zur Stelle bin
529 2260 1972 2368 ist recht wahrscheinlich; ob es in diesen
531 2332 2033 2476 Kriegszeiten (aus Burgfriedensgründen) sich
529 2445 2101 2586 als theatermöglich erweisen wird, weiss ich so
516 2566 2128 2697 wenig, als ich weiss,ob wir den nächsten Herbst
525 2641 2164 2807 noch zu den Kriegszeiten werden rechnen müssen.
523 2747 2193 2886 Da ich hiemit auf die Fage des Theatervertriebs
529 2861 2168 2993 geraten bin, möchte ich zu Beginn des neuen Jah-
529 2961 2170 3090 res neuerdings dringend ersuchen den Direktoren
535 3047 2078 3230 auch für meine alten Stücke Herabsetzung der
