4419 4072
420 1001 1990 1127 bleiben. Ihr holländischer vermittler hat mit
424 1085 1806 1162 diesem Gastspiel jedesfall nichts zu tun.
699 1146 1984 1240 Haben Sie von Wottitzky etwas gehört?
420 1201 1949 1286 Die Angelegenheit wird mir aus verschiedenen
430 1266 1939 1344 Gründen immer wichtiger.Erstens möchte Korff
873 1305 2014 1415 in Amerika englisch spielen, zwei
432 1327 885 1405 den Hofreiter
432 1368 1923 1460 tens kommt in diesen Tagen Herr Seldes nach
430 1419 1949 1496 Wien, der eine Herausgeber des „Dial“ und, wie
438 1454 1992 1566 ich höre, zugleich durch das Guild-Theater mit
430 1521 2020 1611 Verhandlungen betraut, das, wie Sie mir neulich
432 1574 1992 1660 schrieben, sich für das „Weite Land“ interes-
432 1625 1986 1704 siert. Wie immer die Sache weiter geht,es ist
432 1668 2057 1749 ganz selbstverständlich, dass Sie im Fall Wotitz
430 1723 2057 1819 ky. Weitaa Land auch weiterhin mein allein beä
438 1784 1468 1867 vollmächtigter Vertreter sind.
738 1839 2053 1953 Herr Alzir Hella hat sich nun, von Ste-
430 1933 2039 2000 fan Zweig und umpfohlen, direkt an mich gewandt
430 1984 1890 2051 und ich werde ihm auch direkt schreiben. Um
430 2024 2065 2120 Missverständnissen ein für alle Mal vorzubeugen,
432 2094 1986 2161 möchte ich heute nur prinzipiell feststellen;
432 2141 1994 2214 der Umstand, dass sich Leute mit Anfragen über
432 2169 2067 2259 mei ne Werke öfters an den Verlag Fischer wenden,
436 2234 1996 2316 in Unkenntnis, dass ihm für Abschlüsse mit dem
430 2287 2053 2365 Ausland nur im Falle ausdrücklicher Genehmigung
432 2347 2047 2418 meinerseits, also von Fall zu Fall ein Recht zu-
436 2393 1927 2483 steht, verleiht dem Verlag Fischer natürlich
444 2432 2006 2518 nicht, sozusagen automatisch sich in einem sol
442 2502 1984 2567 chenfall als meinen Vertreter zu betrachten.
432 2557 2000 2626 Besonders in den Fällen,wo ich die Verhandlun
436 2593 1959 2683 gen weiter führe, und die Hin-und Herfragerei
436 2644 2029 2728 zwischen mebersetzer und Verlag,Verlag und Au-
438 2689 2055 2783 tor Autor und Verlag,Verlag und Hebersetzer nur
440 2742 2024 2830 eine Verzögerung oder gar eine Verwicklung der
442 2793 2080 2879 Angelegenheit zu gewärtigen ist,erscheint es mir
444 2848 2039 2936 für alle Teile empfehlenawert wenn sie mir al
442 2893 2061 2979 lein überlassen bleibt. Auch in solchen Fällen
438 2954 1896 3021 aber will ich zumindest, wenn eine weitere
432 3007 2039 3081 Kontrolle finanzieller Art notwendig ist, Ihnen
442 3066 1941 3144 das recht auf Provision bereitwilligst zuge
436 3115 1584 3219 stehen.-Mit verbindlichen Grüssen
924 3170 1556 3233 Ihn aahn anrahauan
3329 487 3486 587 : 1:
2487 773 2948 972 in the
3076 871 3160 952 * *
3327 895 3421 972 8 e
3496 899 3609 972 Lämeistel
3013 922 3168 983 1 0 m
2816 936 3570 1034 kä ai ikä nykyään yleisesti ai-
2922 991 3751 1070 Uuswäärä ai ia, ottä ole
2989 1036 3723 1083 Vuoden läänin määrät.
3180 1056 3725 1119 näyttää, että ai-
2828 1066 3172 1132 Ouis Ira
2824 1091 3749 1170 ̃ ̃ : : : —  : —
3427 1123 3753 1178 Votk e tus e
2826 1136 3286 1211 tämätä, jonka ai-
2911 1166 3757 1221 määrätä, mikä nykyään metskinta
3268 1197 3749 1260 Om mn määrätä.
2822 1207 3189 1270 T. F.C.F.
2830 1233 3749 1305 œuvrementen leipä-
3478 1260 3735 1319 E.N.D. +
3207 1270 3484 1319 Päivä ia⊃
2820 1272 3158 1331 vot O 4 mrt O
2883 1305 3486 1356 täänissä vähän.
3476 1286 3753 1341 r o e m
2887 1333 3755 1392 näyttäää ryhään. —
2828 1368 3759 1421 Vuoden lää- ja määrän ai-
2834 1399 3753 1458 läänissä wäärän O. m. y. n. a. w.
3227 1429 3717 1515 tähmeen, mai-
2826 1450 3235 1509 T. S. C. F. & J.
3293 1462 3755 1521 † ̃  =w jH & O m
2828 1486 3101 1543 a-t N & D.
2887 1492 3766 1566 Vuodentulksen määränä.
2836 1531 3774 1596 määränä. Oulun lääneissä asi-
3278 1570 3678 1629 erwärso
2844 1586 3180 1639 P. S. S & J.
2844 1602 3761 1668 hij sij Sijh jyksen jährän ai-
2856 1641 3768 1727 korteja nykyään liiallinen että-
2856 1682 3468 1743 tähän ai- ja nimittäin maa
3156 1674 3768 1761 Hämeen ja Oulun lääneissä sekä se
2844 1727 3056 1774 [incomprisible]
2836 1735 3719 1810 lääneissä sekä nykyään määrätä.
2946 1780 3768 1839 O.A.B. O. S. P. A. & C.
3505 1812 3757 1863 ⵛⵥ�ⱥ
2832 1821 3399 1882 Läänistä, ogeltä täyttää,
3425 1843 3774 1900 r à Ou Ds
2850 1845 3431 1906 Vuoden läänissä yleisesti.
2840 1882 3672 1937 Nmoi, että nykyään oleisesti mets
2842 1914 3772 1990 määrätä. Uudenmaan lääneissä ylei-
2687 1908 2767 1988 me
2850 1955 3525 2016 G. F. V. R. U. P. S. A.
2846 1984 3766 2039 Vuodentuksen määrätä.
2905 2014 3774 2075 lääneissä nykyään aikaisemisem-
2926 2051 3772 2106 määrä sisä jätä ryhä nykyään Uu-
2924 2086 3721 2153 3.4 % „ oli 5 % 4, 4, —,
3576 2118 3749 2169 O a in¬
2875 2128 3441 2179 Vuodentuja, ja leipäkä-
2842 2133 3774 2202 järjestöriä, että nykyään oli ai-
2852 2186 3772 2237 O.-S.O:A.A.G..H.O.M.O
2854 2224 3623 2296 Hämeen lääneissä nykyään ai-
3421 2253 3768 2310 H jäystäisesti.
3119 2261 3260 2316 5,0
2854 2265 3776 2351 mäinä, mikä nykyään. Oulun
2852 2322 3782 2393 määrätä. — mai-
2901 2357 3778 2416 - 4- Nr 3 1/2 a. 4, rt. - a.. m. o. ott.
3205 2391 3788 2461 C) H & C0--4 +
3209 2426 3786 2481 B & O 4 - 5 - 6 & 4 & 4 a
2913 2410 3203 2489 G. J. F.
2919 2465 3735 2516 järjestätä nykyään makkorttia maa-
3607 2491 3790 2538 G et Etoi
2917 2500 3615 2553 täjän Uudestä täätä ole täh-
3609 2528 3784 2571 [incompréhensible]
2913 2540 3558 2585 Kotkan korttien määrätä.
2913 2538 3784 2616 Vuodentulksen määrätä. —
3523 2595 3745 2652 M â s
3021 2601 3480 2652 Höyrystä Lää-¬
3407 2632 3696 2691 — ### 4-4
3146 2642 3231 2691 me
2901 2636 3154 2699 :10:3 +4
3146 2636 3798 2714 täin läänissä wäärät wähden ai-
2958 2681 3095 2726 — jus
2919 2701 3786 2758 määränä. Oulun lääneissä se
2932 2720 3808 2785 Vuodentulksen määrätä.
2917 2765 3796 2848 tää- siiHäisestäis.
