4349 4057
323 1080 1710 1179 so hohe Auflagenziffer erreichen dürfte.
325 1150 1851 1231 Denn logisch wäre es natürlich, dass von Auf-
330 1214 1789 1293 lage zu Auflage,da die Kosten des Verlegers
330 1277 1789 1343 sich ja eher verringern, mehr und nicht we-
323 1316 1789 1393 niger an den Autor bezahlt werde. Immerhin
325 1366 1726 1436 möchte ich mein Einverständnis in diesem
325 1407 1892 1494 Fall wiederholend feststellen,dass sogar 1500
323 1465 1789 1532 Lire für 5000 Exemplare bedeuten: 300 Lire
330 1530 1857 1596 für 1000 Exemplare,3 Lire für 100 Expl.,also
332 1563 1898 1633 3 Centosimi für ein Expl. Da da das Buch doch
332 1612 1905 1695 kaum weniger als 3 Lire kosten wird, würdemein
325 1679 1911 1780 Autorenhonorar 1% vom Ladenpreis des Exemplars
330 1733 659 1818 betragen.
636 1789 1619 1921 Mit vorzüglicher Hochachtung
2265 870 2765 1055 Fischer
3415 982 3836 1090 11.11.1920.
2323 1206 2839 1318 Lieber Freund.
2618 1285 3869 1403 Den Neudruck den 4 Auflagen „Anatol
2344 1360 3815 1434 und 3 Auflagen "Weites Land" nehme ich mit
2352 1420 3824 1484 Vergnügen zur Kenntnis. Den fälligen Betrag
2346 1476 3830 1546 bitte wie gewöhnlich an mein Konto Deutsche
2346 1521 3009 1629 Bank zu überweisen.
2653 1577 3979 1702 Zu Ihrem Vorschlag für meine neugedruck
2346 1677 3967 1757 ten Bücher prinzipiell eine Teilung des Reinge-
2346 1716 3969 1809 winus zu vereinbaren, vermag ich nicht mich ent¬
2356 1778 3932 1849 scheidend zu äussern. Vorerst scheint mir, dass
2350 1818 3876 1898 wir damit gewissermassen auf einen Urzustand
2350 1880 3992 1954 unseres Vertragsverhältnisses zurückkehrten; er-
2359 1934 3965 2004 innere ich mich recht, so erfolgte die Herausge-
2356 1963 3979 2052 be von "Sterben" seinerzeit unter einer solchen
2361 2031 3884 2097 Voraussetzung. Geben Sie mir doch einmal ein
2361 2075 4002 2157 Beispiel. Wie hoch würde sich also z.E. mein Ho-
2356 2126 3923 2201 norar für dienenen 4 Auflagen des „Anatol be¬
2359 2164 4017 2261 laufen, wenn ich auf den von Ihnen vorgeschlagenen
2392 2234 3967 2300 odus einginge. Vorläufig möchte ich den bisher
2367 2276 3942 2371 üblichen beibehalten auch hinsichtlich der 150
2361 2323 3977 2425 Luxusdrucke des illustrierten „Casanova“ es sei
2367 2383 3973 2458 denn, dass sie in einem nächsten Briefe die Vor-
2359 2433 3936 2522 züge des neuen Modus irgendwie ersichtlich ma¬
2365 2487 3919 2555 chen könnten. Dass ich an ihrer Lyalität auch
2371 2516 3983 2615 nicht den entferntesten Zweifel hege, möchte ich
2365 2589 3985 2696 Ihnen nicht immer wiederholen müssen. Dass aber
2377 2638 3973 2713 imallgemeinen die Modalitäten der Honorarzhä-
2390 2678 4027 2769 lung resp. die heutigen perzentuellen Veränderun¬
2371 2734 3992 2827 gen zu Ungunsten des Autors, woran ja die Verle¬
2377 2794 3952 2872 ger nur die allergeringste Schuld tragen, einer
2371 2850 3929 2926 Klärung bedürfen, ist wie Ihnen ja bekannt sein
2377 2901 3925 2989 dürfte, nicht meine Meinung allein und manche
2369 2957 3985 3030 schriftstellerische Verbände beschäftigen sich,
2379 3005 3985 3076 wie Sie auch wissen, aufs Lebhafteste mit dieser
2365 3038 4027 3165 Frage. Es wird Sie gewiss interessieren, wenn ich
