4349 4057
307 1101 1907 1235 Ihnen eine Stelle aus einem Brief von Heinrich
381 1177 1833 1273 dann zitiere, der vor kurzem an mich gelangt
291 1233 1903 1321 Ist. Ich bemerke, dass nicht etwa ich das The-
343 1283 1877 1387 ma in der Korrespondenz mit ihm zuerst ange¬
353 1337 1813 1428 schlagen hatte). Er schreibt u.A.:...Ich
351 1379 1873 1486 komme immer mehr zu der Einsicht, dass unsere
359 1424 1875 1538 Beschwerden unabstellbar sind, so lange nicht
363 1494 1833 1586 der Sortimentsbuchhandel teils abgeschafft,
361 1536 1839 1642 teilsin seine Grenzen verwiesen wird. Heute
363 1594 1790 1682 ist der Zwischenhändler es, der das Meiste
363 1614 1901 1734 von unserem Anteil wie von dem des Verlegers
373 1688 1917 1792 verschlingt. Er bekom:t bis zu 50% vom Laden-
363 1732 1935 1849 preis, den er überdis nicht mehr anerkannt, son-
369 1784 1865 1889 dern beliebig erhöht. Das Schlimmste ist,di
369 1857 1847 1943 Sortimenter sind einig, die Verleger uneins.
375 1871 1943 1989 End weiter:....Wenn unsere Verleger gemein-
377 1937 1857 2047 sam vorgingen. wäre der Sortimenter
383 1973 1931 2089 im Handumdrehen genötigt nachzugeben. Will er
375 2025 1965 2145 die Erscheinungen aller grossen Verlage seinem
375 2081 1841 2199 Publikum auch nur e nige Zeit vorenthalten
381 2111 1971 2254 die volge wäre, dass das Publikum sich gewöhnen
381 2195 1837 2304 würde beim Verlag zu bestellen. ie Verlage
381 2256 1845 2348 würden gemeinsan Verkaufsstellen errichten
385 2264 1945 2402 und eine der Möglichkeiten unser Geschäft von
403 2350 1863 2448 rund aus zu reformieren,wäre verwirklicht.
391 2362 1953 2502 Wir selbst können in dieser wichtigsten Frage
395 2448 1877 2552 nichts anderes tun, als immer wieder unseren
391 2498 1941 2598 Verleger zur Austragung der Sache mit den Sor
395 2556 1943 2669 timentern auffordern. Ich versäume esbei kei-
391 2586 1979 2701 ner Gelegenheit und bitte auch Sie zu drängen.
391 2665 1887 2761 Unsere legitimen Einkünfte gehen ständig an
389 2725 1740 2813 die am wenigsten Berechtigten verloren.
672 2791 1899 2891 Auf meinen Brief Italien betreffend
389 2835 1957 2959 habe ich von Ihren Auslandsbureau noch nichts
405 2911 1977 3010 Weiteres erfahren.. Erlauben sie mir die Frage
405 2955 1963 3072 ob die italienische Generalvertretung, von der
399 3014 1973 3118 Sie sprechen, mit der Societa del testro drama¬
403 3060 1802 3176 tica Identisch ist, deren Präsident Giord
405 3096 1995 3268 sich auf einem andern Weg an mich gewandt hat.
3814 804 4160 932 a la 522
2474 1011 3954 1177 Heute möchte ich nur bemerken, dass ich be-
2526 1101 3958 1221 reit wäre Ihnen die gewünschte Vertretung
2536 1159 3956 1263 für 3-4 meiner Stücke für die Dauer eines
2532 1215 3822 1317 Jahres für Italien resp. italienische
2536 1261 3878 1365 Aufführungen in Südameika zu übergeben,
2540 1307 3964 1420 ob Sie nun mit Giordani oder einem Andern
2538 1359 3936 1454 verhandeln. Jedenfalls aber bitte ich um
2538 1395 3968 1514 Mitteilung, wor es ist. Die Bedingungen wä
2540 1470 3962 1578 rn diejenigen, die wir für den Auslandsbe-
2544 1502 3942 1632 trieb abgemacht haben: 153 Provision von
2550 1568 4024 1676 sam til chen auf mih entfallenden Honoraren,
2550 1622 3908 1732 die restlichen 85 wären aber ohne jeden
2556 1672 4006 1762 weiteren Abzug an mich zu verrechnen. Kei-
2550 1718 3940 1831 neswegs aber dürften Sie eines der Werke
2586 1752 4000 1871 ohne Garantiesumme vergeben. Die Italie-
2556 1829 3974 1917 ner machen es uns gegnüber auch nicht an
2562 1867 4012 1973 ders,Sicherstellungen sind in diesem Falle
2558 1913 4026 2025 absolut unerlässlich. Als Carantiesumme kä
2562 1973 3982 2083 men 1500-2000 Lire für abendfüllende Stü¬
2568 2029 3932 2123 cke in Betracht. Bitte sagen sie mir, ob
2562 2063 4044 2187 Sieschon bestimmte Anträge haben und schlaa¬
2564 2125 3976 2228 gen sie mir selbst vor, welche meiner Stü-
2574 2187 3830 2280 cke Sie zu diesem Zweck (für Italien
2570 2238 3928 2324 zu übernehmen wünschen. Eine Antort des
2574 2256 4058 2388 Herrn Cutti betreffs „Anatol“ an mich steht
2580 2322 4054 2434 noch aus, ich würde, wenn hier etwas zustand
2580 2384 4068 2494 kommt, den endgiltigen Abshluss auch in die-
2580 2454 3485 2534 sem Fall Ihnen übertragen.
2827 2482 4036 2629 Auf die Erklärung, die Herr Bartsch
2592 2594 3950 2699 über seine merkwürdige Dollarverrechnun
2594 2641 3986 2757 geben wird, bin ich gespannt. Sie wird in
2592 2689 4006 2813 jedem Falle ungenügend sein. Es gibt hier
2598 2743 4014 2833 keine Erklärung und keine Entschuldigung.
2586 2801 4024 2907 Nach den merkwürdig übereinstimmenden An¬
2594 2845 3932 2933 sichten, die über B. verbreitet zu sein
2606 2859 4108 2997 scheinen, würde ich bitten die Angelegenheit,
2604 2941 4032 3038 wenn nötig mit aller Energie weiter zu be¬
2606 3030 2929 3108 treiben.
