4466 4072
3632 460 3968 571 " " "    1  "
3688 994 4093 1111 22.11.1923.
2589 996 2899 1146 ischer
2735 1265 3237 1358 Lieber Freund.
2980 1352 4117 1443 Aus Ihrem freundlichen Schreiben
2642 1427 4093 1494 vom 19.d. lese ich - dicht zum ersten Male
2648 1476 4111 1543 den mehr oder minder leisen Vorwurf heraus,
2638 1538 4091 1601 als wenn ich daran zweifelte, dass auch der
2644 1571 4120 1652 verleger zu en opfern des Währungsverfalls
2648 1642 4172 1709 gehöre und als wenn ich nicht einsehenwollte,
2644 1672 4215 1755 dass ich genau so wie Andere Autoren deutscher
2650 1731 4120 1804 Verlagsanstalten und xixxx gl ichfalls
2672 1789 4093 1856 auf deutes Absatzgebiet angewiesen, unter
2648 1824 4213 1899 der Eeltentwertung leiden müsste. Ich zweifle
2648 1891 4174 1953 weder daran, dass die deutschen Verlagsastal-
2648 1933 4219 2010 ten,also auch Sie,grössere Schwierigkeiten und
2642 1978 4203 2061 mindernisse zu überwinden haben als je und be¬
2648 2038 4160 2099 greife vollkommen, dass ich von den desole
2654 2095 4164 2152 ten Verhältnissen, die wir alle kennen, nicht
2642 2144 4156 2204 überührt bleiben kann und darf. Aber es ge
2648 2190 4190 2257 nügt meiner Ansicht nach vollauf, wenn ich die
2658 2241 4202 2306 Felden wertung xxx hinsichtlich meiner in
2638 2290 4198 2372 Deutschland und in deutscher währung verkauf
2644 2344 4190 2403 ten Bücher zu spüren bekomme, dass sich aber
2642 2389 4160 2456 die Mark entwertung auch noch insoweit an mir
2648 2449 4182 2510 auswirken soll, als ich die ausländischen Va¬
2634 2492 4196 2573 luten, die für meine Bücher im Ausland haxxkik
2638 2543 4142 2617 an den Verlag bezahlt werden, in entwarteten
2664 2595 4160 2664 Tark ausbezahlt erhalte, erscheint mir weder
2648 2644 4138 2723 notwendig noch überhaupt zulässig. Hier han
2650 2702 4093 2765 delt es sich nicht um unberechtigte Wünsche
2642 2739 4124 2824 meinerseits,denen zu folgen Sie sich nur
2642 2794 4105 2877 schwer entschliessen können, sondern um ab
2644 2846 4166 2921 durchaus bemehtigte Forderungen,wie sie von
2648 2901 4128 2972 allen Autoren gestellt werden, die überhaupt
2648 2921 4229 3030 in der Lage sind ihre Stimmen zu erhebenunddie
2648 3002 4122 3073 so weit ich informiert bin, von der wehrzahl
2648 3055 4233 3130 der Verleger schon erfüllt wurden,ehe man sich
2648 3099 4034 3174 erst damit bemühen musste sie zu stellen
2650 3156 4170 3265 Abrechnungsschwierigkeiten für den Verleger
