4434 4040
3747 893 4132 1004 16.11.1922.
2648 915 2968 1084 in the
2570 1131 3561 1244 Sehr verehrter Herr Greiner.
2870 1224 4218 1366 Mein Telegramm haben Sie wohl erhalten.
2561 1333 4223 1435 Autorisiert ist in Polen tatsächlich nur erschie-
3956 1375 4147 1439 Frei—
2559 1408 3894 1508 nen. Ein Abschied", „Frau Bertha Garlau
3105 1404 4227 1510 Inspieler“. Die Honorare für sämmt-
2570 1459 3114 1537 wild and „Fuppe“
2557 1482 4216 1595 Iiche Bücher zu sammen betrugen Null. Aufgeführt
2568 1544 3907 1639 wurde ausser dem „Schleier der Pieratte
2583 1559 4158 1681 „Komödie der Worte 1916,Tantiemen 143 Kronen,
2570 1642 4114 1737 1917 290 Kronen, einkassiert durch den Verlag
2568 1679 4185 1781 Fischer. „Frau Bertha Garian ist übrigens nie
2577 1746 4180 1837 erschienen, wie ich eben sehe,es besteht nur ei-
2574 1797 4140 1888 ne längst erlo diene Autorisation. Eine pol
2577 1830 4216 1964 nische Uebametzung des.Reigen erschien 1904,
2586 1897 4114 1981 für die mir von dem damaligen Wiener Verlag d
2581 1941 4160 2030 Unsumme von 108 Kronen übermittelt worden. Ihr
2583 1972 4240 2088 Vertreter hat wegen der Aufführungen des „Reigen“
2583 2039 4256 2137 wohl nichts mehr von sich hören lassen. Beurteilm
2583 2090 4200 2190 Sie nach diesen meinen Angaben selbst, inwiefern
2601 2146 4205 2248 ich für Polen nach irgend einer Seite hin gebun
2594 2177 4383 2308 den bin. Bitte fragen Sie doch den Verlag, dem ersuchen
2586 2243 4258 2341 Sie „Dämmerseelen“ verkaufen wollen,und der Ihnen
2592 2297 4129 2388 erklärt, dass der weitaus grössere Teil meiner
2586 2323 4236 2434 Werke xxxx bereits in polnischer Sprache er-
2592 2397 3861 2528 schienen sei, eine Liste einzusenden,
2934 2463 4263 2592 Auch ich bin natürlich für volle Rück-
2599 2534 4147 2643 sichtnahme gegenüber Wottitzky, fragen sie ihn
2594 2572 4218 2712 aber doch nötte, mihal mich so wieder ene sich or
2594 2677 3816 2790 gängenen neuen Antrag, wie die Sache steht
2970 2670 4249 2790 Die Russen in Berlin werden sich wohl
2599 2763 4236 2865 zur Zahlung der von uns verlangten Garantiesumme
2603 2810 4254 2917 nicht entschliessen wollen. Es ist wohl eine der
2608 2859 4172 2959 Gesellschaften, die den „Reigen auch schon in
2610 2917 4218 3012 Russland gespielt haben könne Autorisation na-
2617 2968 4191 3063 türlich und ohne Honorar zu zahlen), wir wollen
2612 3016 4191 3123 also bei unserer Forderung bleiben odarauf die
2606 3083 3392 3203 Aufführung verzihhten.
