4417 3976
485 1070 1968 1222 sind erhöhte Preise für ein Buch, aber nicht
481 1179 1974 1286 für einen ihnen nicht immer konvenierenden
468 1294 2009 1413 Einband zu bezahlen. Dass ein Verlag kaum auf
475 1393 2005 1530 seine Kosten käme, wenn er einem Autor, dessen
474 1493 1908 1623 Bücher über zwei oder drei Auflagen nicht
472 1580 1906 1723 hinauskommen, 25% vom Ladenpreis zu zahlen
475 1703 1986 1805 hätte, ist leicht einzusehen. ieders steht die
472 1785 1925 1906 Sache bei steigender Auflagenziffer und so
477 1896 1947 2031 glaube ich, dass sich diese Seite der Angele-
477 1990 1960 2110 genheit immerhin auch individuell behandeln
464 2105 1945 2227 liesse. Vollkommen berechtigt hingegen fän-
470 2202 1939 2309 de ich es unter den heutigen Verhältnissen,
470 2290 1962 2428 wenn Sie, wie Sie es ja schon beim „Camanova“
475 2405 1941 2512 gemacht haben, mir nicht im Vorhinein sämmt-
470 2508 1937 2652 liche gedruckten, sondern nur die zur Ausga-
464 2629 1997 2761 be gelangten Auflagenreihen im entsprechenden
470 2713 1875 2824 Verhältnis honorieren würden. Wie Sie also
460 2816 1906 2906 som „Casanova“ gleich 40.000 Exemplare ge-
452 2902 1847 3040 druckt, mir aber erst nur 20.000 und dann
452 3007 1896 3112 nach Anbruch der nächsten 10.000 diese An-
448 3106 1953 3291 zahl honoriert haben, so würden sie etwa bei
3972 865 4229 996 septembre
2643 1064 4024 1173 einem Theaterstück, also z.B. bei den zu-
2637 1150 4203 1280 nächst erscheinenden „Schwestern“ sechs Aufle¬
2631 1263 4164 1391 gen drucken und mir zuerst nur drei und dann
2629 1343 4053 1487 erst bei Anbruch der nächsten Reihe diese
2623 1458 3769 1575 bezahlen. Wie denken eie darüber?
2820 1561 4071 1682 4. ) Für die Aufklärungen Prag.Bern-
4028 1651 4120 1734 Ora
2613 1664 4090 1785 hardi" bin ich Ihrem Verlag sehr verbunden.
2643 1779 4127 1904 Ich hatte die Abrechnung nicht genau durch-
2604 1867 4096 2007 gesehen, so war mir entgangen, dass jenerinn
2596 1964 4020 2103 me Posten von 1716 Mark von der Entsumme
2598 2052 3110 2183 abgezogen war.
2832 2144 4114 2325 Was die Direktion des Prager Theaters
2586 2274 4046 2401 mir ausserdem noch schuldig ist, sowohl die
2574 2379 3950 2489 Tantiemen für die späteren Aufführungen
2580 2487 4106 2604 des „Bernhardi“, vom Mai an,sowie die Diffe-
2580 2576 4046 2689 renzbeträge von „Liebelei“,“ Literatur“ und
2580 2685 3962 2806 „Anatol“ habe ich bisher nicht erhalten.
2580 2785 3946 2890 Wie immer aber diese Sache weiterlaufen
2574 2880 4069 3019 sollte, ob nun Herr Kramer nach wiederholter
2570 2968 4007 3104 Mahnung zahlt oder weiterhin zögert;- ich
2796 3067 2952 3134 mich
2572 3071 4069 3264 wünsch e gegenüber diesem unmöglichen Vorge-
