4419 4041
376 1056 1892 1153 Fall die für mich bestimmten Beträge an eine
702 1113 1713 1232 München überweisen zu lassen?
380 1153 651 1244 Bank in
655 1186 1313 1349 Herzlichst grüssend
445 3033 1238 3126 Herrn S.Fischer,Verlag,
508 3099 775 3184 Berlin.
2442 862 2966 973 Tascher.
3652 876 4030 997 14.4.1921.
2765 951 2968 1011 G.C.H.S.
2640 1096 3132 1208 Lieber Freund.
2885 1228 4076 1327 Ich bin völlig damit einverstanden,
2648 1319 4072 1408 wenn Sie nun, nachdem Sladek vorläufig von
3146 1362 4066 1450 absieht, was ich sehr be¬
2648 1372 3087 1442 seiner tourné
2646 1406 4121 1499 greiflich finde) die von einzelnen Theatern
2646 1463 4153 1531 kommenden Anfragen in Deutschland nach eige-
2648 1525 4163 1588 genem Ermessen behandeln, und bin davon über-
2646 1560 4182 1655 zeugt, dass Sie gerade in dieser Angelegenheit
2646 1620 4060 1722 auch weiterhin mit der gebotenen Vorsicht
2654 1673 3200 1766 vorgehen werden.
2879 1750 4054 1845 Dass Halmer, Frankfurt, von der Auf¬
3310 1794 4226 1898 aus den bekannten Gründen
2646 1798 3259 1906 führung des „Reise“
2646 1867 4196 1960 Abstand nehmen will, ist natürlich ohneweiters
2646 1930 3162 2029 zu akzeptieren.
3221 1995 4093 2110 anische Verleger, der sich
2879 2009 3227 2104 Der amerik
2648 2063 4238 2152 für eine Gesamtausgabe meiner Werke zu interes
2648 2120 4200 2217 sieren scheint, ist Thomas Selzer. Es ist der-
2640 2167 4194 2264 selbe, bei dem „Casanovas Heimfahrt“ in engli-
2646 2227 4097 2306 sche sprache erscheint. Ich höre das Beste
2654 2250 4218 2359 von ihm. Eine Dame, die eben aus Amerika kommt
2646 2333 4129 2409 Frau Pankner,und die in einiger Zeit wieder
2648 2361 4200 2444 dahin zurückkehren wird, hatte Gelegenheit mit
2646 2442 4196 2500 Herrn Selzer persönlich in Verbindung zu tre-
2652 2470 4214 2547 ten. Frau Paukner wird auch Ihnen voraussicht
2646 2535 4196 2604 lich demnächst ihre Dienste für amerikanische
2648 2585 4103 2644 Uebersetzungsangelegenheiten antragen; ich
2656 2602 4238 2703 möchte Ihnen Frau P. aufs Allerwärmste empfeh-
2658 2685 4212 2763 len. Auch Beer-Hofmann wird gern als Referenz
2654 2749 4107 2832 dienen. Ueber Herrn Bartsch hört man immer
2648 2788 3546 2893 und immer wieder dasselbe.
3332 2865 4269 2980 ohne Garantie abzuschlies -.
3020 2879 3142 2954 Ita
2640 2895 4115 3049 sen empfiehlt sich absolut nicht. Ich habe
