4428 4056
547 1159 2127 1318 der übersetzte) durch ein vortreffliches Kon-
547 1279 2105 1403 trollsystem, das dem der französischen Societé
547 1377 2103 1519 entspricht, vollkommen gegen Missbräuche aller
549 1491 2140 1637 Art geschützt sei. Es wird sich also empfhlen.,
537 1592 2105 1698 dass Sie sich entsprechenden Falls mit dieser
541 1686 2148 1810 Sociedad in Verbindung setzen. Beiläufig erwäh-
531 1786 2140 1912 ne ich noch, dass vor zirka einem Jahr ein Herr
537 1887 2152 2052 Alberto Blanco von der spanischen Botschaft in
535 1981 2105 2129 Wien bei mir war, der mich um Autorisation der
535 2093 2111 2253 Uebersetzung der „iebelei“ ins Spanische er-
543 2209 2046 2329 suchte. Der Termin war bis 31. Dezember 1919
537 2302 2020 2430 abgelaufen,, die Sache ist also erledigt. Im
537 2400 2156 2558 September v.J. besuchte mich ein Herr Karl Pit-
541 2502 2048 2636 ter vor seiner Abreise nach Madrid, der sich
541 2609 2013 2729 für eine Anzahl meiner Werke mit Rücksicht
529 2717 2093 2843 auf spanien interessieren wollte, von dem ich
529 2809 1814 2949 aber seither nichts mehr gehört habe.
726 2900 2152 3061 Die amerikanische Gesammtausgabe ist wohl
1596 3000 1708 3065 G.F.P.
531 3010 2087 3138 eine recht vage Sache. Warum geben die Leute
527 3112 2087 3280 nicht zuerst einzelne Bücher von mir heraus?
4139 830 4287 1043 1o4
4253 984 4375 1137 le
2634 1102 4141 1237 Ist ein solcher scheinbar weitausgreifender
2634 1210 4137 1340 Plan nicht eigentlich nur ein Versuch ohne
2624 1302 4253 1430 Uebernahme nicht sehr erheblicher Verpflichtun-
2640 1418 4161 1533 gen sich eine Priorität zu sichern?,von der
2642 1509 4200 1643 dann doch am Ende kein Gebrauch wird? Da auhh
2642 1637 4210 1739 ich einige ganz gute persönliche Verbindungen
2630 1706 4255 1863 mit Amerika habe, könnte ich eventuell Erkundi¬
2642 1818 4253 1942 gungen einziehen, wenn sie die Güte haben woll-
2632 1908 4249 2062 ten mir gelegentlich Namen der in Betracht kom-
2634 2030 3543 2164 menden Verleger zu nennen.
2864 2093 4246 2262 Wegen „Reigen“ habe ich an Reinhardt ge-
2640 2243 4169 2351 schrieben. Ich bleibe bei meiner Ansicht, dass
2630 2327 4210 2447 eine Uraufführung bei Reinhardt beträchtliche
3466 2404 3720 2455 VV.A.W.S.
3287 2402 3402 2467 sie
2609 2430 4165 2567 Erfolgschancen, dass aber andernfalls, selbst
2634 2540 4179 2662 bei guter Darstellung, aus allerlei Gründen,
2634 2640 4181 2776 die mit dem Künstlerischen gar nichts zu tun
2636 2715 4206 2872 haben, sehr daneben gehen kann. Keineswegs ist
2611 2831 4244 2971 etwas verloren,wenn wir noch zuwarten. Sollten
2628 2920 4206 3079 die Herren Zieglærung Hellmer gar zu ungedul-
2634 3028 4230 3207 dig werdense bliebe uns nichts übrigfals ihnen
