4340 3993
3996 856 4212 1004 20/8 15
1834 1012 1949 1111 84
2604 1040 4159 1174 eine dauernde, ja mit erneuten zuschlägen sich
475 1089 2018 1236 lig, doch da ich ferne davon bin, für mich nach
2596 1172 3990 1307 immer noch verschlimmernde Herabsetzung.
475 1202 1939 1315 irgend einer Seite Ausnahmsbestimmungen zu
2594 1285 4145 1404 der dem Autor kontraktlich zugebilligten per-
473 1285 1967 1410 beanspruchen, so bitte ich den Ausdruck die
2586 1376 4024 1503 zentuellen Beteiligung. Meine Unterschrift
463 1398 1980 1509 sermeiner Auffassung nur als einen ganz aka-
2586 1491 4117 1598 bezog sich damals nur auf die früheren, nicht
475 1495 1988 1632 demischen hinnehmen xxxxmen, ja, diese Frage
2586 1578 4088 1719 auf meine neu erscheinenden Bücher, trotzdem
481 1598 1899 1717 vorläufig nicht einmal als zur Diskussion
2573 1671 4109 1828 habe ich auch im Falle „Casanova“ keine Ein-
473 1697 1410 1832 gestellt ansehen zu wollen.
2576 1804 4125 1897 wendung gegen die immerhin etwas willkürlich
669 1800 2006 1927 3.) Weniger akademisch ist, was ich über
2573 1879 4076 2012 Teilung des Ladenpreises in Normalpreis und
473 1899 2006 2050 die perzentulle Beteiligung des Autors am La-
1105 1990 1244 2038 G.C.F.P.
2567 1972 4018 2109 Zuschlag erhoben, möchte aber doch bitten,
1305 1998 1986 2131 Exemplare zu sagen
469 2024 1265 2153 denpreis der broschiert
2576 2103 4062 2230 dass mir bei meinen höchsten Büchern wieder
467 2099 1891 2222 habe. Die Zuschlagsberechnunz,wie sie von
2576 2174 3963 2315 der volle Parzantsatzx Tantiemensatz von
473 2204 1899 2339 Ihnen und vielen anderen verlagsanstalten
2559 2289 4080 2420 25% von dem realen Ladenpreis des broschier-
463 2307 1992 2442 mit Hinblick auf die Preissteigerung des Ma-
2563 2412 4105 2509 ten Exemplares berechnet werde. Auch würde ich
467 2402 2004 2539 teriale eingeführt worden ist,bleibt für mich
2557 2491 4123 2650 ersuchen, dass bei neu hinzukommenden Zuschlä
475 2505 1850 2646 nach wie vor eine angreifbare Bestimmung
2551 2598 4097 2707 gen meiner alten Bücher der ursprünglich be-
467 2608 1994 2749 und vielleicht hätte ich es mir überlegt sei-
2543 2693 4078 2846 stimmte Perzentsatz wieder festgehalten wer-
461 2719 1988 2838 nerzeit durch eine Unterschrift mein Einver-
2541 2784 3953 2939 de und obenso, dass ausser dem gebundenen
461 2810 1879 2941 ständnis mit Ihrem Vorschlag zu erklären.
2549 2917 4175 3042 eine genügende Anzahl von broschierten Exempla
461 2911 1949 3030 wenn ich vorausgesehen hätte, dass xxxx
2521 2984 4046 3143 ren auf den Markt gelange mit Rücksicht auf
448 3024 1961 3169 mit diesem Usus praktisch am Ende nichts an-
2537 3115 4038 3264 die zahlreichen Käufer, die zwar noch bereit
454 3115 1881 3272 deres erreicht wird, als eine Herabsetzung
