4432 3960
3511 922 3934 1063 4. Juli 1919.
2350 877 2827 1073 Fischer
2851 1028 2970 1169 G.F.P.
2990 1234 3501 1377 Lieber Freund.
2820 1394 4118 1549 Herr Friese ersucht mich um meine Un-
2487 1490 4128 1637 terstützung in der zwischen Ihnen und ihm schwe¬
2512 1633 4081 1749 benden Angelegenheit und ich möchte mich der
2510 1725 4106 1854 Erfüllung dieses Wussches umso weniger entzie-
2504 1819 4047 1948 hen, als ich bei Prüfung der Sachlage leicht
2512 1909 4079 2074 erkannt habe, dass hier auch meine eigenen In¬
2518 2011 3949 2164 teressen, ja eigentlich die vieler Autoren
2518 2144 4002 2260 mit auf den Spiele stehmen, so dass ich viel-
2518 2256 4130 2367 leicht nicht ganz unbesichtigt bin in aller Be¬
2514 2352 4120 2473 scheidenheit meiner persönlichen Meinung Aus¬
2512 2436 3057 2565 druck zu geben.
2782 2532 4051 2665 Herr Friese xxxxxx behauptet, auf
2524 2626 4130 2759 Ihre Forderung nach barer Ausbezahlung der aus
2518 2724 4143 2871 Ihrem Verlag bei ihm liegenden Bücher oder nach
2518 2837 4057 2970 Rücksendung des grössten Teils dieses Lagers
2528 2925 4061 3084 schon deshalb nicht gefasst gewesen zu sein,
2530 3049 4137 3203 weil eine solche Forderung Ihrerseits nach den
