4457 4088
2397 988 3020 1139 Fischer
3425 1014 3841 1139 29.10.1923.
2417 1088 3043 1196 . -.. -. r.. r....,. - 't..t. -
2474 1243 2982 1354 Lieber Freund.
2734 1370 3980 1485 Eben erhalte ich einen Brief von Dr.
2495 1438 4121 1550 Hans Jacob, in dem er mir kurz von den zwischen
2491 1499 4121 1591 ihm, Ihnen und Pr.Marill gepflogenen Unterhandlung
2481 1538 4121 1636 gen erzählt, Ich glaube daraus zu ersehen, dass
2495 1599 4012 1685 wir ohne besondere Schwierigkeiten über die
2491 1650 4045 1728 zwischen uns schwebenden Fragen zu einer Ver¬
2501 1701 4057 1791 ständigung gelangen werden und verspare esmir
2501 1734 4088 1840 für heute auf Einzeheiten einzugehen,umsomehr
2495 1783 4143 1890 als ich Hans Jacob volles Vertrauen schenke und
2503 1847 4023 1939 ich ihm gern die weiteren Verhandlungen und
2503 1906 3988 1998 regelungen überlasse. Dieser Tage war Herr
2644 1943 4057 2065 am bei mir. Er wünscht für die universal
2546 1984 2656 2043 eol
2546 2025 2642 2088 1o1
2716 2010 4010 2088 thek einerseits ein Bändchen meiner Mo
2495 2025 2607 2098 but
2769 2051 4123 2143 (2 oder 3) und die „Liebelei“. loh glau¬
2497 2076 2777 2151 vallen
2499 2104 4025 2192 be nicht, dass so etwas für Ihren Verlag eine
2503 2145 4063 2250 irgendwie in Betracht kommende Konkurrenz be-
2503 2209 4008 2292 deuten könnte,besonders bei Arbeiten vonmir
2503 2264 4090 2348 die ja in Einzelausgaben zu den jetzigen teu-
2507 2292 4129 2393 eren Preisen kaum mehr in halbwegs nennenswer-
2513 2348 4129 2440 ter Anzahl verkauft werden. Mir aberwäreein Vor
2509 2405 4035 2495 teil sowohl im materieller als ideeller Hi¬
2513 2468 3996 2544 sic t gewiss, auf den ich unter den heutigen
2509 2513 3965 2591 Umständen nicht gern verzichten xxx möchte
2503 2552 4043 2658 die mich wohl auch juridisch nach dem wie
2513 2620 4072 2693 derhalten Abbröcklungen unserer vertraglichen
2507 2665 3965 2748 Verpflichtungen davon dispensieren würden
2513 2716 4119 2806 bei solcher gelegenheit Ihre ausdrückliche Ein¬
2474 2763 4037 2851 willigung zu erbitten. Aber ich will keines
2472 2812 3996 2916 wegs auch in dieser Sache etwas unternehmen,
2511 2881 3928 2980 ohne Ihre mir wertvolle Ansicht zu hören.
2924 2945 3634 3057 Mit herzlichem Gruss
3129 3031 3258 3125 Ihr
