4443 3993
561 1175 2117 1304 schriftlich zwischen Ihnen und ihm getroffenen
575 1308 2027 1405 vereinbarungen nicht vorherzusehen gewesen
569 1364 2154 1501 wäre und weil sie selbst mit Rücksicht auf die
569 1485 2089 1604 seit zwanzig Jahren bestehende Geschäftsver¬
569 1569 2154 1696 bindung einen schriftlichen festen Vertrag für
569 1664 2152 1813 überflüssig gehalten hätte. Bei der Auszahlung
573 1770 2041 1912 würde es sich, wie Herr Friese mir mitteilt,
575 1881 2085 2011 um eine Summe von ungefahr 300j000 Mark kan¬
573 1978 2064 2103 deln und man kann sich freilich leicht die
573 2056 2105 2226 Schwierigkeiten vorstellen, in die Firma
573 2193 2130 2308 Friese & Lang gelangen müsste, wenn sämmtliche
573 2274 2187 2409 oder auch nur eine geringe Anzahl von deutschen
573 2380 2161 2524 Verlagsanstalten mit einer ähnlichen Forderung
585 2481 2056 2621 Wie der Verlag S.Fischer an ihn heranträte.
848 2594 1976 2713 Der Fortbestand des Bücherlagers
581 2658 2033 2822 in seiner jetzigen Ausdehnung ist für Ihre
579 2785 2068 2927 Autoren, vor allem für die österreichischen,
579 2883 2128 3015 von ausserordentlicher Bedeutung, und es wäre
573 2988 2095 3134 für sie alle eine recht empfindliche Schädi-
594 3091 2130 3239 zum,besonders mit Rücksicht auf die heutigen
577 3200 2101 3389 Verkahrsverhältnisse, wenn das Lager im Sinne
3838 826 4009 957 4/+19
2512 1006 4003 1167 Ihrer Forderungen reduziert werden müssten.
2791 1128 4095 1255 Sozar unter den derzeitig bestehenden
2512 1249 4126 1388 Um ständen geht es ohne gelegentliche Schädi-
2520 1327 4071 1485 gungen der Autoreninteressen nicht völligxxx
2518 1444 4169 1579 Mein Buchhändler hat vor Herrn Friese eine klei-
2516 1534 4097 1672 ne Liste von Werken meiner Feder erhalten, die
2528 1633 4147 1809 augenblicklich nicht lieferbar seien. Herr wrie-
2555 1729 4138 1887 e selbst teilt mir mit, dass z.B. „Weites Land“
2534 1830 4138 1992 und „Bernhardi“ von ihm nicht geliefert werden
2532 1931 4171 2099 könnten, weil in Berlin nicht mehr genug Exempla-
2540 2054 4062 2175 Fe dieser Werke vorhanden seien. Der Papier-
2538 2146 4161 2313 raagel ist doch heute wohl nicht mehr so gross,
2543 2261 4003 2380 dass von viel verlangten Büchern (wie z.B.
2549 2313 4120 2499 .Bernhardi" nach der Wiener Aufführung) nicht
2549 2458 4144 2596 entsprechend viel Auflagen nachgedruckt werden
2545 2586 2844 2723 könnten.
2844 2635 4093 2791 Ungern erfahre ich auch dass so gut
2555 2773 4159 2898 wie zar keine broschierten Exemplare nach Wien
2549 2855 4130 3037 kommen. Darüber haben sich schon manche Fuch¬
2567 2978 4054 3099 händler und private Käufer bei mir beklagt,
