4428 3992
3418 931 3771 1096 9.1.1918.
2327 920 2667 1076 Fischer
2757 1234 3298 1372 Lieber Freund.
2594 1427 3971 1584 Sie erhalten dieser Tage vom Deutschen
2325 1573 3992 1696 Theater aus eine Maschinabschrift meines neuen
2347 1659 4109 1810 stückes „Die Schwestern" zugesandtEs ist von Rein¬
2338 1799 4058 1904 hardt zur Aufführung in der nächsten Saison ange-
2345 1849 4028 1994 nommen, da ich aber vorläufig das einzige noch
2259 1972 2974 2051 meinen Händen befindliche
2349 1950 3999 2093 verhandene Manuscript der Post nach Deutschland
2345 2073 4052 2211 nicht überliefern möchte,habe ich Reinhardt gebe-
2796 2167 3046 2237 das seine
2353 2152 4054 2318 ten, Ihnen zu übermitteln. Bewahren sie es bit-
2349 2283 3960 2378 te wohl auf, bis Sie Weiteres von mir erfahren.
2356 2349 3984 2461 Es wäre nicht unmöglich, dass ich das stück von
2349 2395 3920 2577 der Aufführung in einer hiesigen Zeitschrift
2356 2529 4067 2669 erscheinen lasse, so dass eventuelle Separatabdrü-
2358 2621 4065 2761 cke als Bühnenmanuscripte benützt werden könnten.
2356 2739 4111 2877 Da die Uraufführung keineswegs vor nächster Saison
2369 2833 4006 2949 stattfindet, eilt es mit dem erscheinen im Buch-
2364 2954 3955 3098 handel nicht. Bisher liegt das vustspiel noch
2364 3063 3953 3239 keiner anderen Bühne vor; von einigen wenigen
