4424 4007
2270 923 2679 1118 ^ is cher
3528 974 3895 1084 20.1.1919.
2785 1232 3379 1370 Lieber Freund.
2732 1334 4043 1495 Was Sie mir über Ihre Stimmung gegen¬
2418 1449 4086 1614 über Dr.R. schreiben, betrübt mich einigermassen.
2673 1561 2777 1606 aravant ee
2425 1606 4066 1680 lm Einzelnen muss ich ihnen ja unbedinzt Recht
2425 1663 4024 1797 geben. Es ist gewiss nicht richtig, dass R. für
2420 1773 3960 1890 seine Konferenzen mit Kipper ein Honorar in
2416 1882 4090 1998 Rechnung ste lt, möglicherweise ist auch die Sum-
2420 1969 4045 2104 me etwas zu hoch gegriffen, mit der er seine Ar-
2420 2072 4054 2195 beiten vor Antritt des eigentlichen Engapements
2416 2181 3670 2325 taxiert. Ob er berechtigt ist die K
3789 2198 4075 2361 in seiner
3663 2202 3795 2285 of the
3663 2255 3797 2327 G.H.F.P.
2410 2265 3946 2418 Wohnung als Bureaumiete zu berechnen, darüber
2401 2378 4102 2503 liesse sich verschiedener Ansicht sein. Ich glau¬
2401 2495 4073 2603 be schon, dass ihm hiefür ebenso wie für Telefon,
2408 2592 4009 2724 Beheizung und dergleichen ein gewissen Entgelt
2416 2694 4058 2823 gebührt. Das eigentliche Problem liegt freilich
2401 2781 4077 2942 bei der Frage,welche Art von Arbeiteund Vertre-
2410 2885 3871 3016 tung Sie von R. wünschen, und inwieweit Sie
2408 2989 4009 3139 ihm überhaupt Selbständigkeit der Entschlusse
