4419 3994
4 970 1552 1132 sich um eine Sammlung von Novellen, die früher
9 1107 1623 1241 in der „jugend“ gedruckt waren. Und so wurde ich
9 1212 1522 1336 um die einzig in Betracht kommende Novelette
2 1312 1623 1437 "Exzentrik" ersucht, zugleich mit der Frage nach
2 1403 1612 1528 meinen Honoraransprüchen. Da ich Ihren freundli-
2 1511 1582 1645 chen Rat abwartete, (der unter diesen Umständen
2 1619 1550 1707 vielleicht noch nachfolgt) habe ich bis heute
4 1681 1681 1850 noch nicht geantwortet. Von einer Schnitzler-Num-
0 1824 1589 1934 mer des Hirthschen Blattes „Weltliteratur“ ist
0 1921 1569 2025 mir bisher nichts bekannt geworden. Finden Sie
0 2003 1517 2153 so eine Sache nützlich, so habe ich natürlich
0 2129 1679 2213 nicht das Geringste dagegen einzuwenden, und bitte
0 2230 1636 2356 nur mich bei der Auswahl der zum Abdruck kommen-
0 2332 1509 2457 den Novellen (auch Finakter?) zu Rate zu
0 2423 1604 2552 ziehen. Gern höre ich, dass Sie wieder neue Auf-
0 2522 1675 2656 lagen meiner Ges.W. vorzubereiten haben.Gegen ei-
0 2630 1690 2760 ne Erhöhung des Preises habe ich umso weniger ein
0 2732 1604 2842 zuwenden, als sich ja dadurch selbstverständl ich
0 2842 1504 2963 auch mein perzentueller Anteil erhöhen muss.
212 2939 1606 3065 Sie em alten heute den „Graesler“ in den
0 3034 1677 3186 Ausschnitten des Berliner Tageblattes eingesandt.
2146 942 3866 1046 Umfang ist etwas grösser als „Beate“,etwas gerin-
2146 1065 3832 1176 ger als „Bertia Garlan“; für ein 3 Mark 50 _Buch
2148 1165 3832 1264 bei nährerer Ueberlegung doch etwas zu kurz.Ein
2144 1243 3787 1388 hübsch ausgestattetes 2 Mark 50-Bändchen dürfte
2137 1368 3771 1467 meiste Aussicht auf starken Absatz haben. Wegen
2153 1459 3793 1571 eines früheren erscheinen (vor Mitte Juni), etwa
2144 1571 3877 1662 zweite Hälfte Mai) müsste ich mich an das Berliner
2144 1647 3791 1811 Tageblatt wenden, das aber gewiss nichts dagegen
2140 1777 2542 1878 haben wird.
2414 1854 3724 1999 Es freut mich, dass meine Anregung das
2137 1954 3836 2116 Fräulein Feiks betreffend, gerade zu rechter Zeit
2137 2083 3687 2209 eingetroffen scheint. Hoffentlich knüpft sich
2140 2187 3860 2291 die Verbindung ernstlich an und ich zweifle nicht
2140 2276 3812 2414 dass sie für beide Teile günstig ausfallen wird.
2539 2373 3229 2555 Herzlichst grüssend
2766 2531 2887 2648 Ihr
