2386 3961
583 1083 2271 1186 ansprüche in Wien, Berlin und Hamburg nicht beizu
583 1169 2145 1318 pflichten, was Ihnen umso verständlicher sein
579 1293 2090 1423 wird, da Sie es selbst nicht tun. Sie haben
583 1402 2166 1490 tatsächlich weder in Hamburg,Deutsches Schau¬
583 1492 2204 1599 spielhaus, noch Berlin, Kleines Theater (wie ich
583 1587 2107 1696 aus den mir eben aus Steuer, ründen zur Hand
571 1689 2208 1820 liegenden Ausweisen pro 1914 ersehe) irgendwel-
583 1797 2029 1904 che Perzente in Abzug gebracht,nur in der
579 1893 2218 2004 letzten Verrechnung finde ich für die Liebelei-
577 1992 2023 2116 Aufführungen am Kleinen Theater in Berlin
577 2092 2214 2225 5% abgeschrieben. Was Hamburg anbelangt, erinne-
573 2191 2208 2311 re ich mich auch Ihnen seinerzeit mitgeteilt zu
567 2300 2212 2409 haben, dass zwischen mir und dem dortigen Schau¬
577 2403 2128 2539 spielhause eine Generalabmachung besteht.Sie
571 2510 2197 2626 haben ja auch bisher niemals von den Tantiemen
567 2598 2099 2705 doe das Schauspielhaus in Hamburg für meine
571 2697 2206 2846 Rechnung direkt an Sie überweist, irgend welche
552 2814 2204 2942 Perzente in Abzug gebracht, sind also in diesem
558 2905 2187 3014 wie in zahlredchen anderen Fällen höchst loya-
556 3031 2086 3152 ler Weise nicht nach dem mir gar nicht mehr
