4466 4072
430 960 1915 1105 supponierten Preis des broschierten, sondern
428 1052 1961 1147 eben von dem gebundenen einen Perzentsatz be-
438 1081 2012 1198 ziehen sollte und müsste. Wir haben seinerzeit
430 1147 2018 1260 hins schtlich der Gesammelten Werke Abmachungen
434 1192 2004 1311 getroffen, die von der Möglichkeit eines gerin-
442 1244 1911 1359 geren Absatzes ausgingen, als zu unserer Be¬
444 1277 1949 1408 friedigung erzielt worden ist und keineswegs
442 1345 1959 1442 denke Ich liegt ein Anlass vor den Autor ana
448 1384 2010 1503 lässlich einer Gesammtausgabe finanziel minder
448 1440 1967 1561 günstig zu behandeln als anlässlich von Ein-
450 1497 1980 1602 zelausgaben. Ich hoffe sehr, dass wir Gelegen-
448 1549 2030 1652 heit haben werden diese Frage noch mündlich zu
454 1606 1873 1705 behandeln, denn es wird sehr whrscheinlich,
446 1652 2022 1757 dass ich gerade in den ersten Maitagen in Ber¬
461 1705 1994 1810 lin sein dürfte, also zu einer Zeit,da Sie von
467 1749 1965 1852 Ihrer Erholungsreis e, auf die Sie meine herz-
467 1804 1974 1949 lichsten Wünsche begleiten, schon zurück sein
214 1810 293 1889 comme
461 1897 707 1994 werden.
701 1925 2026 2062 Sehr gern erfahre ich, dass Sie nun end-
463 2002 2052 2103 lich auch einzelne, mehr oder minder vergriffene
463 2060 2004 2163 Bücher von mir neuauflegen und ich bitte Sie
465 2103 1907 2226 sehr mir zu sagen,ob eines oder das andere
469 2149 2032 2272 eventuell noch ausgeschieden bleibt. Sind z.B.
467 2218 1572 2345 die „Marionet ten noch zu haben?
935 2283 2046 2363 iste der Frei-und Rezensionsexemp
473 2313 2083 2440 lare sende ich beifolgend zurück. In den jeni¬
762 2319 960 2400 vie P.
479 2390 2060 2493 gen Fällen, wo ich Zusendung der zwei Ergänzungs
473 2440 2042 2533 bände erbitte (Im Auftrag des Verfassers) habe
1384 2481 2030 2565 — Nuft Zusendung von
487 2509 1347 2586 ich zwei Striche beigefüg
479 2537 2038 2644 Rezensionsexemplaren können Sie wohl grössten
481 2596 2024 2685 teils absehen, es sei denn, dass in berücksich¬
479 2640 2000 2737 tigensworten Fällen ausdrücklich welche ver¬
487 2693 1996 2792 langt werden. Für mich selbst werde ich,wenn
487 2745 1965 2840 es so weit ist, einige Exemplare von den Er¬
487 2769 2077 2903 gänzungsbänden und einige wenige Gesammtexempl
481 2838 1957 2941 re erbitten Werden Sie auch Gesammtausgeben
491 2893 1963 3004 in Halb-oder gar in Ganzlederbänden erschät
485 2975 887 3095 nen lassen?
3297 479 3523 586 ....
2432 693 2842 933 Fischer
3806 816 4234 925 F. 25/5 2-
2881 1022 4052 1115 Ueber den Harzischen Vorschlag be-
2571 1058 4080 1166 treffs der Gesammtausgabe kann Ich mich kaum
2573 1135 4058 1228 äussern, da mir jede Beurteilungsmöglichkeit
2567 1188 4113 1267 fehlt. Da andere Verleger von Rang die Sache
2569 1234 4147 1337 gemacht haben wie Cotta u.A., so schien sie mir
2565 1281 3333 1388 jedesfalls diskutabel.
2848 1366 4066 1479 Dass Pichard Specht in seinem Ruoh
2559 1438 4076 1525 nur ein Bild von mir bringen will, wusste ich
2561 1485 4137 1574 nicht,er sohien mir vielmehr Ihren Einfall mit
2559 1543 4179 1638 den 4 oder 5 Bildern aus verschiedenen Lebensai-
2563 1588 4135 1695 tem sehr gut zu finden und so sende ich Ihnen
2559 1646 4054 1715 denn für alle Fälle heute zu den 4 Plotogra-
2559 1695 4074 1778 phien,die sie schon haben, eine 5. aus den
2551 1751 4032 1832 Jahre 1882, die ich als einzig existierendes
2557 1794 4026 1875 Exemplar mit Vorsicht zu behandeln und badd
2545 1840 4135 1945 möglichst zurückzuschicken bitte. Sie ist übri-
2549 1893 3990 1986 gens in dem eben erschienen Buch von Josef
2543 1957 4070 2040 Körner „A.S. Gestalten und Brobleme reprodu¬
2549 1994 3959 2085 zuert worden. Ich lasse Ihnen übrigens ein
2539 2038 4016 2135 Exemplar dises Buches zugehen,es dürfte Sie
2543 2095 3028 2192 interessieren.
2864 2178 3979 2297 Allerlei Anderes erledige ich in
2527 2226 3973 2355 dem beiliegenden Briefsan HerrnGreiner und
2523 2295 3117 2410 Herrn Dr. Kayser.
2858 2363 4002 2521 Mit herzlichen Grüssen und Reise-
2523 2420 2820 2525 wünsehen
3040 2491 3153 2582 Ihr
2507 2913 3309 3068 Herrn S.Fischer,Verlag.
2507 3004 2753 3101 Berlin.
