4428 4056
4100 894 4223 1016 ¬
2577 986 4164 1196 Aufenthaltes in Berlin mit Ihnen geschäftlich
458 1119 1959 1335 lan' und.Der Weg ins Freie" an mich gemaddt
2575 1147 4008 1262 ins Reine zu bringen. Schon am 1.Mai 1900
464 1219 2043 1405 hat, dass ich am 27.2.d.J. als Honorarbedingun-
2566 1229 4119 1368 habe ich Ihnen hievon Mitteilung gemacht und
472 1311 2055 1552 gen 10% vom Ladenpreis jedes Exemplars,zahlbar
2573 1319 4182 1479 wundere mich in Ihrem Schreiben vom 19. Mai die
485 1409 2002 1620 vor Erscheinen der betreffenden Auflagen für
2579 1446 4125 1577 Bemerkung zu finden, dass Sie ein Abkommen mit
491 1532 2086 1742 „Berta Garlan“ und „Gräsler“ je 5000, beim „Weg
2577 1530 4119 1685 Herrn Lasswitz nicht getroffen hätten, da Sie
491 1614 1988 1828 ins Freie" gegen 10.000 Kronen Garantie ge¬
2579 1640 4090 1796 dazu bisher von mir nicht ermächtigt worden
493 1734 2094 1908 fordert und seither von der Firma nichts wieder
2579 1744 4147 1890 seien. Ich ermächtige Sie nun hißemit nochmals
2587 1853 4020 1986 ausdrücklich,sowohl die Angelegenheit der
491 1883 933 2035 gehört habe.
744 1916 2112 2100 Herr Lasswitz vom Athasseum, mit dem ich
2595 1949 4153 2096 „Schwestern“, als die der andern in den voran-
511 2002 2100 2219 tor einigen Wochen persönlich in Wien über die
2591 2055 4139 2202 gehenden Zeilen erwähnten Werke, nämlich: „Mas-
1620 2131 2049 2225 estern" ver¬
2599 2135 4147 2294 ken und Wunder“, „Doktor Gräsler“ und „Casano-
519 2143 1634 2311 ungarische Buchausgabe der „Schw
1616 2205 1728 2286 G.C.P.
528 2247 2002 2427 handelte, hat meine Forderung, 10% vom Laden-
2603 2245 4194 2397 vas Heimfahrt" weiter zu führen. Ebenso ermäch-
519 2321 1990 2532 preis jedes Exemplars,Garantiesumme bei Ab
2605 2346 4131 2489 tige ich Sie (ich hatte Sie seinerzeit schon
532 2448 2074 2632 schluss des Vertrags, etwa der Höhe von 8 Auf¬
2593 2460 4192 2593 darum gebeten, aber es war Ihnen nicht möglich,
532 2524 2033 2738 lagen entsprechend, gerechtfertigt gefunden.
2599 2536 4076 2699 Näheres zu eruieren) die Angelegenheit des
540 2630 2043 2812 Ich habe ihm mitgeteilt, dass Herr Kostolany
2614 2648 4172 2800 „Doktor Gräsler“ von Verlagswegen in die Hand
544 2740 1992 2943 die „Schwestern“ für die Bühne übersetzen
2616 2759 4157 2908 zu nehmen und zu Ende zu bringen. Dass man in
562 2838 2102 3012 soll, er erklärte sich sehr einverstanden von
2609 2859 4168 3016 Ungarn berechtigt ist und deutsche und öster-
562 2953 2207 3112 dieser Uebersetzung für die Buchausgabe Gebrauch
2618 2965 4205 3110 reichische Autoren, sowie deutsche und österrei-
564 3059 2149 3250 zu machen und ich habe ihn ersucht die Angele-
2624 3047 4186 3243 chische Verlagsanstalten zu bestehlen ist un
560 3133 2092 3350 genheit anlässlich seines bevorstehenden Be-
