4417 3976
3958 834 4142 1000 4/815
1916 957 2004 1068 4
2483 1070 4114 1185 stimmung des Generalvertrages die Annahme einer
421 1084 2002 1224 Herr Fischer persönlich in Vorschlag gebracht,
2483 1179 4126 1298 sochen Canantiesumme unmöglich macht, so wollen
433 1216 1920 1345 als ich nach Zusammenbruch der Firma Entsch
2475 1279 4054 1403 wir's bei dem Vorschuss oder Raution bewenden
427 1312 1998 1429 trotz anderer mir vorliegenden Anträge unaufge¬
2487 1378 4079 1520 lassen. Ich bemerke noch ausdrücklich, dass ich
427 1409 2033 1540 fordert meine sämmtlichen Stücke seinem Rühnen-
2477 1479 4011 1618 den Abschluss über „Reigen“ in den Hamburger
433 1501 2017 1647 verlage überlissen Authorlaube ich mir neuer-
2481 1602 3978 1725 Kammerspielen ausdrücklich ihnen überlassen
421 1602 2062 1733 lich darauf aufmerksam zu machen, dass ich Ihnen
2477 1696 3988 1842 und dass hier schon die 7e Provision Geltung
421 1709 1910 1842 trotz der bekannten vetraglichen Bestimmung
2475 1785 2943 1928 haben sollen.
423 1805 1941 1947 auch die Mehrzahl meiner Berliner Abschlüsse
2785 1840 4073 2011 Dem Kollberger Stadttasater bitte die
421 1885 2002 2050 bisher überlassen, habe und die sZige Provision
2475 1990 3995 2097 gewünschte Fantiemenermässigung zu gewahren.
415 2004 1926 2146 bezaalt habe, obzwar ich ja ohne die allerge-
2473 2101 4120 2232 Solche Ermässigungen zu wohltätigen Zwecken oder
421 2128 2021 2247 ringste Mühe mit den betreffenden Bühnen direkt
2481 2183 4091 2329 auch vollkommene Wachlässe in berücksichtigens¬
417 2224 1988 2329 hätte verrechnen können. Doch mochte ich Ihnen
2473 2284 3972 2417 werten Fällen sind Sie jederzeit ermächtigt
415 2319 1959 2452 heute den vorschlag machen, vom ersten Oktober
2477 2389 4062 2532 zu erteilen, ohne meine Zustimmung erst einzu-
409 2428 1963 2555 d.J. von sämmtlichen Rühnen, mit denen Sie den
2467 2499 2709 2627 kolen.
411 2536 2021 2668 Abschluss für mich übernehmen, also auch Berlin,
3042 2565 3615 2717 Hochachtungsvoll
415 2621 1785 2760 Hamburg, nicht 5,sondern 7% zu berechnen.
704 2705 2029 2865 Direktor Ziegel dankt mir eben für die
400 2822 2013 2968 neberlas un. des „Reigen“ und erklärt sich aus-
392 2939 1994 3058 drücklich bereitt eine hohe Garantie zu zahlen.
390 3013 1949 3157 Nachdem uns also die ausnehmend thörichte Be-
