4424 4024
370 990 1923 1166 welche städte ausgeschlossen bleiben. Zur An¬
368 1154 1901 1271 nahme werden sich die Direktoren,wie wir nun
381 1224 1885 1344 oft genug erfahren haben, doch nur nach einem
368 1332 1848 1465 eventuellen Frfolg in Berlin oder Wien ent-
374 1424 1897 1539 schliessen. Sollte es doch schon zu Vertrags
374 1522 1991 1647 abschlüssen da und dort kommen, so bitte bei der
377 1631 1889 1782 Terminbestimmung darauf Rücksicht zu nehmen,
370 1725 1928 1872 dass die Fraufführung in Wien voraussichtlich
377 1838 1930 1946 Anfanz Dezember stattfinden wird, dass aber im
368 1923 1926 2071 Fall einer Verschiebung die anderen Bühnen je
370 2038 1893 2192 denfalls den Termin gleichfalls entsprechend
374 2140 1119 2292 weiterrücken müssteh.
536 2222 1887 2359 Ueber „Reigen“ kätte also mit Hellmen,
986 2327 1091 2382 arme
377 2345 1899 2439 Frankfurt abzuschliessen unter den schon be¬
405 2429 1876 2558 annten, in diesem Fall sehr wichtigen Grauf-
364 2539 960 2664 führungskautelen.
512 2619 1946 2775 Von Prag habe ich nun endlich die gesammte
387 2758 1919 2877 summe erhalten. Es wird sie vielleicht intere
362 2836 1823 2943 sieren, dass die letzte Einnahme „Professor
1228 2926 1567 3002 czechische
370 2932 1899 3043 Bernhardi“ am 16. Mai 5352 Kronen 90 h betrage
364 3028 1891 3184 hat, die grösste Einnahme seit der Erstauffüh
3835 900 4070 1029 200/1015
2451 1113 4029 1240 rung des Stückes. Seither, wenn ich nicht irre,
2453 1215 4052 1357 ist das Stück nicht mehr auf dem Repertoir des
2447 1346 4093 1426 Prager Deutschen Theaters erschienen. Man müsste
2441 1430 3988 1582 sich vielleicht in künftigen Fällen gegenüber
2451 1541 4005 1674 derartigen durchsichtigen Revancheakten eines
2458 1619 4013 1739 besonders vornehmen Direktors sicherzustellen
2464 1766 3996 1881 versuchen, wozu in demneuen, sonst nicht über¬
2447 1860 3970 1999 mässig geistreichen Generalvertrag sogar die
2451 1952 3227 2106 Handhabe geboten wäre.
2920 2075 3503 2228 Hochachtungsvoll
