4401 4040
1286 1414 1748 1529 G.C.F.P.
1282 1523 1412 1585 G.F.P.
1188 1708 1284 1798 G.F.P.
1395 2145 1550 2218 G.F.P.
1180 2577 1510 2679 F.T.K.
1464 2634 1547 2725 G.F.P.
3540 940 3887 1044 13.1.1921.
2514 936 2957 1113 äscher
3191 1023 3304 1128 G.C.F.P.
3177 1142 3266 1228 G.F.P.
2617 1145 3106 1264 Lieber Freund.
2744 1232 3924 1343 1. Direktor Sladek will mit „Reise
2623 1322 4070 1391 in verschiedenen deutschen Städten gestie-
2623 1364 4064 1441 ren. Mit Ausnahme der grössern städte wird
2627 1412 4047 1487 der „Reigen“ wohl an regullären Bühnen in
2621 1476 4041 1548 Deutschland trotz des grossen Berliner Er
2627 1527 3970 1591 folges kaum gegeben werden können. Eine
2627 1539 4100 1656 Tournée mit dem offenbar bewährten Berliner
2627 1631 4006 1702 Ensemble dürfte wohl das Vorteilhafteste
2627 1664 4037 1742 sein. Ist München zum Abschluss gekommen?
2623 1729 4133 1802 Haben Aufführungen in Leipzig, Frankfurt, Ham-
2629 1781 4020 1852 burg stattgefunden? Und Prag! Ich bitte
2625 1825 3999 1901 die Sache mit Sladek freundlichst weiter
2629 1846 4125 1955 zu führen und gegen Kaution (je nach Ausdeh¬
2629 1928 4001 2015 nung der Reise, und 10% eventuell abzu -
2629 1988 3012 2068 schliessen.
2798 1992 4121 2124 Ausland auch für deutsche Tournéen be-
2617 2084 3252 2185 halte ich mir vor.
2796 2145 4123 2253 2. Ich weiss nicht,ob es viel Sinn hat
2623 2233 4077 2306 dass Dr. Eirich Jugoslawische Angelegenhei-
2629 2281 4091 2349 ten, die mich betreffen, an Sie weiterleitet
2625 2326 4097 2425 Sie haben ja kaum irgend einen Einblick in
2627 2381 4114 2452 die jugoslamischen Verhältnisse und könnten
2636 2437 4133 2506 auch nichts anderes als ich: einfach auf Tre
2633 2489 4150 2579 und Glauben hinnehmen, was Eirich vorschlägt,
2636 2544 4121 2638 abschliesst,abliefert. Wozu dann der Umweg
2633 2602 4052 2673 über Berlin? Wenn Sie übrigens auch einen
2633 2642 4152 2713 Vorteil für mich darin sehen, dass meine jugo
2638 2707 4164 2786 slawischen Angelegenheiten über Berlin gehen
2631 2751 4035 2824 - das wissen sie ja selbst am besten- so
2640 2799 3601 2884 verfügen Sie in diesem Sinne
2836 2809 4141 2930 Sie hatten im Sommer Verhandlungen we¬
2638 2892 4183 2995 gen einer Buchausgabe des „Bernhardi, wohüber
2644 2959 3667 3055 Ich nichts weiter gehört habe.
2949 3018 3908 3118 Ich teile Ihnen mit, dass ich
2659 3105 4118 3216 1. Casanovas Heimfahnt mit dem Veleger Selze
