4413 3991
268 1029 1295 1144 rascht mich aufs Angenehmste.
552 1117 956 1175 Première...
438 1132 1780 1273 Zur xxx von „Fink und liederbusch“
272 1228 1801 1328 bin ich natürl'ch in Wien.Falls das stück in
274 1348 1827 1467 Berlin Erfolg haben sollte, wäre es wohl denk-
268 1459 1868 1567 bar, dass ich zu einer der späteren Vorstellun-
272 1541 1801 1666 gen hinfahre. Auf den widerspruch der Presse
262 1635 1887 1764 bin ich gefasst, obwohl ich für meinen Teil das,
272 1729 1807 1848 was man an diesem Stück als Satyre auffassen
266 1838 1833 1960 könnte, im Ganzen recht mild finde. Es ist Ihnen
266 1932 1825 2050 wohl bekannt, dass das schwankhafte Grundmotiv
256 2038 1764 2177 in einem stück von Tristan Bernäd „Les deux
266 2161 1790 2282 canards" (es ist in Wien und in Berlin unter
260 2257 1827 2347 dem Titel „Er und der Andere“ mit mässigen Er¬
262 2370 1747 2456 folg aufgeführt worden) vorweggenommen ist.
260 2470 1835 2566 Meine Komödie war in dem Zeitpunkt, da mir der
262 2554 1907 2666 Inhalt des Tristan Bernard’schen stückes bekannt
262 2654 1795 2779 wurde, in der Skizze und im Szenarium bereits
262 2764 1881 2855 ziemlich weit gediehen und ich hielt es für al-
254 2867 1889 2967 le Fälle für notwendig,um gegenüber eventuellen
254 2961 1762 3098 plagiatbeschuldigungen gerüstet zu sein,das
246 3076 1862 3168 bis dahin von mir Geschriebene vervielfältigen
2286 943 3808 1156 in einigen Exemplaren versiegeln und so den
2288 1072 3841 1254 Tatbestand aufbewahren zu lassen.Nachdem ich
2292 1209 3839 1340 das Bernard'sche Stück selbst kennen gelernt
2300 1312 3851 1439 hatte, erschien mir meine Vorsicht allerdings
2300 1383 3894 1555 fast übertrieben, und ich glaube kaum, dass ich
2304 1504 3917 1643 Gelegenheit haben werde von jenen Aufzeichnun-
2320 1588 3790 1772 gen Gebrauch zu machen. Immerhin,sie sind
2320 1766 2672 1864 vorhanden.
2580 1805 3876 1952 Gegen das erscheinen einer hollandi¬
2318 1897 3906 2077 schen Uebersetzung von „Comtesse Mizi“ in der
2318 1981 3953 2167 Monatsschrift „Croot-Nederland“ zu einem Ihnen
2325 2122 3781 2261 angemessen erscheinenden Honorar habe ich
2335 2218 3876 2368 selbstverständlich nichts einzuwenden.Beleg-
2339 2339 3327 2468 exemplar seinerzeit erbeten.
2777 2443 3372 2562 Herzlichen Gruss
3041 2533 3168 2656 Ihr
2353 2705 3771 2873 Die von Ihnen angekündigten Neuen Bücher
2363 2832 3910 2979 interessieren mich diesmal mehr oder weniger
2370 2934 3957 3080 alle und so würde ich um gelegentliche Zusen¬
2370 3051 3227 3204 dung höflichst ersuchen.
