4417 3992
3497 913 3831 1023 2.4.1919.
2283 847 2710 1040 Fischer
2845 1148 3393 1347 Lieber Freund.
2818 1305 4030 1527 Besten Dank für die Einsendung des
2517 1469 4030 1633 Eirich'schen Briefes. Das Landesstatut, nach
2532 1573 4032 1696 dem das Prager Deutsche Theater nur 5% Tan¬
2839 1673 2963 1720 ^n
2528 1683 4080 1830 tiemen zahlen durfte, hat für unseren Fall na-
2534 1756 3978 1940 türlich keine Geltung, sonst hätte sich ja
2540 1889 4082 2044 vor allem Direktor Krauer darauf berufen, was
2534 1971 4018 2138 er wohlweislich nicht getan hat. Wir haben
2540 2104 3984 2260 übrigens ja schon in anderen Fällen gegen
2534 2198 4051 2358 diese Bestimmungen erfolgreichen Einspruch
2548 2295 4020 2445 erhoben. Aber selbst die rechtskraft eines
2555 2378 4090 2550 solchen statuts könnte wohl den Direktor des
2553 2476 4065 2646 Prager Landestheater verhindern mehr als 5%
2544 2609 4026 2775 für abendfüllende Stücke zu zahlen, niemals
2565 2700 4036 2864 aber den Autor dem Theater seine Stücke zu
2561 2766 4111 2963 diesem Satz zu überlassen. Ich lege hier die
2567 2870 4068 3061 Abschrift eines zweiten Briefes an Direktor
2582 2999 4128 3152 Kramer zur gefälligen Durchsicht bei, von un-
2578 3121 4047 3244 serem standpunkt gehen wir selbstverständ-
