4419 4072
526 1060 1907 1175 Gewicht meines Namens einerseits und dem
559 1146 2063 1222 Billigkeitsgefühl der Direktoren, Uebersetzer
557 1213 1926 1273 Unterhändler, mit denen wir zu tun haben,
563 1240 2036 1332 kommt mir immer ärgerlicher zu Bewusstsein,
585 1299 1813 1373 je mehr ich gleich so vielen anderen
557 1344 2020 1422 Schriftstellern zur Herstellung eines rela¬
571 1414 1899 1479 tiven budgetären Gleichgewichts auf das
565 1432 1975 1533 Geldverdienen und insbesondere auf auslän
571 1510 1983 1578 dische Einnahmen angewiesen bin. Trotzdem
573 1569 2003 1639 liegt es keineswegs in einem Bereicherungs
571 1610 2014 1680 bedürfnis begründet, wenn ich vielfach vor-
565 1649 2036 1735 zlehe mit dem Ausland direkt zu verhandeln,
567 1715 1989 1774 als vielmehr in meinem Bedürfnis die Ver¬
571 1764 2003 1827 handlungen zu vereinfachen.Sehr oft vermag
571 1813 2011 1876 ich personlich mehr und dies auf rascherem
563 1866 1926 1934 Wege zu erreichen, als durch Vermittlung.
563 1921 1989 1983 weilich nicht immer. Und Sie können sich
563 1966 2050 2050 denken, wie froh ich wäre, wenn ich alle diese
563 2022 2009 2083 zeitraubenden vorrespondenzen ein für alle
567 2073 2038 2142 Mal los wäre und müsste ich selbst für eine
567 2122 1997 2187 solche verleichterung nicht 12 oder 15,son
565 2187 2032 2255 dern 20 oder 25% meiner Einnahmen hergeben.
962 2235 1977 2345 Aber sind die Erfahrungen, die
550 2290 1991 2402 Sie und ich mit z.B. mit Ihren bisherigen
565 2396 2028 2456 ame rikanischen Vertretern, Barth und Kauger,
559 2425 1981 2503 gemacht haben, so besodders ermunternd.Die
557 2476 2009 2552 paar Novellen, die ich persönlich nach xxx
565 2535 1936 2603 rika verkauft habe, haben mir mehr einge¬
559 2578 2009 2654 bracht, als das, was jene fragwürdigen Inödi
565 2638 1971 2693 viduen uns gelegentlich zu überlassen die
571 2693 1829 2756 besondere Gewogenheit hatten. Und die
567 2730 2028 2824 Kirpatrik & Brandt leuchten mir zum mindes-
565 2791 2007 2855 ten noch nicht ein. Sie schrieben mir ein
557 2842 1968 2912 mal, sehr verehrter Herr Greiner, dass K.u.
559 2895 1973 2963 B. etwas für Thomas Mann in Amerika durch
559 2936 2009 3012 gesetzt haben. Wüsste ich nur was so lies¬
559 2994 2030 3057 se sich ja vielleicht über die Sache reden.
552 3045 2009 3110 Der Brief von K. & B., den Sie mir im Sommer
563 3104 1983 3168 Übermittelten, und zu dem ich mich schon
563 3151 2026 3223 von Feldafing aus in einem Bleistiftschrei¬
557 3194 1946 3256 ben ausführlich äusserte, wirkte in jedem
544 3241 2059 3337 Fall durchaus lächerlich auf mich, doch teile
2568 1019 4168 1168 Ich keineswegs Ihre Auffassung, dass v.& B., die
2570 1101 4160 1220 doch schliesslich die Vertreter des Verlag Fi-
2568 1168 4086 1279 scher sind, nicht verpflichtet gewesen seien,
2574 1213 4146 1306 diesem Verlag von dem Erscheinen eines meiner
2576 1269 4007 1369 Werke in einem der grössten Verlagshäuser
2576 1299 4076 1418 Anerikas Mitteilung zu machen. Die Finschrän
2582 1355 4166 1473 kung, die ich mir hinsichtlich K. & B. erlaubte,
2580 1406 4180 1510 war ja nur die, dass ohne meine Genehmigung von
2584 1463 4146 1567 ihnen kein Abschluss in Amerika gemacht wor¬
2589 1510 4052 1617 den dürfe und ich nehme auch an, dass nicht
2593 1569 4015 1678 passive Obstrüktion daran schuld war.wenn
2595 1619 4144 1721 ihnen K. & B. von dem Erscheinen meines Romans
2593 1653 4236 1770 bei Knopf nichts schrieben, sondern mangelnde Um¬
2593 1709 4176 1831 sicht. An Knopf habe ich vorläufig nichts an¬
2595 1760 4178 1870 deres geschrieben als ein Ersuchen um Auskunft
2599 1813 4117 1921 von wem er die Rechte erworben Verlagsrechte
2601 1862 4211 1983 für meinen Roman für Amerika erworben. Ich wer¬
2601 1913 4195 2032 de die cache keinesfalls auf sich beruhen las-
2627 1936 4248 2071 en.umso weniger als die in England erschienen
2601 2026 4166 2122 Uebersetzung von Horace B.Samuel meines Erinn
2607 2046 4236 2183 nerns fast um ein Viertel des originals gekürzt
2613 2120 4080 2224 ist. Darf ich Sie bitten mir die Abschrift
2609 2173 4254 2280 eventuell die Originaldokumente zu überschicken,
2615 2218 4174 2345 die beweisen, dass der englische Verleger oder
2613 2277 4111 2394 seine Erben berechtigt waren über mein Werk
2615 2331 4199 2431 ohne weiteres Entgelt auch über Amerika zu ver
2615 2396 4144 2490 fügen und dass ich damit einverstanden war,
2625 2435 4082 2541 dass mein Poman um den petrag von 500 Mark
2623 2451 4221 2603 nicht nur für England, sondern auch für Amerika
2631 2535 4150 2640 vakauft werde. Sie waren es gewiss auch nicht
2625 2574 4160 2691 und es handelte sich gewiss nur um ein Verse
2631 2625 4256 2744 hen, um eine irrtümliche Auffassung, deren Folgen
2623 2697 3808 2818 zu tragen ich wenig Lust verspüre.
2977 2769 4121 2879 Zur Rücksichtsnahme auf Wottitzky
2636 2861 4193 2951 fühle ich mich wirk mit Ihnen verpflichtet,
2636 2893 4127 3000 doch wäre es vielleicht an der Zeit, wie das
2640 2947 4209 3065 doch üblich ist, für eine entsprechende Verlän
2640 2994 4240 3104 gerung der Optionsfrist auch eine neue Zahlung
2640 3055 4140 3215 zu fordern. So wenigstens rät Gilbert Seldes
