4417 3992
492 1032 2021 1160 so bitte gelegentlich nachzusehen,ob „Anatol“
488 1131 1673 1257 2. und 15. Mai 1918 beglichen wurde.
828 1298 1518 1399 Herzlichst grüssend
1071 1405 1203 1483 Ihr
2301 863 2682 1086 Fischer
3457 935 3840 1067 18.4.1919.
2841 1152 3366 1372 Lieber Freund.
2816 1355 4095 1541 Die Nachfragen bezüglich des „Reigen“
2476 1479 4073 1619 nehmen bedenkliche Dimensionen an, Gestern ge-
2470 1599 4040 1706 langte durch Herrn Harz, der „von allen Seiten
2464 1689 4036 1817 bestürmt " wird der Antrag eines Berliner Di-
2474 1790 4027 1951 rektors mit einer ganz unwahrscheinlichen Ga¬
2470 1895 3941 2011 rantiesumme ein,Reinhardt hat mir neulich
2474 1988 4044 2165 auch wieder telegraphiert, und da auch in Wien
2470 2103 4038 2250 von allen Seiten gedrangt wird, denke ich doch
2470 2200 4054 2309 im Laufe der nächsten Zeit hier und dort abzu-
2464 2299 4073 2474 schlesen. Auch an Vorlesungsanträgen, mangelt
2480 2406 4132 2571 es nicht. Vor wenigen Tagen habe ich einen ausneh
2464 2505 4058 2682 mend günstigen für Wien und die Provinz erhal-
2470 2649 3972 2717 ten, schwanke aber noch in der Erwägung, dass
2468 2713 4066 2837 vorhergegangene Vorlesungen der Theaterwirkung
2474 2806 4079 2981 eventuell nachteilig sein könnten. Die meisten
2468 2909 4073 3028 Vorlesekünstler scheinen aber zu glauben,
2468 3014 4116 3154 nicht nur dass sie das Werk irgend eines Autors
2476 3125 4083 3267 lesen können wo und wann es ihnen beliebt, ohne
