4428 4056
4190 851 4320 960 xx4
4135 941 4247 1084 11
2108 962 2208 1124 10
2618 1013 4173 1147 daran aus den eben erschienenen Mitteilungen
2650 1124 4190 1238 des Schutzverbandes deutscher Schriftsteller
561 1133 2215 1290 die Kaution zurückzugeben, womit natürlich meine
2652 1233 4221 1366 folgende Stellen zitieren? „Festgestellt wur-
561 1254 1988 1393 seits jede Verpflichtung aufgehoben wäre.
2641 1307 4217 1488 de, dass auch unter den gegenwärtigen Verhält-
582 1366 2145 1475 Auf Ihren Brief vom 18.4. möchte ich noch
2645 1416 4158 1547 nissen ein Verfasser mit der Verkürzung 20%
567 1462 2187 1586 in Kürze zurückkommen. Sie haben, wie Sie schrei-
2629 1515 4263 1694 des Ladenpreises als Tantieme wohl beanspruchen
546 1551 2206 1696 ben, die Absicht, Ihren Autoren den Worschlag zu
1290 1647 1477 1704 au moins une selle
2637 1620 4076 1784 könne, vorausgesetzt, dass mehrere Auflagen
548 1679 2175 1811 machen, dass sie eine Tantième von 20% auf die
1797 1740 1969 1801 G.H.F.P.
2627 1721 4139 1876 zugleich gedruckt werden können und dass es
565 1790 2145 1889 neuen Ladenpreise bekommen,wogegen Sie einen
681 1855 1099 1925 dans un autre rue de ses rêveaux.
2624 1828 4070 1986 sich um einen gelesenen Verfasser handelt.
561 1866 2108 1994 Verlegerteuerungszuschlag von 20% ausserhalb
2811 1927 4219 2063 „Die vorgeschlagene Regelung soll in kei-
561 1963 2208 2103 des Ladenpreises erheben können. Wenn ich diese
2627 2034 4015 2147 nem Fall dazu füheren, dass der Verfasser
561 2074 2250 2202 Rechnung richtig verstehe, so heisst das ja eben,
2614 2126 3877 2282 unter seine bisherigen Sätze sinkt.
565 2177 2059 2295 dass der Autor nicht 20, sondern weniger als
2830 2248 4154 2364 „Bei der Beurteilung dieser Vorschläge
565 2286 2135 2404 20 erhält, und ich weiss nicht recht, warum der
2618 2326 4150 2484 ist zu berücksichtigen, dass an sich der Ver-
557 2404 2221 2517 wirkliche Sachverhalt auf diese Weise, sagen wir,
2616 2450 4146 2591 fasser einen unentziehbaren Anspruch auf die
561 2482 2236 2627 stilisiert werden soll. Sie erwähnen ferner, dass
2612 2555 4110 2700 Tantiemen auch an dem neuen Ladenpreis hat,
565 2587 2143 2717 8 angesehene belletristische Verleger mit dem
2614 2637 4156 2803 dass aber die Verleger anscheinend sie nicht
565 2687 2217 2795 Schutzverband deutscher Schriftsteller einen Ho-
2608 2748 4125 2887 gewähren können und dass sie für die Verfas¬
555 2782 2234 2902 norarmodus besprochen haben, nach dem das verein-
2612 2841 4041 3001 ser, die ihre Vorschläge nicht annehmen, das
565 2893 2238 3005 barte Honorar bis zur Höhe von 20% weiterbezahlt
2603 2948 4074 3101 Zwangsmittel werden anwenden neue Auflagen
555 2971 2196 3114 werden soll, mit der Bedingung, dass 25% der Auf-
2606 3059 3236 3190 nicht zu drucken.
561 3091 2244 3244 legen honorarfrei bleiben. Darf ich im Anschluss
