4349 4057
826 1115 2127 1275 Miss Fanny Johnson, die vor dem Krieg
523 1217 2091 1333 wiederholt über meine Werke in der literari-
559 1251 2091 1387 schen Beilage der Times berichtet hat, bittet
557 1315 2117 1442 mich durch den hiesigen Universitätsprofessor
559 1369 2049 1496 Arnold ihr zum Zwecke der Berichterstattung
561 1420 2031 1540 meine seit Kriegsbeginn erschienenen Werke
569 1482 1999 1578 übermitteln zu lassen. Wollen Sie also so
569 1496 2135 1636 freundlich sein Miss Fanny Johnson in Cankxx
577 1576 2011 1684 Cambridge, Ramsey House, Barton Road)die be
577 1624 1961 1754 treffenden Bücher, also: „Doktor. Gräsler,
583 1678 1973 1807 „Casanovas Heimfahrt, Komödie der Worte
581 1730 1995 1855 „Fink und Fliederbusch“,..Die Schwestern
581 1821 976 1923 zuzusenden.
902 1845 2039 1989 eind die Verhandlungen in England
585 1919 2119 2049 über „pannhardi" und „Liebelei“ zum Abschluss
1548 2003 1656 2069 —
1408 2005 1488 2059 cette
577 2031 898 2125 gelangt?
898 2037 2161 2179 Hat sich für das Gastspiel des Daut¬
589 2105 764 2177 G.A.F.S
593 2127 2093 2254 schen Theaters in Skandinayien irgend etwas
593 2183 2107 2296 realisteren lassen? Ich erhoffe mir Ihre Un¬
604 2226 2137 2342 terstützung, wann ich immer Gelegenheit haben
610 2276 2071 2398 sollte, mich, wie in diesem Falle, gegen den
614 2334 2103 2456 Versuch von Tantiemenherabsetzungen, sei es
610 2380 2161 2516 nun aus Valuta-oder anderen Gründen zur Wehre
604 2484 976 2586 zu setzen.
964 2496 2187 2651 Ich würde wieder einige Freiexemple
622 2590 2095 2699 re von einzelnen meiner Bücher dringend be-
618 2631 2187 2767 nötigen, eventuell auch Rühnexemplare. Macht
616 2683 2187 2813 es jetzt besondere Schwierigkeiten? eine grös
618 2743 2177 2859 sere Anzahl von Büchern auf einmal herüberzu-
616 2843 882 2937 senden?
1101 2883 1682 3005 Herzlichen Gruss
1289 2971 1397 3060 Ihr
3721 978 4128 1105 29.11.1920.
2542 958 2919 1139 Fischer
4016 1151 4134 1219 d 30:
2743 1119 3972 1239 de répondue en l'intérieur à l'imme.
2625 1273 3128 1395 Lieber Freund.
2917 1385 4261 1494 Da ich die letzten Honorarverrechnungen
2639 1478 4245 1556 auf der Basis von 20% des Ladenpreises udd des
2643 1524 4128 1602 freien 25%igen Verlagszuschlages akzeptiert
2643 1560 4168 1666 habe, bedarf es natürlich keiner weiteren Er-
2643 1630 4200 1722 klärung von meiner Seite, dass ich dmit einver
2649 1678 4182 1756 standen bin. Dieses Einverständnis möge vor¬
2649 1726 4243 1807 läufig bis zum 31. Juli 1931 gelten. Wir wollen
2649 1766 4257 1869 hoffen, dass bis dahin mein perzentueller Anteil
2649 1839 4213 1903 wieder seine frühere oder wenigstens eine an-
2661 1865 4206 1979 gemes jene Höhe erreicht. (Dass nicht alle Ve¬
2657 1921 4221 2027 leger auch bei 20%iger Tantieme auf den Laden
2661 1985 4215 2075 preis einen freien Verlagszuschlag von 28% in
2663 2035 4219 2115 pechnung stellen ist -hnen wahrscheinlich be-
2657 2095 4170 2169 kannt. Aber ich nehme an, dass mein Entgegen-
2647 2121 4227 2260 kommen Ihnen den Neudruck nstwandig von Aufla¬
2657 2201 3240 2304 gen erleichtert).
2965 2262 4208 2370 Auch mit Ihrem Vorschlag auf Teilung
2663 2332 4223 2438 des Reingewinns in dem Einzelfall der teueren
2667 2388 4255 2488 Luxusausgabe des „Casanova“ (circa 125 Exempla
2661 2446 4227 2520 re) erkläre ich mich einverstanden. (In einem
2667 2498 4120 2609 Vertrag, den ich über eine Luxusausgabe des
2669 2508 4225 2625 „Reigen“ abgeschlossen habe, sind auch für die
2669 2594 4225 2675 teuersten Exemplare eine 10%ige Autorenbetei-
2667 2659 4243 2733 ligung vorgesehen. Ueber die Anzahl der Frei -
2675 2687 4259 2775 exemplare der illustrierten „Casanova -Ausgabe
2667 2741 4237 2849 haben wir noch nicht korrespondiert. Darf ich
2679 2811 3543 2919 ihren Vorschlag erbitten?
2977 2877 4180 2987 An welches Sortiment soll ich mich
2671 2963 4188 3052 wegen der anderen neulich erwähnten Freiexen
2675 3005 4114 3094 re wenden? Ich glaube nicht, dass in wien
2679 3020 4225 3144 alles zu haben sein wird. Von meiner Gesammt-
2673 3090 4279 3216 ausgabe habe ich seinerzeit nur den geringsten
