2386 3961
1639 902 2048 1033 30.12.1916.
419 897 824 1060 Tischer
1049 1203 1569 1323 Lieber Freund.
844 1405 2087 1522 Vorerst Ihrer freundlichen Anregung
509 1518 2072 1641 folgend ein Wort über meine neueren Arbeiten
1713 1606 1801 1657 G.F.P.
1974 1622 2087 1670 G.C.H.P.
532 1622 2093 1733 epischen Charakters. Die eine, eine Erzählung,
520 1723 2132 1834 erscheint im Laufe des ersten Quartals 1917 im
515 1822 2130 1945 Berliner Tagblatt; ich bin zwar nicht entzückt
513 1920 2060 2025 davon sie dort notwendig in ein paar Dutzend
511 2015 2119 2148 dreispaltiger Fortsetzungen zerteilt zu sehen,
505 2124 2154 2234 aber ein gutes Honorar ist weder in Kriegs-noch
505 2210 2119 2339 in Friedenszeiten ein leerer Wahn. Eine zweite
499 2347 2046 2446 Arbeit,Novelle,ist gleichfalls fertig,so gut
501 2421 1984 2545 wie fertig, Länge etwa zwischen „Beate“ und
501 2536 2119 2643 „Berta Garlan" und ich habe selbst schon daran
489 2616 2140 2750 gedacht sie eventuell der Neuen Rundschau anzu-
489 2740 2103 2865 bieten. Im Laufe des Januar könnte ich sie Ih-
479 2840 2080 2957 nen wohl schicken und xxxx werde dann, im
470 2945 2113 3068 Falle sie auch Ihnen und Bie zum Abdruck in der
479 3052 2119 3173 Neuen Rundschau geeignet erschiene.Ihrem Hono¬
723 3395 809 3481 e
