4439 4056
464 1075 2011 1199 mich voraussichtlich auf eine Vortragsreisein
478 1163 2003 1227 die Cechoslowakei, Brünn, Prag, wahrscheinIch
474 1209 1973 1289 Teplitz, Aussig, Reichenberg. Hoffentlich sind
472 1271 1949 1331 die Buchhändler in den grösseren cechoslowa
468 1315 1907 1405 kischen Städten mit meinen Büchernleidlich
478 1377 790 1469 versorgt.
770 1435 1549 1559 Mit herzlichen Grüssen
606 2602 1035 2708 v. Th. S.Fischer,
486 2680 764 2774 Berlin.
2502 750 2712 855 "
2353 901 2724 1125 toutes
3546 979 3912 1111 6.10.1 & 2.
2482 1211 3398 1371 Verehrtester Herr Greiner.
2774 1331 3990 1467 1. Aus Kopenhagen erhalte ich (durch
2538 1413 4073 1523 den Schriftsteller Thomsen) die Nachricht,das
2540 1469 4015 1571 das Betti-Nansen -Theater den „reigen vor-
2550 1517 4035 1631 bereits. Ist Ihnen davon etwas bekannt? Ist
2556 1571 3986 1673 vielleicht durch Herrn Kalckar ein Vertrag
2552 1609 4059 1743 geschl a sen worden? Ich habe keinerlei Auto-
2554 1705 3112 1803 riation erteilt.
2792 1743 4071 1883 2. Haben Sie aus Spanien hinsichtlich
2564 1825 4063 1937 „Komödie der Worte etwas Neues gehört? Hät-
2568 1855 4095 1975 ten wir nun das Recht, da nach der Zahlung von
2556 1923 4011 2027 300 Pesos für Buch-und Aufführungsgarantie
2552 1967 4067 2093 koine weiters Nachricht an mich gelangt ist,
2598 2029 4065 2143 frei zu verfügen? Ist ein bestimmter Ter
2556 2091 3410 2217 min festgesetzt gewesen?
2804 2147 4045 2285 3. Wenn die Zahlung für die jüdische
2610 2227 4047 2355 ebersetzung des „Toten Gabriel noch nicht
2576 2291 4017 2406 der Deutschen Bank überweisen sein sollte,
2572 2351 4119 2482 so bitte diesbezüglichen Auftrag zu erteilen.
3704 2414 4027 2524 stehe ich
2814 2452 3640 2558 4. Ueber.Zwischenspiel
2532 2476 4143 2636 für Amerika in Unterhandlung mit Herrn Spach¬
2678 2562 4093 2664 dessen Frau Mrs. Kalisch es spielen will,
2582 2606 4125 2700 diese Verhandlungen dürften in Kürze zu einem
2546 2660 4091 2770 Resultat führen. Bei dieser Gelegenheit er
2584 2724 4011 2802 fuhr ich, dass Alice Kaiser sich nach wie
2592 2762 4005 2860 vor als Vertrerin des Verlages Fischer ge
2616 2792 4101 2906 riert und in dieser usurpierten Eigenschaft
2592 2872 3950 2982 ablehnte das Aufführungsrecht.Zwischen
2590 2940 3258 3050 spiel zu vergeben.
2870 2972 4047 3100 5. Ich wiederhole meine Anfrage, ob
2608 3022 4153 3178 Kirpatrik & Brandt schon irgend einen nennen?
2590 3124 4055 3228 Werten Abschluss für irgend einen Autor in
2592 3168 4091 3292 ihrer Vertretung gemacht haben und wäre für
