4439 4056
385 1147 1499 1279 gefällige Antwort sehr dankbar.
667 1254 1603 1345 6. Hat sich die Angelegenheit
460 1285 2010 1406 Luxusausgabe „Casanovas Heimfahrt“ uelter ent¬
421 1384 849 1465 wickelt?
1285 1451 1998 1546 chische Tänzerin“ zum
873 1473 1538 1601 Polen „Gries“.
770 1463 865 1554 Ist
1570 1530 1736 1605 G.C.F.P.
442 1530 1116 1623 Abschluss gekommen?
744 1595 1542 1708 Mit verbindlichem Gruss
964 1682 1587 1767 Ihr sehr ergebener
452 2863 1070 2977 Herrn Leo Greiner,
462 2946 1048 3017 S.Fischer,Verlag.
456 2995 707 3078 Berlin.
2330 717 2733 837 P.
3489 950 3894 1056 24.10.1922.
2334 849 2723 1088 Frate
2492 1155 3473 1272 Sehr verehrter Herr Greiner.
3183 1218 3546 1307 1
2814 1303 4121 1394 1.Ich bin gerne bereit mich der Aktion
2529 1358 3982 1445 zur Eintreibung der beschlagnahmten Gelder
3471 1424 3992 1501 Custodian anzu¬
2498 1431 3195 1495 etc. etc. beim Alien
3295 1451 3400 1520 pel
2500 1469 4113 1552 schliessen und lege die Abschrift eines Briefes
2500 1534 4115 1593 bei, aus dem Sie ersehen mögen,wie ich die Ihnen
2496 1576 4081 1651 zu erteilende Ermächtigung mit meinem Anliegen
2500 1629 4052 1708 an die Liga in Einklang zu bringen suchte und
2496 1688 3777 1767 dem Sie hoffentlich zustimmen werden.
2802 1769 4016 1860 2. Was meine Forderung an die Green-
2904 1830 4095 1903 Is anbelangt, so handelt es sich tat
2492 1822 2764 1899 which-P
2636 1882 2762 1927 G.C.F.P.
2500 1882 4075 1945 sächlich um zweimal 300 Dollars. Von den ersten
2504 1933 4075 1998 300 machten sie mir Mitteilung in einem Briefe
2506 1998 4077 2063 vom 22. Oktober 1919, dem eine Abrechnung beige-
2506 2038 3976 2134 legt war, über Aufführungen der „Komödle der
2500 2075 4089 2166 Worte und des „Einsamen Wegs in Amerika„Koä
2492 2138 4026 2205 modie der Worts 300 Dollar, der „Einame Weg“
2511 2192 4125 2255 (Christians) 162 Dollar.
2498 2239 4127 2310 xxxxxxxxxxx xxx xxxx
2500 2292 4048 2350 rücknet. xxx
2498 2342 4008 2409 Was die zweiten 300 Dollar anbelangt,so will
2500 2389 4113 2472 ich nur einen Brief von Hans Bartsch an den Ver
2498 2450 4014 2508 lag S.Fischer vom 2.Januar 1920 zitienen, der
2490 2484 4103 2579 mir in Abschrift vorliegt und in dem es heisst:
2498 2549 4105 2622 „Der Inhalt meines Briefes vom 20.8.v.J.scheint
2498 2600 3939 2669 Ihnen im übrigen entfallen zu sein,da Sie
2511 2656 4075 2713 jetzt anfragen, wofür die für „Komödie der Wor-
2498 2705 4042 2772 te verrechneten 300 Dollar bestimmt seien. In
2511 2758 4014 2833 jenem Briefe habe ich Ihnen geschrieben, dass
2500 2806 4008 2869 Ich von dem genannten Theater für den Zyklus
2498 2853 3976 2916 einen Tantiemenvorschuss von 300 Dollar als
2494 2889 4044 2975 Advence Royalty bezeichnet.nie Aufführungstan
2500 2970 3992 3017 tieme betragt, wie Ihnen ebenfalls in meinem
2490 3007 4046 3072 Briefe vom 20.8.mitgeteilt,50 Dollar pro Wo -
2498 3050 4038 3124 ehe und pro Stück. Wir haben nie eine genaue
2496 3106 4048 3195 Abrechnung vom Gr.V.Th. bekommen können,haben
2490 3169 4048 3262 aber festgestellt, dass das „Bachusfest zirka
