4419 4072
2465 843 2761 970 P.S.C
3243 905 3330 995 +
3631 903 3991 1024 19.2.1923.
2558 1129 3509 1242 Sehr geehrter Herr Greiner.
3191 1183 3523 1275 1 1/2 1/4 rt rt
2952 1252 4076 1379 1. Ryding, der mir voriges Jahr in
2535 1331 4163 1426 Holland persönlich einen guten Eindruck machte,
2543 1387 4192 1480 hatte dadurch ein mischen an Kredit bei mir ver¬
2560 1431 4215 1541 oren, dass er sich, wie sie sich erinnern worden,
2543 1482 4074 1582 auf den sonderbaren Standpunkt stellte, Ziegel
2552 1526 4099 1665 habe eigentlich das Recht,Zwischenspiel und
2562 1590 4123 1694 „Reigen“ ohne meine Bewilligung in Holland zu
2562 1632 4107 1742 spielen. Oder bezog sich diese Auffassung auf
2556 1676 4221 1779 die holländische Darstellung der „Reigen Szenen
2564 1732 4217 1837 bei Vanderlust? Jedesfalls war ich es, der damals
2562 1796 4138 1896 an Vanderlust telegraphierte, in den holländi-
2558 1842 4169 1943 sch en zeitungen protestierte und Vanderlust an
2568 1877 4190 1989 wies die mantienen der Wiener Kinderhilfsaktion
2583 1943 4128 2043 (ohne Umweg ) zu überweisen.Dass Ryding berech
2577 1993 4105 2089 tigt war fus eventuell aufgelaufenen Kosten
2531 2024 4188 2151 sich schadlos zu halten stelle ich nicht in Abre
2570 2093 4032 2188 de. Warum es aber ihnen, sehr geehrter Herr
2575 2128 4209 2247 Freiner, als Vorwurf erscheint, wenn ich Ihre aus-
2577 2201 4142 2294 drückliche Erwähnung der Verzichtleistung auf
2577 2247 4069 2348 eine provision in diesem Fall als Selbatver
2575 2298 4159 2408 ständlichkeit ausah, ist mir nicht ganz klar ge
2577 2354 4132 2452 worden. Und so wenig es mir einfällt Sie „für
2585 2417 4086 2504 einen provisionsgierigen Agenten" zu halten,
2581 2456 4134 2562 ebenso bitte ich um den Vorzug mich trotz des
2577 2502 4074 2612 manchmal lebhaften Tones, mit dem ich meinen
2583 2527 4173 2676 Rechtsgefühl Ausdruck geben mag, nicht etwa als
2577 2631 3770 2712 habgierigen Querulanten anzusehen.
3021 2683 4248 2788 Dass dieses allgemeine Rechtsgefühl
2585 2757 4140 2855 sich vorzüglich anlässlich der Wahrung meiner
2585 2801 4223 2911 eigenen -nteressen kundgibt „liegt in der Natur
2587 2865 4128 2963 der sache. Oft genug nehme ich Gelgenheit zu
2589 2911 4248 3017 beweisen. dass es mir weniger auf die finanzille,
2591 2965 4258 3065 als auf die prinzipielle Seite der Urheberfragen
2593 3023 4238 3119 ankommt. Immerhin: das steigende Missverhältnis
2585 3079 4165 3210 zwischen der Verbreitung meiner Werke, und dem
