4413 3991
436 933 1807 1071 könnte und ob Sie in der Lage wären ein
427 1043 1831 1175 Henerar von 5000 Mark für sie zu zahlen,
444 1158 1900 1321 (d.h.für den Vorabdruck in der Neuen Rund-
430 1253 1856 1426 schau). Sie könnten die Maschinschrift in
436 1392 1071 1492 10-14 Tagen haben.
569 1490 1949 1583 Die angewiesene Summe (Garantierest von
436 1570 1769 1697 Barnowski und neue Graesler-Auflagen)
438 1693 1943 1801 habe ich dankend erhalten, ebenso den Scheck
436 1814 1964 1894 für die schwedische Uebersetzung des „Graas
436 1892 1913 1981 ler“,dor etwas unvorsichtiger Weise in ei-
444 1977 1820 2108 nem unrekommandierten Schreiben an mich
453 2101 1871 2216 gesandt wurde. Damit ist auch eine Aufrage
444 2216 1919 2338 der Frau Elly Palngren im Auftrag des Ver¬
442 2307 1911 2423 legers K.J.Bolin in gleicher Angelegenheit
444 2410 739 2506 abgetan.
612 2459 1888 2605 Uraufführung „Fliederbusch“ zugleich
436 2578 1953 2694 Berlin-Wien-München 14. November. Sollten an-
438 2686 1847 2848 dere Bühnen am gleichen Tage (aber nicht
440 2817 1816 2929 früher) das Stück spielen wollen, so ist
440 2920 1399 3035 nichts dagegen einzuwenden.
756 2980 1448 3105 Herzlichst grüssend
925 3126 1069 3234 Ihr
3481 846 3915 1033 12.10.1917.
2406 834 2967 1103 "Geme"
2717 1191 3701 1331 Sehr verehrter Herr Greiner.
2787 1412 4023 1530 Soeben habe ich das folgende Tele-
2482 1498 4091 1636 gramm an Helmer abgesandt: „Aus der mir mit Ih-
2446 1608 4057 1727 ren Einverständnis übersandten Abschrift Ihres
2442 1725 4027 1814 Briefs an Fischer entnehme ich leider zu spät
2436 1820 4055 1953 dass Sie Bühnenerfolg Fliederbusch für unwahr-
2434 1919 4021 2036 scheinlich halten. Fern davon Ihnen oder sonst
2442 2006 4012 2154 irgend einem direkter jemals ein Stück aufzu-
2451 2137 4137 2226 drängen, erbitte ich meine Komödie allerdringendst
2451 2220 4080 2330 von ihnen zurück, ja würde Rücktritt vom Vertrag
2442 2330 3991 2463 als besendes Gefälligkeit betrachten. Hiemit
2442 2436 4051 2548 erledigt sich auch Ihre unter diesen umständen
2432 2525 4084 2652 besonders überraschende Anfrage betreffs Urauf-
2429 2620 2738 2736 führung.
2741 2717 3947 2846 Sie ersehen hieraus, sehr verehrter
2110 2827 2292 2937 G.H.F.P
2355 2836 4057 2946 Herr Greiner, seinen standpunkt zu dieser Ange¬
2432 2929 4086 3058 legenheit und ich möchte nur noch ein paar Wer-
2423 3043 3970 3200 te zur näheren Erklärung hinzufügen. Es ist
