2386 3961
1597 889 1956 995 7.6.1916.
509 935 908 1095 scher
851 1099 1349 1305 Lieber Freund.
753 1302 2113 1421 Ich bestätige hiemit dankend die letzte
433 1394 2140 1519 Abrechnung des „Geronimo“. Von den bei uns befind-
1137 1487 1241 1523 G.T.H.M rn
473 1485 1964 1619 lichen Luxusexemplaren sind diesmal nur 11
477 1616 2060 1701 Stück à 5 Kr.d.i.55 Kr. dazuzurechnen.Es ver-
477 1708 2115 1833 bleiben also noch weitere 27 Exemplare bei uns.
475 1809 2041 1922 (bei Schmutzer und mir). Diese 58 Kr. ziehen
477 1905 2094 2022 Sie mir gefälligst von der nächsten Tantiemen.
479 1990 2062 2119 abrechnung ab. Die für die Kriegsblinden der
486 2128 2077 2253 österr.ung.Armee entfallende Summe senden Sie
486 2225 2134 2340 gütigst wieder mit der gleichen Formel wie das
473 2293 2064 2437 letzte Mal an die Neue freie Presse, natürlich
479 2437 2032 2543 mit dem Bemerken, dass es sich um eine zweite
482 2543 950 2673 Rate handelt.
857 2586 2055 2749 Die Notizen über ein neues von mir
486 2709 2007 2857 verfass tes und vom Burgtheater angenommenes
486 2834 2081 2959 Bühnenwerk entsprechen nicht der Wahrheit. Ich
486 2912 2181 3048 habe bisher für die nächste Saison nichts bühnen
486 3038 2077 3201 fertig gemacht, und weiss auch nicht,ob ich es
