<?xml version="1.0" encoding="UTF-8" standalone="yes"?>
<PcGts xmlns="http://schema.primaresearch.org/PAGE/gts/pagecontent/2013-07-15" xmlns:xsi="http://www.w3.org/2001/XMLSchema-instance" xsi:schemaLocation="http://schema.primaresearch.org/PAGE/gts/pagecontent/2013-07-15 http://schema.primaresearch.org/PAGE/gts/pagecontent/2013-07-15/pagecontent.xsd">
    <Metadata>
        <Creator>prov=READ-COOP:name=TrHtr:version=2.1.0:model_id=51170:date=27_07_2023_22:03</Creator>
        <Created>2023-05-02T07:57:38.677+02:00</Created>
        <LastChange>2023-07-27T22:03:29.119+02:00</LastChange>
        <TranskribusMetadata docId="1416739" pageId="54953380" pageNr="269" tsid="131304527" status="IN_PROGRESS" userId="64420" imgUrl="https://files.transkribus.eu/Get?id=PARKSKMLRNLHACIBKJWKZNTY&amp;fileType=view" xmlUrl="https://files.transkribus.eu/Get?id=XEMHFGPXDMEDNBEOOKLTZZWU" imageId="44457105"/>
    </Metadata>
    <Page imageFilename="1416739_0269.jpg" imageWidth="4419" imageHeight="4072">
        <ReadingOrder>
            <OrderedGroup id="ro_1711828067574" caption="Regions reading order">
                <RegionRefIndexed index="0" regionRef="tr_3"/>
                <RegionRefIndexed index="1" regionRef="tr_1"/>
                <RegionRefIndexed index="2" regionRef="tr_4"/>
                <RegionRefIndexed index="3" regionRef="tr_2"/>
            </OrderedGroup>
        </ReadingOrder>
        <TextRegion id="tr_3" custom="readingOrder {index:0;}">
            <Coords points="474,1018 2047,1018 2047,1926 474,1926"/>
            <TextLine id="tr_3_tl_1" custom="readingOrder {index:0;}">
                <Coords points="464,1111 1531,1071 1617,1108 1853,1098 1855,1027 1625,1002 1117,1046 1006,1010 883,1060 464,1052"/>
                <Baseline points="474,1104 513,1104 558,1101 603,1101 647,1098 692,1098 737,1098 782,1095 826,1095 871,1092 916,1092 961,1089 1006,1086 1050,1086 1095,1083 1140,1083 1185,1083 1229,1080 1274,1080 1319,1077 1364,1077 1409,1077 1453,1074 1498,1074 1543,1077 1588,1086 1632,1086 1677,1083 1722,1083 1767,1077 1812,1068 1858,1070"/>
                <TextEquiv>
                    <Unicode>der übrigens nicht wegen des „Weiten Land</Unicode>
                </TextEquiv>
            </TextLine>
            <TextLine id="tr_3_tl_2" custom="readingOrder {index:1;}">
                <Coords points="506,1163 1939,1133 1987,1039 1801,1100 1531,1071 508,1117"/>
                <Baseline points="516,1161 546,1155 591,1152 635,1152 680,1149 725,1149 770,1146 814,1143 859,1143 904,1140 949,1140 994,1140 1038,1140 1083,1140 1128,1140 1173,1137 1218,1134 1262,1134 1307,1134 1352,1134 1397,1131 1441,1134 1486,1131 1531,1128 1576,1125 1621,1125 1665,1119 1710,1116 1755,1119 1770,1119 1809,1116 1853,1110 1898,1107 1943,1104 1988,1107"/>
                <TextEquiv>
                    <Unicode>sondern wegen des „Einsamen Negs im Namen</Unicode>
                </TextEquiv>
            </TextLine>
            <TextLine id="tr_3_tl_3" custom="readingOrder {index:2;}">
                <Coords points="506,1215 1911,1180 1911,1129 506,1169"/>
                <Baseline points="516,1206 528,1206 573,1203 617,1203 662,1200 707,1200 752,1197 797,1197 841,1197 886,1197 931,1194 976,1191 1020,1191 1065,1188 1110,1188 1155,1185 1200,1185 1244,1182 1289,1182 1334,1182 1379,1182 1424,1179 1468,1179 1513,1176 1558,1173 1603,1173 1647,1170 1692,1170 1737,1167 1782,1164 1827,1158 1871,1161 1916,1161"/>
                <TextEquiv>
                    <Unicode>des Guildtheaters mit mir gesprochen. Für</Unicode>
                </TextEquiv>
            </TextLine>
            <TextLine id="tr_3_tl_4" custom="readingOrder {index:3;}">
                <Coords points="506,1259 1711,1244 1978,1217 1978,1178 506,1215"/>
                <Baseline points="516,1256 549,1253 594,1250 638,1253 683,1250 728,1250 773,1250 817,1250 862,1247 907,1244 952,1244 997,1241 1041,1241 1086,1238 1131,1235 1176,1235 1221,1235 1265,1235 1310,1232 1355,1232 1400,1229 1444,1229 1489,1226 1534,1226 1579,1223 1624,1221 1668,1221 1713,1221 1758,1218 1803,1215 1847,1212 1892,1212 1937,1209 1982,1212"/>
                <TextEquiv>
                    <Unicode>die heurige Saison kommt es übrigens keines</Unicode>
                </TextEquiv>
            </TextLine>
            <TextLine id="tr_3_tl_5" custom="readingOrder {index:4;}">
                <Coords points="512,1315 1987,1280 2045,1270 2047,1203 1284,1270 514,1261"/>
                <Baseline points="522,1307 525,1304 570,1307 614,1307 659,1304 704,1301 749,1301 794,1298 838,1298 883,1295 928,1295 973,1292 1018,1289 1062,1289 1107,1289 1152,1289 1197,1286 1241,1286 1286,1286 1331,1283 1376,1280 1421,1280 1465,1277 1510,1274 1555,1274 1600,1274 1644,1271 1689,1271 1734,1268 1779,1265 1824,1265 1868,1262 1913,1262 1958,1262 2003,1259 2047,1259"/>
                <TextEquiv>
                    <Unicode>wegs mehr in Betracht und ich habe keinerlei</Unicode>
                </TextEquiv>
            </TextLine>
            <TextLine id="tr_3_tl_6" custom="readingOrder {index:5;}">
                <Coords points="517,1361 1594,1324 1801,1357 1935,1322 1937,1280 519,1311"/>
                <Baseline points="528,1355 555,1355 600,1355 644,1352 689,1349 734,1352 779,1355 823,1346 868,1349 913,1346 958,1346 1003,1343 1047,1343 1092,1340 1137,1340 1182,1340 1226,1337 1271,1331 1316,1331 1361,1331 1406,1328 1450,1328 1495,1325 1540,1325 1585,1325 1629,1322 1674,1322 1719,1319 1764,1319 1809,1316 1853,1316 1898,1313 1943,1310"/>
                <TextEquiv>
                    <Unicode>vertrag geschlossen. Da Sie die Angelegen-</Unicode>
                </TextEquiv>
            </TextLine>
            <TextLine id="tr_3_tl_7" custom="readingOrder {index:6;}">
                <Coords points="514,1414 1845,1387 1918,1370 1920,1330 1407,1336 1318,1372 1223,1336 515,1359"/>
                <Baseline points="525,1412 534,1409 579,1406 623,1403 668,1403 713,1403 758,1400 803,1397 847,1397 892,1397 937,1397 982,1397 1026,1394 1071,1391 1116,1391 1161,1388 1206,1385 1250,1385 1295,1385 1340,1385 1385,1382 1429,1379 1474,1379 1519,1376 1564,1376 1609,1376 1653,1373 1698,1370 1743,1370 1788,1370 1832,1367 1877,1364 1922,1361"/>
                <TextEquiv>
                    <Unicode>heit Wottitzky doch bis zum heutigen Tage</Unicode>
                </TextEquiv>
            </TextLine>
            <TextLine id="tr_3_tl_8" custom="readingOrder {index:7;}">
                <Coords points="514,1483 1897,1443 1920,1376 515,1414"/>
                <Baseline points="525,1465 534,1465 579,1456 623,1456 668,1450 713,1450 758,1450 803,1450 847,1450 892,1447 937,1444 982,1444 1026,1444 1071,1444 1116,1444 1161,1441 1206,1438 1250,1435 1295,1435 1340,1432 1385,1432 1429,1432 1474,1429 1519,1426 1564,1426 1609,1424 1653,1424 1698,1424 1743,1421 1788,1421 1832,1421 1877,1421 1922,1415"/>
                <TextEquiv>
                    <Unicode>persönlich geführt, (obwohl sich Wottitzky</Unicode>
                </TextEquiv>
            </TextLine>
            <TextLine id="tr_3_tl_9" custom="readingOrder {index:8;}">
                <Coords points="521,1516 1690,1504 1893,1479 1895,1428 521,1477"/>
                <Baseline points="531,1510 555,1507 600,1507 644,1507 689,1504 734,1501 779,1504 823,1501 868,1501 913,1498 958,1498 1003,1495 1047,1495 1092,1492 1137,1492 1182,1489 1226,1489 1271,1489 1316,1486 1361,1486 1406,1483 1450,1480 1495,1477 1540,1477 1585,1477 1629,1477 1674,1474 1719,1474 1764,1474 1809,1468 1853,1468 1898,1468"/>
                <TextEquiv>
                    <Unicode>zuerst an mich direkt gewandt hatte) und</Unicode>
                </TextEquiv>
            </TextLine>
            <TextLine id="tr_3_tl_10" custom="readingOrder {index:9;}">
                <Coords points="523,1573 1911,1543 1924,1483 525,1516"/>
                <Baseline points="534,1558 540,1561 585,1558 629,1558 674,1555 719,1555 764,1555 809,1552 853,1549 898,1549 943,1549 988,1546 1032,1543 1077,1543 1122,1543 1167,1546 1212,1543 1256,1540 1301,1540 1346,1540 1391,1534 1435,1531 1480,1531 1525,1531 1570,1531 1615,1528 1659,1528 1704,1528 1749,1522 1794,1522 1838,1519 1883,1519 1928,1519"/>
                <TextEquiv>
                    <Unicode>ich mich mit jeder Ihrer Verfügung einver</Unicode>
                </TextEquiv>
            </TextLine>
            <TextLine id="tr_3_tl_11" custom="readingOrder {index:10;}">
                <Coords points="517,1619 1870,1594 2012,1564 2014,1522 519,1577"/>
                <Baseline points="528,1615 537,1612 582,1612 626,1609 671,1609 716,1606 761,1603 806,1603 850,1603 895,1600 940,1600 985,1600 1029,1597 1074,1594 1119,1591 1164,1591 1209,1594 1253,1591 1298,1588 1343,1585 1388,1582 1432,1585 1477,1582 1522,1582 1567,1579 1612,1579 1656,1576 1701,1576 1746,1576 1791,1573 1835,1570 1880,1573 1925,1567 1970,1564 2015,1561"/>
                <TextEquiv>
                    <Unicode>standen erklärt hatte, ist mir nicht ganz er-</Unicode>
                </TextEquiv>
            </TextLine>
            <TextLine id="tr_3_tl_12" custom="readingOrder {index:11;}">
                <Coords points="523,1667 1809,1652 2022,1625 2024,1577 525,1623"/>
                <Baseline points="534,1665 549,1662 594,1659 638,1656 683,1656 728,1653 773,1653 817,1653 862,1653 907,1653 952,1650 997,1650 1041,1647 1086,1644 1131,1641 1176,1641 1221,1638 1265,1638 1310,1638 1355,1638 1400,1635 1444,1635 1489,1632 1534,1632 1579,1629 1624,1629 1668,1627 1713,1624 1758,1624 1803,1624 1847,1624 1892,1621 1937,1621 1982,1618 2027,1612"/>
                <TextEquiv>
                    <Unicode>findlich, warum Sie wünschen, dass gerade Herr</Unicode>
                </TextEquiv>
            </TextLine>
            <TextLine id="tr_3_tl_13" custom="readingOrder {index:12;}">
                <Coords points="521,1717 1889,1700 1999,1631 724,1658 617,1696 523,1667"/>
                <Baseline points="531,1713 567,1710 611,1710 656,1710 701,1707 746,1707 791,1707 835,1701 880,1701 925,1701 970,1701 1015,1698 1059,1695 1104,1695 1149,1692 1194,1692 1238,1689 1283,1689 1328,1689 1373,1686 1418,1683 1462,1683 1507,1683 1552,1680 1597,1680 1641,1680 1686,1677 1731,1677 1776,1674 1821,1671 1865,1671 1910,1671 1955,1665 2000,1662"/>
                <TextEquiv>
                    <Unicode>W. sich von nun an nur direkt an mich wen -</Unicode>
                </TextEquiv>
            </TextLine>
            <TextLine id="tr_3_tl_14" custom="readingOrder {index:13;}">
                <Coords points="519,1771 1667,1759 1981,1732 2008,1663 1897,1702 1799,1671 521,1719"/>
                <Baseline points="531,1764 534,1764 579,1761 623,1761 668,1761 713,1758 758,1758 803,1755 847,1755 892,1755 937,1752 982,1752 1026,1749 1071,1746 1116,1746 1161,1743 1206,1743 1250,1743 1295,1740 1340,1740 1385,1737 1429,1737 1474,1734 1519,1734 1564,1734 1609,1731 1653,1731 1698,1728 1743,1728 1788,1725 1832,1725 1877,1725 1922,1719 1967,1719 2012,1713"/>
                <TextEquiv>
                    <Unicode>den solle. Ich habe natürlich gar nichts da</Unicode>
                </TextEquiv>
            </TextLine>
            <TextLine id="tr_3_tl_15" custom="readingOrder {index:14;}">
                <Coords points="523,1834 2031,1784 2033,1723 525,1773"/>
                <Baseline points="534,1824 561,1815 606,1812 650,1812 695,1812 740,1809 785,1806 829,1806 874,1803 919,1803 964,1800 1009,1800 1053,1800 1098,1800 1143,1800 1188,1797 1232,1794 1277,1794 1322,1791 1367,1788 1412,1788 1456,1788 1501,1785 1546,1782 1591,1782 1635,1782 1680,1779 1725,1776 1770,1779 1815,1776 1859,1776 1904,1773 1949,1770 1994,1770 2038,1770"/>
                <TextEquiv>
                    <Unicode>gegen einzuwenden, jedenfalls aber müsste ich</Unicode>
                </TextEquiv>
            </TextLine>
            <TextLine id="tr_3_tl_16" custom="readingOrder {index:15;}">
                <Coords points="529,1874 1761,1847 2006,1828 2022,1780 531,1832"/>
                <Baseline points="540,1865 546,1862 591,1862 635,1862 680,1859 725,1859 770,1856 814,1856 859,1856 904,1853 949,1853 994,1850 1038,1853 1083,1850 1128,1850 1173,1850 1218,1844 1262,1844 1307,1841 1352,1841 1397,1838 1441,1838 1486,1835 1531,1832 1576,1832 1621,1832 1665,1830 1710,1827 1755,1827 1800,1830 1844,1827 1889,1827 1934,1824 1979,1821 2024,1818"/>
                <TextEquiv>
                    <Unicode>darauf bestehen, dass die provision aus even-</Unicode>
                </TextEquiv>
            </TextLine>
            <TextLine id="tr_3_tl_17" custom="readingOrder {index:16;}">
                <Coords points="535,1918 1970,1891 2014,1824 535,1872"/>
                <Baseline points="546,1916 585,1913 629,1913 674,1910 719,1910 764,1907 809,1904 853,1904 898,1904 943,1904 988,1901 1032,1901 1077,1898 1122,1898 1167,1898 1212,1895 1256,1895 1301,1892 1346,1889 1391,1892 1435,1892 1480,1889 1525,1886 1570,1883 1615,1883 1659,1880 1704,1877 1749,1877 1794,1877 1838,1874 1883,1874 1928,1871 1973,1871 2018,1871"/>
                <TextEquiv>
                    <Unicode>tuellen weiteren diese Angelegenheit betref¬</Unicode>
                </TextEquiv>
            </TextLine>
        </TextRegion>
        <TextRegion id="tr_1" custom="readingOrder {index:1;}">
            <Coords points="531,1875 2083,1875 2083,3311 531,3311"/>
            <TextLine id="tr_1_tl_1" custom="readingOrder {index:0;}">
                <Coords points="529,1974 1842,1951 1987,1932 1989,1886 531,1916"/>
                <Baseline points="540,1970 558,1964 603,1964 647,1961 692,1961 737,1961 782,1958 826,1961 871,1958 916,1955 961,1955 1006,1952 1050,1952 1095,1952 1140,1949 1185,1949 1229,1946 1274,1943 1319,1943 1364,1943 1409,1940 1453,1940 1498,1937 1543,1934 1588,1937 1632,1934 1677,1931 1722,1931 1767,1928 1812,1928 1856,1925 1901,1925 1946,1925 1991,1925"/>
                <TextEquiv>
                    <Unicode>fende Zahlungen ihnen weiter gewahrt bleibe.</Unicode>
                </TextEquiv>
            </TextLine>
            <TextLine id="tr_1_tl_2" custom="readingOrder {index:1;}">
                <Coords points="531,2025 1842,1997 2014,1978 2014,1933 533,1972"/>
                <Baseline points="543,2018 585,2015 629,2015 674,2015 719,2012 764,2012 809,2012 853,2009 898,2009 943,2006 988,2003 1032,2003 1077,2003 1122,2003 1167,2000 1212,1997 1256,1997 1301,1997 1346,1994 1391,1991 1435,1991 1480,1991 1525,1988 1570,1985 1615,1985 1659,1982 1704,1982 1749,1982 1794,1979 1838,1979 1883,1979 1928,1976 1973,1973 2018,1973"/>
                <TextEquiv>
                    <Unicode>Wenn ich so etwas ausdrücklich erwähne, soll</Unicode>
                </TextEquiv>
            </TextLine>
            <TextLine id="tr_1_tl_3" custom="readingOrder {index:2;}">
                <Coords points="533,2073 1826,2050 1983,2027 1983,1983 535,2022"/>
                <Baseline points="543,2068 564,2068 609,2068 653,2068 698,2065 743,2065 788,2062 832,2059 877,2056 923,2055 923,2055 970,2056 1015,2053 1059,2053 1104,2053 1149,2050 1194,2050 1238,2050 1283,2047 1328,2047 1373,2044 1418,2044 1462,2041 1507,2038 1552,2038 1597,2038 1641,2036 1686,2036 1731,2036 1776,2033 1821,2033 1865,2030 1910,2030 1955,2027 1988,2027"/>
                <TextEquiv>
                    <Unicode>te das für Sie keinen Anlass zu ironischen</Unicode>
                </TextEquiv>
            </TextLine>
            <TextLine id="tr_1_tl_4" custom="readingOrder {index:3;}">
                <Coords points="521,2131 1888,2106 1972,2083 1974,2033 523,2070"/>
                <Baseline points="531,2119 543,2119 588,2119 632,2116 677,2116 722,2116 767,2113 812,2113 856,2110 901,2110 946,2107 991,2104 1035,2104 1080,2104 1125,2104 1170,2104 1215,2104 1259,2098 1304,2098 1349,2098 1394,2095 1438,2092 1483,2089 1528,2089 1573,2089 1618,2086 1662,2086 1707,2086 1752,2083 1797,2083 1841,2080 1886,2083 1931,2080 1976,2080"/>
                <TextEquiv>
                    <Unicode>Bemerkungen abgeben. Denn so erfreulich mir</Unicode>
                </TextEquiv>
            </TextLine>
            <TextLine id="tr_1_tl_5" custom="readingOrder {index:4;}">
                <Coords points="533,2177 2001,2165 2002,2093 535,2127"/>
                <Baseline points="543,2173 573,2170 617,2167 662,2167 707,2167 752,2167 797,2164 841,2164 886,2164 931,2161 976,2158 1020,2158 1065,2158 1110,2155 1155,2155 1200,2152 1244,2152 1289,2152 1334,2149 1379,2146 1424,2146 1468,2143 1513,2140 1558,2140 1603,2140 1647,2137 1692,2137 1737,2137 1782,2134 1827,2131 1871,2131 1916,2131 1961,2128 2006,2128"/>
                <TextEquiv>
                    <Unicode>die freundschaftlichen Beziehungen sind, die</Unicode>
                </TextEquiv>
            </TextLine>
            <TextLine id="tr_1_tl_6" custom="readingOrder {index:5;}">
                <Coords points="527,2236 1974,2202 1976,2148 529,2173"/>
                <Baseline points="537,2224 546,2224 591,2221 635,2221 680,2218 725,2218 770,2215 814,2215 859,2215 904,2212 949,2212 994,2209 1038,2209 1083,2206 1128,2206 1173,2206 1218,2203 1262,2200 1307,2200 1352,2197 1397,2194 1441,2194 1486,2194 1531,2194 1576,2191 1621,2188 1665,2191 1710,2185 1755,2185 1800,2185 1844,2182 1889,2182 1934,2182 1979,2185"/>
                <TextEquiv>
                    <Unicode>zwischen Herrn Fischer und Ihnen inerseits</Unicode>
                </TextEquiv>
            </TextLine>
            <TextLine id="tr_1_tl_7" custom="readingOrder {index:6;}">
                <Coords points="535,2278 1926,2255 1970,2190 537,2236"/>
                <Baseline points="546,2277 585,2274 629,2274 674,2271 719,2268 764,2265 809,2265 853,2265 898,2262 943,2262 988,2262 1032,2259 1077,2259 1122,2256 1167,2256 1212,2256 1256,2250 1301,2250 1346,2250 1391,2247 1435,2247 1480,2244 1525,2244 1570,2244 1615,2241 1659,2239 1704,2239 1749,2236 1794,2236 1838,2233 1883,2233 1928,2230 1973,2224"/>
                <TextEquiv>
                    <Unicode>und mir andererseits bestehen und hoffent-</Unicode>
                </TextEquiv>
            </TextLine>
            <TextLine id="tr_1_tl_8" custom="readingOrder {index:7;}">
                <Coords points="533,2345 1955,2305 2056,2294 2058,2240 535,2277"/>
                <Baseline points="543,2328 582,2325 626,2325 671,2322 716,2319 761,2319 806,2319 850,2316 895,2313 940,2313 985,2313 1029,2310 1074,2310 1119,2307 1164,2304 1209,2304 1253,2301 1298,2301 1343,2301 1388,2301 1432,2301 1477,2298 1522,2295 1567,2295 1612,2292 1656,2289 1701,2289 1746,2286 1791,2289 1835,2286 1880,2286 1925,2289 1970,2286 2015,2283 2059,2280"/>
                <TextEquiv>
                    <Unicode>lich immer bestehen werden, -unsere Korrespon-</Unicode>
                </TextEquiv>
            </TextLine>
            <TextLine id="tr_1_tl_9" custom="readingOrder {index:8;}">
                <Coords points="533,2382 1964,2359 2058,2347 2060,2298 535,2344"/>
                <Baseline points="543,2376 585,2376 629,2373 674,2373 719,2370 764,2370 809,2370 853,2367 898,2367 943,2367 988,2367 1032,2367 1077,2364 1122,2361 1167,2361 1212,2358 1256,2355 1301,2355 1346,2355 1391,2352 1435,2355 1480,2349 1525,2349 1570,2349 1615,2346 1659,2343 1704,2343 1749,2340 1794,2340 1838,2337 1883,2337 1928,2337 1973,2334 2018,2334 2062,2334"/>
                <TextEquiv>
                    <Unicode>denz ist doch grossenteils geschäftlicher Na¬</Unicode>
                </TextEquiv>
            </TextLine>
            <TextLine id="tr_1_tl_10" custom="readingOrder {index:9;}">
                <Coords points="542,2436 1453,2445 1594,2397 1884,2414 1945,2399 1947,2349 544,2382"/>
                <Baseline points="552,2430 561,2427 606,2427 650,2424 695,2424 740,2421 785,2421 829,2421 874,2418 919,2418 964,2415 1009,2418 1053,2418 1098,2412 1143,2409 1188,2409 1232,2409 1277,2409 1322,2406 1367,2406 1412,2406 1456,2403 1501,2400 1546,2400 1591,2397 1635,2394 1680,2388 1725,2391 1770,2391 1815,2391 1859,2388 1904,2388 1949,2385"/>
                <TextEquiv>
                    <Unicode>tur und so muss denn auch von Provisionen</Unicode>
                </TextEquiv>
            </TextLine>
            <TextLine id="tr_1_tl_11" custom="readingOrder {index:10;}">
                <Coords points="1569,2437 1650,2436 1669,2451 1694,2430 1704,2436 1719,2426 1736,2434 1751,2426 1771,2430 1773,2403 1744,2403 1738,2397 1713,2403 1698,2391 1663,2407 1642,2395 1610,2411 1571,2407"/>
                <Baseline points="1582,2427 1594,2427 1638,2424 1683,2418 1728,2418 1773,2418"/>
                <TextEquiv>
                    <Unicode>Ce nouvelle</Unicode>
                </TextEquiv>
            </TextLine>
            <TextLine id="tr_1_tl_12" custom="readingOrder {index:11;}">
                <Coords points="542,2506 625,2505 667,2482 682,2495 740,2503 788,2491 828,2514 897,2514 931,2495 1016,2485 1018,2447 916,2420 845,2449 795,2426 544,2436"/>
                <Baseline points="552,2477 573,2477 617,2477 662,2477 707,2477 752,2474 797,2474 841,2471 886,2468 931,2468 976,2468 1020,2468"/>
                <TextEquiv>
                    <Unicode>die Rede sein.</Unicode>
                </TextEquiv>
            </TextLine>
            <TextLine id="tr_1_tl_13" custom="readingOrder {index:12;}">
                <Coords points="908,2572 1140,2593 1757,2552 1960,2556 2033,2591 2058,2516 1964,2472 910,2483"/>
                <Baseline points="919,2567 964,2567 1009,2567 1053,2567 1098,2567 1143,2564 1188,2564 1232,2561 1277,2561 1322,2561 1367,2558 1412,2558 1456,2558 1501,2555 1546,2555 1591,2552 1635,2552 1680,2549 1725,2549 1770,2552 1815,2555 1859,2555 1904,2555 1949,2555 1994,2561 2038,2567 2059,2573"/>
                <TextEquiv>
                    <Unicode>Ich erfahre gern, dass die Mygard</Unicode>
                </TextEquiv>
            </TextLine>
            <TextLine id="tr_1_tl_14" custom="readingOrder {index:13;}">
                <Coords points="540,2669 1968,2604 1981,2558 958,2597 709,2535 544,2562"/>
                <Baseline points="552,2642 597,2642 641,2642 686,2639 731,2636 776,2630 820,2627 865,2627 910,2624 955,2621 1000,2618 1044,2618 1089,2618 1134,2615 1179,2615 1223,2612 1268,2612 1313,2609 1358,2609 1403,2606 1447,2606 1492,2606 1537,2606 1582,2600 1627,2600 1671,2597 1716,2594 1761,2597 1806,2597 1850,2594 1895,2591 1940,2591 1985,2597"/>
                <TextEquiv>
                    <Unicode>Bargen, in unserem Sinne erledigt itt.Jeden</Unicode>
                </TextEquiv>
            </TextLine>
            <TextLine id="tr_1_tl_15" custom="readingOrder {index:14;}">
                <Coords points="535,2694 1993,2673 2014,2614 535,2667"/>
                <Baseline points="546,2683 585,2683 629,2680 674,2683 719,2680 764,2677 809,2674 853,2674 898,2674 943,2671 988,2671 1032,2668 1077,2665 1122,2665 1167,2665 1212,2662 1256,2662 1301,2662 1346,2662 1391,2662 1435,2659 1480,2656 1525,2653 1570,2653 1615,2650 1659,2650 1704,2650 1749,2647 1794,2647 1838,2647 1883,2645 1928,2645 1973,2645 2018,2650"/>
                <TextEquiv>
                    <Unicode>falls sollten wir einmal genau feststellen,</Unicode>
                </TextEquiv>
            </TextLine>
            <TextLine id="tr_1_tl_16" custom="readingOrder {index:15;}">
                <Coords points="533,2748 1905,2713 1972,2662 535,2692"/>
                <Baseline points="543,2734 588,2734 632,2734 677,2731 722,2731 767,2728 812,2728 856,2725 901,2725 946,2722 991,2722 1035,2722 1080,2719 1125,2719 1170,2716 1215,2716 1259,2713 1304,2713 1349,2710 1394,2710 1438,2710 1483,2710 1528,2704 1573,2704 1618,2701 1662,2701 1707,2698 1752,2698 1797,2698 1841,2698 1886,2695 1931,2695 1976,2686"/>
                <TextEquiv>
                    <Unicode>was für Autorisationen und seit wann sol¬</Unicode>
                </TextEquiv>
            </TextLine>
            <TextLine id="tr_1_tl_17" custom="readingOrder {index:16;}">
                <Coords points="538,2796 1746,2777 2037,2757 2039,2696 540,2748"/>
                <Baseline points="549,2788 564,2788 609,2785 653,2785 698,2782 743,2779 788,2779 832,2779 877,2779 922,2776 967,2773 1012,2773 1056,2773 1101,2770 1146,2770 1191,2764 1235,2764 1280,2764 1325,2764 1370,2761 1415,2761 1459,2758 1504,2758 1549,2758 1594,2758 1638,2752 1683,2752 1728,2749 1773,2749 1818,2749 1862,2746 1907,2746 1952,2746 1997,2746 2041,2749"/>
                <TextEquiv>
                    <Unicode>che unausgenützt und terminlos weiterläufen,</Unicode>
                </TextEquiv>
            </TextLine>
            <TextLine id="tr_1_tl_18" custom="readingOrder {index:17;}">
                <Coords points="550,2849 1809,2821 1939,2813 1941,2775 552,2800"/>
                <Baseline points="561,2839 600,2836 644,2836 689,2833 734,2830 779,2830 823,2830 868,2827 913,2827 958,2827 1003,2827 1047,2824 1092,2821 1137,2821 1182,2821 1226,2818 1271,2815 1316,2815 1361,2812 1406,2812 1450,2812 1495,2809 1540,2812 1585,2806 1629,2803 1674,2800 1719,2803 1764,2803 1809,2800 1853,2797 1898,2797 1943,2800"/>
                <TextEquiv>
                    <Unicode>und mit rechtzeitiger Kündigung vorgehen,</Unicode>
                </TextEquiv>
            </TextLine>
            <TextLine id="tr_1_tl_19" custom="readingOrder {index:18;}">
                <Coords points="548,2897 1985,2869 2035,2802 550,2851"/>
                <Baseline points="558,2889 561,2889 606,2889 650,2886 695,2886 740,2883 785,2883 829,2877 874,2880 919,2877 964,2877 1009,2877 1053,2874 1098,2871 1143,2871 1188,2871 1232,2871 1277,2865 1322,2862 1367,2862 1412,2862 1456,2862 1501,2859 1546,2862 1591,2856 1635,2853 1680,2850 1725,2850 1770,2850 1815,2853 1859,2850 1904,2850 1949,2848 1994,2845 2038,2842"/>
                <TextEquiv>
                    <Unicode>um uns nicht plötzlich wieder Leuten gegen</Unicode>
                </TextEquiv>
            </TextLine>
            <TextLine id="tr_1_tl_20" custom="readingOrder {index:19;}">
                <Coords points="546,2953 1828,2901 1926,2932 1947,2865 548,2895"/>
                <Baseline points="558,2943 561,2940 606,2937 650,2934 695,2934 740,2934 785,2931 829,2931 874,2931 919,2931 964,2928 1009,2925 1053,2925 1098,2922 1143,2922 1188,2922 1232,2922 1277,2919 1322,2916 1367,2913 1412,2913 1456,2913 1501,2910 1546,2907 1591,2907 1635,2904 1680,2904 1725,2904 1770,2904 1815,2901 1859,2901 1904,2898 1949,2898"/>
                <TextEquiv>
                    <Unicode>überzufinden,die Ansprüche erheben,an die</Unicode>
                </TextEquiv>
            </TextLine>
            <TextLine id="tr_1_tl_21" custom="readingOrder {index:20;}">
                <Coords points="538,3014 1897,2991 1920,2930 1842,2899 538,2964"/>
                <Baseline points="549,3000 582,2994 626,2991 671,2991 716,2988 761,2988 806,2985 850,2982 895,2982 940,2982 985,2979 1029,2979 1074,2976 1119,2976 1164,2973 1209,2973 1253,2973 1298,2973 1343,2967 1388,2967 1432,2967 1477,2967 1522,2964 1567,2961 1612,2961 1656,2958 1701,2958 1746,2958 1791,2955 1835,2955 1880,2955 1925,2955"/>
                <TextEquiv>
                    <Unicode>sie selbst schon lange vergessen hatten.</Unicode>
                </TextEquiv>
            </TextLine>
            <TextLine id="tr_1_tl_22" custom="readingOrder {index:21;}">
                <Coords points="918,3085 1407,3064 1493,3093 1525,3064 1817,3056 2048,3095 2050,3003 1688,2976 1604,3014 1500,2984 1292,2995 1259,3026 920,3007"/>
                <Baseline points="928,3080 934,3077 979,3077 1023,3077 1068,3074 1113,3074 1158,3074 1203,3074 1247,3071 1292,3068 1337,3068 1382,3065 1426,3065 1471,3065 1516,3065 1561,3062 1606,3059 1650,3059 1695,3059 1740,3056 1785,3056 1830,3056 1874,3059 1919,3059 1964,3059 2009,3056 2053,3054"/>
                <TextEquiv>
                    <Unicode>Eine Ermächtigung für den Reigen</Unicode>
                </TextEquiv>
            </TextLine>
            <TextLine id="tr_1_tl_23" custom="readingOrder {index:22;}">
                <Coords points="548,3150 1807,3108 2043,3148 2047,3068 1094,3104 550,3068"/>
                <Baseline points="558,3149 573,3146 617,3143 662,3140 707,3140 752,3137 797,3137 841,3134 886,3134 931,3131 976,3128 1020,3128 1065,3125 1110,3125 1155,3128 1200,3128 1244,3125 1289,3125 1334,3122 1379,3122 1424,3119 1468,3119 1513,3116 1558,3116 1603,3113 1647,3110 1692,3110 1737,3110 1782,3110 1827,3107 1871,3110 1916,3107 1961,3107 2006,3104 2050,3098"/>
                <TextEquiv>
                    <Unicode>in Skandinvien ausgestellt, lege ich bei.Al-</Unicode>
                </TextEquiv>
            </TextLine>
            <TextLine id="tr_1_tl_24" custom="readingOrder {index:23;}">
                <Coords points="544,3206 1859,3177 1891,3122 546,3154"/>
                <Baseline points="555,3200 597,3197 641,3194 686,3191 731,3191 776,3191 820,3188 865,3188 910,3185 955,3182 1000,3182 1044,3179 1089,3179 1134,3176 1179,3176 1223,3173 1268,3173 1313,3173 1358,3173 1403,3170 1447,3167 1492,3170 1537,3170 1582,3164 1627,3164 1671,3164 1716,3161 1761,3161 1806,3161 1850,3158 1895,3158"/>
                <TextEquiv>
                    <Unicode>le an mich bisher gelangten Anträge aus</Unicode>
                </TextEquiv>
            </TextLine>
            <TextLine id="tr_1_tl_25" custom="readingOrder {index:24;}">
                <Coords points="550,3275 1083,3237 1391,3273 1721,3215 1972,3260 2037,3246 2039,3145 552,3204"/>
                <Baseline points="561,3254 564,3251 609,3248 653,3248 698,3245 743,3245 788,3242 832,3242 877,3239 922,3236 967,3233 1012,3233 1056,3233 1101,3230 1146,3230 1191,3230 1235,3227 1280,3227 1325,3224 1370,3224 1415,3224 1459,3221 1504,3221 1549,3218 1594,3218 1638,3215 1683,3215 1728,3215 1773,3212 1818,3212 1862,3209 1907,3209 1952,3206 1997,3206 2041,3206"/>
                <TextEquiv>
                    <Unicode>Schweden habe ich bisher auf drinsendes An-</Unicode>
                </TextEquiv>
            </TextLine>
            <TextLine id="tr_1_tl_26" custom="readingOrder {index:25;}">
                <Coords points="1042,3315 2060,3317 2079,3238 1878,3254 1828,3217 1694,3225 1592,3271 1522,3237 1391,3273 1259,3240 1042,3261"/>
                <Baseline points="1053,3295 1098,3298 1143,3298 1188,3298 1232,3298 1277,3295 1322,3298 1367,3298 1412,3298 1456,3295 1501,3298 1546,3298 1591,3298 1635,3298 1680,3298 1725,3301 1770,3298 1815,3298 1859,3298 1904,3298 1949,3298 1994,3298 2038,3295 2083,3295"/>
                <TextEquiv>
                    <Unicode>wenn auf mich, doch beim</Unicode>
                </TextEquiv>
            </TextLine>
        </TextRegion>
        <TextRegion id="tr_4" custom="readingOrder {index:2;}">
            <Coords points="2683,979 4218,979 4218,1959 2683,1959"/>
            <TextLine id="tr_4_tl_1" custom="readingOrder {index:0;}">
                <Coords points="2675,1050 3217,1042 3277,1077 3327,1046 3394,1064 3516,1037 3516,979 3225,993 3181,966 3074,996 2972,949 2876,989 2794,968 2675,989"/>
                <Baseline points="2686,1038 2716,1035 2761,1032 2806,1035 2850,1035 2895,1035 2940,1032 2985,1029 3030,1029 3074,1029 3119,1032 3164,1032 3209,1032 3254,1032 3298,1032 3343,1032 3388,1032 3433,1029 3477,1032 3522,1035"/>
                <TextEquiv>
                    <Unicode>raten Lindens abgelehnt.</Unicode>
                </TextEquiv>
            </TextLine>
            <TextLine id="tr_4_tl_2" custom="readingOrder {index:1;}">
                <Coords points="2897,1081 3001,1077 3033,1098 3060,1083 3122,1081 3150,1096 3164,1094 3162,1042 3114,1046 3100,1056 3070,1041 3022,1054 3012,1044 2982,1050 2959,1037 2895,1058"/>
                <Baseline points="2907,1071 2952,1071 2997,1071 3042,1074 3086,1074 3131,1074 3167,1077"/>
                <TextEquiv>
                    <Unicode>Monsieur leterre</Unicode>
                </TextEquiv>
            </TextLine>
            <TextLine id="tr_4_tl_3" custom="readingOrder {index:2;}">
                <Coords points="2947,1152 4066,1146 4066,1046 3892,1090 3528,1054 3104,1098 2947,1079"/>
                <Baseline points="2958,1131 2994,1128 3039,1131 3083,1131 3128,1131 3173,1131 3218,1131 3262,1131 3307,1128 3352,1128 3397,1131 3442,1131 3486,1131 3531,1128 3576,1131 3621,1128 3665,1128 3710,1128 3755,1128 3800,1128 3845,1128 3889,1131 3934,1131 3979,1128 4024,1128 4069,1125"/>
                <TextEquiv>
                    <Unicode>Noch einige Bagatellen.Verspätet</Unicode>
                </TextEquiv>
            </TextLine>
            <TextLine id="tr_4_tl_4" custom="readingOrder {index:3;}">
                <Coords points="2673,1188 4028,1186 3992,1134 3108,1136 3010,1169 2673,1129"/>
                <Baseline points="2683,1185 2689,1185 2734,1182 2779,1182 2824,1182 2868,1182 2913,1182 2958,1185 3003,1185 3048,1182 3092,1182 3137,1185 3182,1182 3227,1182 3271,1182 3316,1182 3361,1182 3406,1179 3451,1179 3495,1179 3540,1182 3585,1179 3630,1182 3674,1182 3719,1182 3764,1182 3809,1179 3854,1179 3898,1182 3943,1179 3988,1176 4033,1179"/>
                <TextEquiv>
                    <Unicode>finde ich in der Theaterabrechnung vom</Unicode>
                </TextEquiv>
            </TextLine>
            <TextLine id="tr_4_tl_5" custom="readingOrder {index:4;}">
                <Coords points="2675,1236 4179,1246 4179,1198 4039,1175 2675,1188"/>
                <Baseline points="2686,1235 2707,1235 2752,1235 2797,1235 2842,1232 2886,1235 2931,1232 2976,1232 3021,1232 3065,1232 3110,1235 3155,1232 3200,1232 3245,1235 3289,1232 3334,1232 3379,1232 3424,1232 3468,1232 3513,1232 3558,1232 3603,1232 3648,1232 3692,1229 3737,1229 3782,1229 3827,1226 3871,1226 3916,1229 3961,1229 4006,1229 4051,1229 4095,1229 4140,1226 4185,1226"/>
                <TextEquiv>
                    <Unicode>15. Juli 1922 als Pauschale für 50 Aufführung</Unicode>
                </TextEquiv>
            </TextLine>
            <TextLine id="tr_4_tl_6" custom="readingOrder {index:5;}">
                <Coords points="2681,1322 2802,1288 3938,1303 4032,1288 4032,1238 3449,1236 3394,1269 3125,1230 2681,1242"/>
                <Baseline points="2692,1292 2737,1286 2782,1286 2827,1286 2871,1286 2916,1286 2961,1286 3006,1286 3051,1283 3095,1283 3140,1286 3185,1286 3230,1286 3274,1283 3319,1280 3364,1283 3409,1283 3454,1283 3498,1283 3543,1280 3588,1280 3633,1280 3677,1283 3722,1280 3767,1280 3812,1280 3857,1280 3901,1280 3946,1280 3991,1280 4036,1280"/>
                <TextEquiv>
                    <Unicode>gen „Abschiedssouper“ Thamburg,Deutsches</Unicode>
                </TextEquiv>
            </TextLine>
            <TextLine id="tr_4_tl_7" custom="readingOrder {index:6;}">
                <Coords points="2679,1351 4128,1347 4166,1338 4168,1251 3938,1303 2681,1297"/>
                <Baseline points="2689,1340 2692,1337 2737,1337 2782,1337 2827,1337 2871,1337 2916,1337 2961,1337 3006,1334 3051,1337 3095,1334 3140,1334 3185,1334 3230,1334 3274,1334 3319,1334 3364,1334 3409,1331 3454,1334 3498,1331 3543,1331 3588,1331 3633,1334 3677,1334 3722,1334 3767,1331 3812,1331 3857,1331 3901,1328 3946,1328 3991,1328 4036,1328 4080,1328 4125,1328 4170,1328"/>
                <TextEquiv>
                    <Unicode>Schauspielhaus, 1500 Mark verzeichnet. Wieso?</Unicode>
                </TextEquiv>
            </TextLine>
            <TextLine id="tr_4_tl_8" custom="readingOrder {index:7;}">
                <Coords points="2681,1387 4131,1405 4131,1345 4064,1332 2681,1351"/>
                <Baseline points="2692,1382 2737,1385 2782,1388 2827,1388 2871,1388 2916,1391 2961,1385 3006,1385 3051,1385 3095,1388 3140,1388 3185,1388 3230,1388 3274,1388 3319,1385 3364,1385 3409,1385 3454,1385 3498,1382 3543,1382 3588,1382 3633,1382 3677,1382 3722,1382 3767,1382 3812,1382 3857,1382 3901,1382 3946,1382 3991,1382 4036,1382 4080,1382 4125,1385 4137,1385"/>
                <TextEquiv>
                    <Unicode>Hamburg ist verpflichtet 3% pro Aufführung</Unicode>
                </TextEquiv>
            </TextLine>
            <TextLine id="tr_4_tl_9" custom="readingOrder {index:8;}">
                <Coords points="2685,1451 4126,1458 4126,1405 4018,1385 2685,1391"/>
                <Baseline points="2695,1441 2698,1438 2743,1438 2788,1438 2833,1438 2877,1441 2922,1438 2967,1438 3012,1435 3056,1435 3101,1435 3146,1438 3191,1441 3236,1435 3280,1435 3325,1435 3370,1432 3415,1435 3460,1435 3504,1435 3549,1435 3594,1435 3639,1435 3683,1435 3728,1432 3773,1432 3818,1432 3863,1432 3907,1432 3952,1432 3997,1432 4042,1429 4086,1429 4131,1426"/>
                <TextEquiv>
                    <Unicode>zahlen 30 Mark pro Aufführung wären jedes-</Unicode>
                </TextEquiv>
            </TextLine>
            <TextLine id="tr_4_tl_10" custom="readingOrder {index:9;}">
                <Coords points="2679,1495 4087,1500 4099,1447 2679,1456"/>
                <Baseline points="2689,1492 2716,1489 2761,1489 2806,1489 2850,1486 2895,1489 2940,1489 2985,1489 3030,1489 3074,1492 3119,1489 3164,1489 3209,1492 3254,1486 3298,1486 3343,1486 3388,1486 3433,1486 3477,1486 3522,1486 3567,1486 3612,1486 3657,1486 3701,1486 3746,1483 3791,1486 3836,1483 3880,1486 3925,1483 3970,1486 4015,1483 4060,1483 4104,1483"/>
                <TextEquiv>
                    <Unicode>falls zu billig gerechnet. Das ergibt sich</Unicode>
                </TextEquiv>
            </TextLine>
            <TextLine id="tr_4_tl_11" custom="readingOrder {index:10;}">
                <Coords points="2685,1554 3951,1556 4139,1539 4139,1481 3921,1518 2685,1497"/>
                <Baseline points="2695,1546 2710,1543 2755,1540 2800,1540 2845,1540 2889,1540 2934,1540 2979,1540 3024,1540 3068,1543 3113,1540 3158,1540 3203,1540 3248,1537 3292,1537 3337,1537 3382,1537 3427,1537 3471,1537 3516,1537 3561,1537 3606,1537 3651,1537 3695,1537 3740,1537 3785,1537 3830,1537 3874,1540 3919,1543 3964,1537 4009,1534 4054,1534 4098,1534 4143,1534"/>
                <TextEquiv>
                    <Unicode>umso klarer, als in Ihrer Abrechnung gleich</Unicode>
                </TextEquiv>
            </TextLine>
            <TextLine id="tr_4_tl_12" custom="readingOrder {index:11;}">
                <Coords points="2681,1598 4141,1608 4179,1529 2681,1546"/>
                <Baseline points="2692,1591 2707,1591 2752,1591 2797,1591 2842,1591 2886,1591 2931,1591 2976,1591 3021,1591 3065,1591 3110,1591 3155,1591 3200,1588 3245,1591 3289,1588 3334,1588 3379,1588 3424,1588 3468,1588 3513,1591 3558,1588 3603,1588 3648,1588 3692,1588 3737,1588 3782,1588 3827,1588 3871,1585 3916,1585 3961,1585 4006,1585 4051,1585 4095,1585 4140,1582 4185,1585"/>
                <TextEquiv>
                    <Unicode>darauf Münchner Schauspielhaus mit 2 Auffüh¬</Unicode>
                </TextEquiv>
            </TextLine>
            <TextLine id="tr_4_tl_13" custom="readingOrder {index:12;}">
                <Coords points="2675,1648 4066,1667 4066,1617 3999,1587 3493,1623 2675,1598"/>
                <Baseline points="2686,1644 2731,1641 2776,1641 2821,1641 2865,1641 2910,1641 2955,1641 3000,1638 3045,1641 3089,1641 3134,1641 3179,1641 3224,1641 3268,1641 3313,1641 3358,1641 3403,1638 3448,1638 3492,1635 3537,1638 3582,1638 3627,1638 3671,1638 3716,1638 3761,1638 3806,1638 3851,1638 3895,1638 3940,1641 3985,1641 4030,1644 4072,1650"/>
                <TextEquiv>
                    <Unicode>rungen „Abschiedssouper 60M Mark fol.t,</Unicode>
                </TextEquiv>
            </TextLine>
            <TextLine id="tr_4_tl_14" custom="readingOrder {index:13;}">
                <Coords points="2679,1723 3616,1707 3601,1644 3225,1669 2679,1646"/>
                <Baseline points="2689,1698 2734,1695 2779,1695 2824,1695 2868,1692 2913,1692 2958,1692 3003,1692 3048,1695 3092,1695 3137,1695 3182,1695 3227,1695 3271,1695 3316,1692 3361,1692 3406,1692 3451,1692 3495,1692 3540,1692 3585,1695 3621,1698"/>
                <TextEquiv>
                    <Unicode>also 300 M. pro Aufführung.</Unicode>
                </TextEquiv>
            </TextLine>
            <TextLine id="tr_4_tl_15" custom="readingOrder {index:14;}">
                <Coords points="2947,1799 4193,1805 4193,1740 4093,1759 4018,1711 3208,1763 3066,1713 2947,1721"/>
                <Baseline points="2958,1791 3003,1791 3048,1794 3092,1794 3137,1794 3182,1794 3227,1794 3271,1794 3316,1794 3361,1791 3406,1791 3451,1791 3495,1791 3540,1794 3585,1794 3630,1794 3674,1791 3719,1791 3764,1791 3809,1788 3854,1788 3898,1791 3943,1788 3988,1791 4033,1791 4077,1791 4122,1791 4167,1791 4197,1791"/>
                <TextEquiv>
                    <Unicode>Worauf sind die zuletzt mir angezeig</Unicode>
                </TextEquiv>
            </TextLine>
            <TextLine id="tr_4_tl_16" custom="readingOrder {index:15;}">
                <Coords points="2675,1878 4216,1868 4216,1788 3733,1824 2675,1784"/>
                <Baseline points="2686,1847 2695,1844 2740,1844 2785,1844 2830,1844 2874,1847 2919,1844 2964,1847 3009,1847 3054,1844 3098,1847 3143,1847 3188,1847 3233,1844 3277,1844 3322,1844 3367,1841 3412,1844 3457,1844 3501,1844 3546,1844 3591,1844 3636,1844 3680,1844 3725,1844 3770,1844 3815,1841 3860,1844 3904,1841 3949,1841 3994,1841 4039,1841 4083,1841 4128,1838 4173,1838 4218,1838"/>
                <TextEquiv>
                    <Unicode>ten 300 Francs von Kantorovicz zu verrechnen?</Unicode>
                </TextEquiv>
            </TextLine>
            <TextLine id="tr_4_tl_17" custom="readingOrder {index:16;}">
                <Coords points="2966,1958 4089,1960 4162,1953 4162,1882 2966,1907"/>
                <Baseline points="2976,1949 3003,1946 3048,1946 3092,1949 3137,1946 3182,1946 3227,1943 3271,1946 3316,1946 3361,1946 3406,1946 3451,1946 3495,1946 3540,1946 3585,1946 3630,1943 3674,1943 3719,1943 3764,1940 3809,1940 3854,1943 3898,1943 3943,1943 3988,1943 4033,1943 4077,1943 4122,1943 4167,1943"/>
                <TextEquiv>
                    <Unicode>Ich finde in einer der Verrehnungen</Unicode>
                </TextEquiv>
            </TextLine>
        </TextRegion>
        <TextRegion id="tr_2" custom="readingOrder {index:3;}">
            <Coords points="2686,1941 4221,1941 4221,3195 2686,3195"/>
            <TextLine id="tr_2_tl_1" custom="readingOrder {index:0;}">
                <Coords points="2679,2014 4147,2010 4135,1945 2681,1945"/>
                <Baseline points="2692,2003 2719,2003 2764,2000 2809,2000 2853,2000 2898,2000 2943,2000 2988,2000 3033,2000 3077,2000 3122,2000 3167,2000 3212,1997 3257,1997 3301,1997 3346,1997 3391,1997 3436,1997 3480,1997 3525,1997 3570,1997 3615,1997 3660,1994 3704,1994 3749,1994 3794,1994 3839,1994 3883,1997 3928,1994 3973,1994 4018,1994 4063,1994 4107,1991 4152,1994"/>
                <TextEquiv>
                    <Unicode>als Gerichtskosten Kreuznach 2000 M. zu mei¬</Unicode>
                </TextEquiv>
            </TextLine>
            <TextLine id="tr_2_tl_2" custom="readingOrder {index:1;}">
                <Coords points="2690,2056 4124,2064 4137,2014 2692,2018"/>
                <Baseline points="2701,2050 2707,2050 2752,2050 2797,2050 2842,2050 2886,2050 2931,2047 2976,2050 3021,2050 3065,2050 3110,2050 3155,2053 3200,2050 3245,2050 3289,2047 3334,2047 3379,2047 3424,2047 3468,2047 3513,2047 3558,2050 3603,2050 3648,2047 3692,2044 3737,2044 3782,2044 3827,2044 3871,2044 3916,2044 3961,2044 4006,2044 4051,2044 4095,2044 4140,2047"/>
                <TextEquiv>
                    <Unicode>nen Lasten geschrieben. Müssen wir Carichts</Unicode>
                </TextEquiv>
            </TextLine>
            <TextLine id="tr_2_tl_3" custom="readingOrder {index:2;}">
                <Coords points="2685,2112 3444,2148 3683,2100 4003,2140 4158,2098 4158,2054 2685,2056"/>
                <Baseline points="2695,2104 2731,2104 2776,2104 2821,2104 2865,2107 2910,2101 2955,2101 3000,2101 3045,2101 3089,2101 3134,2101 3179,2101 3224,2104 3268,2101 3313,2104 3358,2101 3403,2101 3448,2101 3492,2101 3537,2101 3582,2098 3627,2101 3671,2098 3716,2098 3761,2098 3806,2098 3851,2098 3895,2098 3940,2101 3985,2098 4030,2095 4074,2098 4119,2095 4164,2098"/>
                <TextEquiv>
                    <Unicode>kosten auch zahlen, wenn wir Prozesse gewin¬</Unicode>
                </TextEquiv>
            </TextLine>
            <TextLine id="tr_2_tl_4" custom="readingOrder {index:3;}">
                <Coords points="2692,2192 2704,2190 2711,2196 2734,2181 2748,2181 2761,2190 2780,2177 2784,2181 2805,2175 2811,2181 2825,2179 2823,2139 2796,2137 2759,2108 2744,2110 2731,2121 2721,2121 2708,2110 2700,2116 2690,2116"/>
                <Baseline points="2701,2158 2746,2155 2791,2158 2827,2161"/>
                <TextEquiv>
                    <Unicode>nen.</Unicode>
                </TextEquiv>
            </TextLine>
            <TextLine id="tr_2_tl_5" custom="readingOrder {index:4;}">
                <Coords points="2957,2265 4139,2269 4139,2198 3852,2175 3560,2219 2957,2200"/>
                <Baseline points="2967,2256 2979,2253 3024,2253 3068,2253 3113,2253 3158,2253 3203,2253 3248,2253 3292,2253 3337,2253 3382,2253 3427,2253 3471,2250 3516,2253 3561,2253 3606,2253 3651,2250 3695,2250 3740,2250 3785,2250 3830,2250 3874,2250 3919,2250 3964,2250 4009,2250 4054,2250 4098,2250 4143,2250"/>
                <TextEquiv>
                    <Unicode>Unverbindlich erlaube ich mir noch</Unicode>
                </TextEquiv>
            </TextLine>
            <TextLine id="tr_2_tl_6" custom="readingOrder {index:5;}">
                <Coords points="2679,2326 4072,2311 4072,2275 3963,2254 2679,2267"/>
                <Baseline points="2689,2307 2734,2307 2779,2307 2824,2307 2868,2304 2913,2304 2958,2304 3003,2307 3048,2304 3092,2304 3137,2304 3182,2304 3227,2304 3271,2304 3316,2304 3361,2307 3406,2307 3451,2307 3495,2307 3540,2307 3585,2304 3630,2301 3674,2304 3719,2304 3764,2304 3809,2304 3854,2304 3898,2301 3943,2301 3988,2301 4033,2298 4077,2301"/>
                <TextEquiv>
                    <Unicode>folgende Frage Barnowsky ist zu Tantinen</Unicode>
                </TextEquiv>
            </TextLine>
            <TextLine id="tr_2_tl_7" custom="readingOrder {index:6;}">
                <Coords points="2675,2367 4122,2370 4174,2357 4174,2294 4085,2328 2675,2330"/>
                <Baseline points="2686,2358 2701,2358 2746,2358 2791,2358 2836,2358 2880,2358 2925,2358 2970,2355 3015,2355 3059,2358 3104,2358 3149,2358 3194,2358 3239,2361 3283,2358 3328,2358 3373,2358 3418,2358 3462,2358 3507,2358 3552,2355 3597,2355 3642,2355 3686,2352 3731,2355 3776,2355 3821,2352 3866,2352 3910,2352 3955,2352 4000,2352 4045,2352 4089,2352 4134,2352 4179,2352"/>
                <TextEquiv>
                    <Unicode>zahlung vorläufig auf gütliche Art nicht zu</Unicode>
                </TextEquiv>
            </TextLine>
            <TextLine id="tr_2_tl_8" custom="readingOrder {index:7;}">
                <Coords points="2681,2422 4204,2430 4216,2347 2681,2363"/>
                <Baseline points="2692,2409 2737,2409 2782,2409 2827,2409 2871,2409 2916,2409 2961,2409 3006,2406 3051,2409 3095,2409 3140,2409 3185,2409 3230,2409 3274,2409 3319,2409 3364,2409 3409,2406 3454,2406 3498,2406 3543,2406 3588,2406 3633,2406 3677,2406 3722,2403 3767,2406 3812,2403 3857,2403 3901,2403 3946,2403 3991,2403 4036,2403 4080,2403 4125,2403 4170,2403 4215,2409 4221,2409"/>
                <TextEquiv>
                    <Unicode>bewegen.Ich habe zwar allen Grund anzunehmen,</Unicode>
                </TextEquiv>
            </TextLine>
            <TextLine id="tr_2_tl_9" custom="readingOrder {index:8;}">
                <Coords points="2685,2474 4034,2474 4168,2459 4168,2407 2685,2424"/>
                <Baseline points="2695,2465 2740,2462 2785,2462 2830,2459 2874,2462 2919,2459 2964,2459 3009,2459 3054,2459 3098,2459 3143,2459 3188,2459 3233,2459 3277,2462 3322,2459 3367,2459 3412,2459 3457,2459 3501,2459 3546,2456 3591,2456 3636,2456 3680,2456 3725,2453 3770,2456 3815,2456 3860,2456 3904,2459 3949,2456 3994,2453 4039,2456 4083,2456 4128,2453 4173,2456"/>
                <TextEquiv>
                    <Unicode>dass mein letzter Brief seine Wirkung nicht</Unicode>
                </TextEquiv>
            </TextLine>
            <TextLine id="tr_2_tl_10" custom="readingOrder {index:9;}">
                <Coords points="2685,2522 4018,2528 4189,2518 4189,2460 2685,2474"/>
                <Baseline points="2695,2516 2716,2513 2761,2513 2806,2513 2850,2513 2895,2510 2940,2510 2985,2510 3030,2510 3074,2510 3119,2510 3164,2510 3209,2510 3254,2513 3298,2510 3343,2510 3388,2510 3433,2507 3477,2507 3522,2507 3567,2507 3612,2507 3657,2507 3701,2507 3746,2507 3791,2507 3836,2507 3880,2507 3925,2507 3970,2507 4015,2504 4060,2504 4104,2504 4149,2504 4194,2501"/>
                <TextEquiv>
                    <Unicode>verfehlen wird, immerhin möchte ich gerne wie</Unicode>
                </TextEquiv>
            </TextLine>
            <TextLine id="tr_2_tl_11" custom="readingOrder {index:10;}">
                <Coords points="2679,2568 4074,2579 4200,2560 4200,2516 2679,2518"/>
                <Baseline points="2689,2567 2728,2564 2773,2567 2818,2564 2862,2561 2907,2561 2952,2561 2997,2561 3042,2561 3086,2561 3131,2564 3176,2561 3221,2564 3265,2561 3310,2561 3355,2561 3400,2561 3445,2561 3489,2561 3534,2561 3579,2561 3624,2561 3668,2558 3713,2558 3758,2558 3803,2558 3848,2558 3892,2558 3937,2558 3982,2558 4027,2558 4072,2555 4116,2552 4161,2549 4206,2546"/>
                <TextEquiv>
                    <Unicode>sen, ob man einen Gerichtsbeschluss zum Ver¬</Unicode>
                </TextEquiv>
            </TextLine>
            <TextLine id="tr_2_tl_12" custom="readingOrder {index:11;}">
                <Coords points="2675,2620 4200,2631 4168,2554 2675,2570"/>
                <Baseline points="2686,2615 2728,2612 2773,2615 2818,2615 2862,2615 2907,2612 2952,2612 2997,2612 3042,2612 3086,2612 3131,2615 3176,2615 3221,2612 3265,2612 3310,2612 3355,2612 3400,2612 3445,2612 3489,2612 3534,2609 3579,2609 3624,2609 3668,2612 3713,2612 3758,2612 3803,2612 3848,2612 3892,2609 3937,2609 3982,2609 4027,2612 4072,2612 4116,2606 4161,2612 4206,2612"/>
                <TextEquiv>
                    <Unicode>bot weiterer Aufführungen eventudl auch Boy</Unicode>
                </TextEquiv>
            </TextLine>
            <TextLine id="tr_2_tl_13" custom="readingOrder {index:12;}">
                <Coords points="2685,2669 4168,2698 4151,2612 4039,2648 3882,2610 2685,2621"/>
                <Baseline points="2695,2668 2740,2665 2785,2662 2830,2662 2874,2665 2919,2665 2964,2665 3009,2665 3054,2665 3098,2665 3143,2665 3188,2662 3233,2662 3277,2662 3322,2662 3367,2662 3412,2662 3457,2662 3501,2662 3546,2662 3591,2662 3636,2662 3680,2662 3725,2662 3770,2662 3815,2662 3860,2662 3904,2659 3949,2659 3994,2662 4039,2662 4083,2659 4128,2659 4173,2665"/>
                <TextEquiv>
                    <Unicode>kott und degleichen unnannümlichksten auf</Unicode>
                </TextEquiv>
            </TextLine>
            <TextLine id="tr_2_tl_14" custom="readingOrder {index:13;}">
                <Coords points="2679,2748 2765,2736 2825,2761 3097,2717 3210,2761 3275,2721 3470,2721 3578,2752 3578,2679 3528,2667 3208,2667 3083,2696 3014,2669 2767,2687 2679,2667"/>
                <Baseline points="2689,2722 2734,2719 2779,2719 2824,2716 2868,2716 2913,2719 2958,2719 3003,2719 3048,2716 3092,2716 3137,2716 3182,2716 3227,2716 3271,2716 3316,2716 3361,2716 3406,2716 3451,2716 3495,2716 3540,2719 3582,2725"/>
                <TextEquiv>
                    <Unicode>kurz en Wege erzielen kann.</Unicode>
                </TextEquiv>
            </TextLine>
            <TextLine id="tr_2_tl_15" custom="readingOrder {index:14;}">
                <Coords points="2989,2846 3329,2815 4032,2832 4076,2825 4078,2740 3787,2738 3731,2777 3298,2736 3240,2771 2991,2771"/>
                <Baseline points="3000,2818 3006,2818 3051,2818 3095,2818 3140,2818 3185,2818 3230,2818 3274,2818 3319,2815 3364,2815 3409,2815 3454,2815 3498,2815 3543,2815 3588,2815 3633,2815 3677,2815 3722,2812 3767,2812 3812,2812 3857,2815 3901,2812 3946,2815 3991,2815 4036,2812 4080,2812"/>
                <TextEquiv>
                    <Unicode>Mit den verbindlichsten Grüssen</Unicode>
                </TextEquiv>
            </TextLine>
            <TextLine id="tr_2_tl_16" custom="readingOrder {index:15;}">
                <Coords points="3311,2874 3376,2872 3440,2907 3629,2876 3735,2905 3781,2871 3802,2892 3877,2884 3907,2903 3926,2897 3928,2821 3718,2817 3616,2836 3547,2815 3472,2836 3311,2819"/>
                <Baseline points="3322,2868 3352,2868 3397,2868 3442,2868 3486,2868 3531,2868 3576,2868 3621,2868 3665,2868 3710,2868 3755,2868 3800,2865 3845,2862 3889,2862 3934,2862"/>
                <TextEquiv>
                    <Unicode>Ihr sehr ergebener</Unicode>
                </TextEquiv>
            </TextLine>
            <TextLine id="tr_2_tl_17" custom="readingOrder {index:16;}">
                <Coords points="2675,3131 2794,3143 2815,3129 2863,3146 2924,3116 2949,3139 3007,3120 3263,3135 3263,3077 3214,3056 3116,3074 3095,3053 2984,3055 2784,3089 2675,3068"/>
                <Baseline points="2686,3125 2731,3125 2776,3125 2821,3122 2865,3122 2910,3122 2955,3122 3000,3122 3045,3122 3089,3122 3134,3122 3179,3122 3224,3122 3268,3122"/>
                <TextEquiv>
                    <Unicode>Herrn von Greiner</Unicode>
                </TextEquiv>
            </TextLine>
            <TextLine id="tr_2_tl_18" custom="readingOrder {index:17;}">
                <Coords points="2675,3192 2938,3217 3135,3179 3258,3206 3327,3179 3434,3206 3516,3191 3516,3152 3390,3097 3321,3120 3292,3100 3237,3143 3131,3122 2949,3141 2922,3118 2863,3145 2675,3131"/>
                <Baseline points="2686,3185 2716,3182 2761,3179 2806,3179 2850,3182 2895,3179 2940,3179 2985,3179 3030,3179 3074,3179 3119,3179 3164,3179 3209,3182 3254,3182 3298,3182 3343,3179 3388,3179 3433,3176 3477,3176 3522,3179"/>
                <TextEquiv>
                    <Unicode>S.mischer,Verlag,Berlin.</Unicode>
                </TextEquiv>
            </TextLine>
        </TextRegion>
    </Page>
</PcGts>
