2386 3961
553 951 2203 1131 Tantiemen keineswegs zu bewilligen. In den letz-
559 1108 2209 1225 ten Verrechnungen fand ich wieder ganz unbegrün-
553 1208 2095 1331 deter Weise da und dort etwas abgeknapst und
559 1308 2184 1421 verschliege mich nach wie vor der Einsicht, dass
555 1417 2182 1508 ein Autor verpflichtet sein könnte einem Direk-
555 1496 2134 1650 tor Abendgeschenke im Betrage von 10-30 Mark
553 1619 2199 1746 zu verabreichen,weil an der Somme gekämpft wird.
551 1707 2188 1819 Zu perzentuellen Verzichtleistungen,die Kriegs-
553 1830 2188 1934 fürsorgezwecken,nicht aber wohlsituierten Thea-
559 1936 2184 2038 terunternehmern zufliessen,bin ich nach wie vor
547 2028 2090 2151 mit Vergnügen bereit. Ein anderes Detail bei
555 2122 2155 2236 dieser Gelegenheit. Warum gab man sich mit der
545 2220 2093 2330 wahrhaft lächerlichen Summe von hundert Mark
559 2335 2151 2478 von dem polnischen Theater in Warschau anläss-
547 2422 2168 2543 lich der „Komödie der Werte" zufrieden? Es ist
549 2526 2124 2654 mir zufällig bekannt, dass die mittlere Abend-
553 2627 2228 2762 einnahme an diesem Theater tausend Mark meisten
555 2729 2203 2873 beträchtlich überschreitet, was sich hoffentlich
549 2835 2193 2983 bei der indes wohl schon eingelangten Abrechnung
545 2937 2093 3056 über die K.d.W. herausgestellt haben dürfte.
553 3035 2188 3194 Darf ich hier gleich das Einsuchen anschliessen,
