4319 3991
15 685 530 902 Ce qui nʼavoir vous ai- xxx
1725 728 1811 905 A.
2074 846 2193 900 G.C.P.
202 991 1813 1152 starken Nachfrage nach meinen Gesammelten Wer-
2326 973 3872 1195 zuwenden in der Lage ist, bleibt esbelanglos,
198 1120 1699 1275 ken ist der Verlust, den ich bisher erleide,
2328 1180 3903 1249 ob er neue oder alte Werke von mir druckt. Und
200 1234 1820 1355 auch absolut nicht gerade ein geringer zu nen-
2324 1228 3898 1370 darum komme ich mit meinem Vorschlag von neu-
205 1331 1745 1477 nen. Dass durch das Fehlen der Gesammtausgabe
2313 1365 3836 1473 lich noch einmal. Nach wie vor- muss ich es
224 1458 1742 1570 (wenn sie auch nach Ihrer sehr richtigen Be-
2317 1428 3933 1607 Sie noch einmal versichern  - habe ich für mei¬
209 1544 1844 1645 häuptung nur eine Zusammenfassung der Einzelwer-
2311 1555 3905 1669 nen Teil keinen Schritt unternommen. Hingegen
198 1654 1747 1783 ke ist) auch eine ideelle Schädigung des Au¬
2317 1643 3799 1764 erhielt ich eben heute den telegraphischen
209 1740 1811 1863 tors eintritt.ist ebenso xxxxndlich,xx
2313 1742 3888 1859 Antrag eines deutschen Verlegers von Rang, der
196 1841 1863 1975 unbezweifelbar wie der Umstand, dass das Erschei
2313 1854 3888 1992 sich freuen würde wjedes Werk von mir in Ver-
198 1964 1753 2072 nen der Gesammtausgabe einen ideellen Gewinn
2307 1949 3967 2104 lag zu nehmen „sofortige Brucklegung verspricht,
194 2055 1753 2169 zu bedeuten hatte. Dass mein materieller und
2311 2065 3844 2212 anfrägt,ob sein Besuch erwünscht sei etc. Es
3278 2154 3493 2225 Papier
209 2158 1747 2283 ideeller Gewinnentgang durch den Druck neuer
2300 2193 3926 2317 wäre also in Deutschland genug für mich da, so¬
205 2257 1811 2391 Bücher eingeholt würde, das hätte nur dann sei-
2296 2294 3944 2423 wohl für meine alten, als xxx meine neuen Wekke.
202 2367 1809 2479 ne Richtigkeit,wenn sich meine alten nebenmei-
2305 2393 3851 2481 Und  wenn ich diese neuen anderswo erscheinen
198 2442 1738 2595 nen neuen Sachen nicht zu halten vermöchten,
2307 2464 3808 2574 liesse, so hätten Sie das gesammte von Ihnen
205 2548 1865 2686 und wenn der Käufer gezwungen wäre, sich zwischen
2296 2561 4023 2694 für mich reservierte Papierquantum - denn der Vester¬
3860 2653 4066 2755 lungs.
202 2653 1809 2780 meinen älteren und neueren Werken zu entschei-
2305 2696 3842 2770 Schlüssel würde sich doch wohl nicht ändern.
196 2737 1747 2888 den. Es werden aber bekanntlich sowohl meine
2300 2804 3780 2875 für meine früheren Werke und wohl auch für
196 2860 1717 2998 alten als meine neuen Sachen verlangt. Nicht
2289 2905 3851 3026 meine Gesammtausgabe übrig. Ich habe dem An¬
194 2948 1807 3099 für mich, nur für Sie, lieber Freund, der obennur
2281 2957 3911 3099 tragsteller bisher nicht geantwortet und werde
202 3048 1857 3200 ein bestimmtes Quantum von Papier für mich auf-
2300 3114 3872 3241 auch selbstverständlich nichts irgendwie Ver-
