4416 4088
3536 888 3916 980 2.1.1922..
2401 921 2893 1042 rischer
2783 994 3007 1058 aie e
2596 1050 3090 1162 Lieber Freund.
2843 1177 4182 1289 1.Am Sylvestertag sprach ich mit Herm
2627 1260 4136 1378 Harz, der mir den Vorschlag machte den „Rei¬
2638 1316 4163 1405 gen noch bis zur 100. Auflage bei ihm zu be¬
2634 1361 4144 1457 lassen. Er will nie noch Tehlenden 22 Aufla¬
2644 1397 4142 1496 gen sofort drucken, die Hälfte gleich bezah-
2633 1465 4094 1550 len, die andere Hälfte spätestens Ostern. Da
2638 1496 4128 1604 das Buch so ziemlich vergriffen scheint und
2642 1571 4150 1654 ich nicht gar so viel Zeit verlieren möchte,
2633 1617 4159 1712 wäre ich sehr geneigt diesen Vorschlag anzu¬
2642 1654 4159 1749 nehmen. Harz ist Mitte Januar wieder in Ber¬
2638 1718 4126 1797 lin und wird sich unverzüglich mit Ihnen in
2644 1762 4124 1845 Verbindung setzen.Es wäre mir ausserordent-
2638 1814 4121 1913 lich wertvoll, wenn endlich eine persönliche
2638 1868 4121 1957 Unterredung zwischen Ihnen und ihm zusatthe
2638 1915 4090 2023 käme. Es bleibt mein Wunsch, dass das Buch
2642 1976 4101 2075 dann, wie meine andern, in Ihrem Verlag über
3532 2026 3787 2104 dans les nouvelles sont
2638 2046 3102 2135 gehen möchte.
2880 2077 4115 2220 2. Mit dem Vorschlag Wetzieky „Wdi¬
2638 2165 4190 2289 tes Land,Buchrecht, 500 Dollar,wäre ich voll
2644 2218 4136 2318 kommen einverstanden. Irgend welche frühere
2644 2270 4101 2385 Rechte auf eine englische Uebersetzung des
2648 2345 4045 2432 „Wo ten Lands in Amerika bestehen nicht
2650 2372 4138 2467 Ob nicht eine unauer storte Uebersetzung er
2648 2436 4194 2530 schienen ist, dafür kann ich nicht garantieren,
2650 2488 4142 2582 mir ist nichts davon bekannt und in den mir
2650 2530 4167 2623 vorliegenden Listen figuriert keine. Deutsche
2644 2592 4115 2673 Aufführungen haben seinerzeit mit Korff in
2650 2631 4150 2729 Amerika stattgefunden. Bitte aber mit Herrn
2648 2708 4175 2785 Wotiozky einen genauen Termin festaustellen,
2650 2737 4012 2829 wann das Buch zu erscheinen hat und auf
2658 2779 4198 2885 ehe balsigster Zahlung zu betehen. Die Zahlun
2656 2849 4159 2932 ist zu lek ten an mein Konto in New-York, La
2660 2895 4119 2984 denburg,Thalmann & Co. In diesem Fall ganz
2660 2926 4209 3032 besonders bitte ich Sie Ihre Provision sofort
2660 2995 4163 3129 in Abzug zu bringen (ich weiss nicht genau,
