4457 4088
3667 1008 4083 1144 20.10.1933.
2438 926 2999 1152 Fischer
2676 1204 3178 1292 Lieber Freund
2923 1350 4180 1466 Nachdem ich meinen letzten Brief an
2616 1422 4131 1509 Sie abgesendet habe, ward mir Gelegenheit mit
2612 1476 4232 1556 dem hier ein paar Tage anwesenden Dr.Hans Jacob
2614 1538 4232 1612 über allerlei literarische und Verlagsangelegen
2612 1575 4209 1665 heiten zu sprechen. Das weite Thema wurde imall
2612 1639 4197 1696 gemeinen und besonderen nach vielen Seiten be-
2607 1682 4191 1762 handelt und ich hätte nun meinem letzten Brief
2605 1746 4195 1818 an Sie, lieber Freund, noch allerlei Ergänzendes
2601 1791 4224 1863 nachzufügen. Nun hat sich Hans Jacob (ich kenne
2603 1839 4259 1925 ihn seit Jahren und er ist auch Ihnen nicht unbe
2599 1874 4217 1977 kannt, so viel ich weiss) haxx in liebenswürdiger
2599 1936 4160 2020 Weise bereit erklärt mir die Mühe eines neuen
2605 1989 4217 2063 Schreibens, abzunehmen, das auch wieder nicht aus¬
2601 2034 4226 2135 führlich genug sein könnte und möchte in meinem
2593 2090 4164 2175 Namen allerlei Einzelheiten, über die ich ihn
2605 2148 4172 2228 genau informiert habe, mit Ihnen durchsprechen.
2591 2189 4112 2278 Ich bitte Sie also sehr, lieber Freund, Herrn
2593 2245 4207 2321 Hans Jacob einem abgesehen von seinen literari¬
2587 2290 4168 2370 schen Qualitäten meiner Ansicht nach geborenen
2593 2344 4102 2424 Mittelsmann zwischen verleger und Autor, eine
2589 2395 4145 2496 Unterredung über die zwischen uns schwebenden
2577 2434 3556 2527 Angelegenheiten zu gewähren.
2917 2515 3617 2636 Mit herzlichem Gruss
3263 2605 3411 2684 Ihr,
2558 2985 3368 3077 Herrn S.Fischer,Verlag,
2566 3051 2816 3133 Berlin.
