4444 4008
3502 994 3912 1091 30.12.1918.
2496 984 2832 1157 Et sché
2896 1108 2979 1232 P.S.
2837 1275 3348 1405 Lieber Freund.
2782 1501 4079 1623 Es handelt sich um den „Reigen“. Ihre
3623 1576 3899 1639 3 rueau au moins de ses autres.
2576 1607 4107 1731 Warnung betreffend den Herrn Harz kam leider
2568 1713 4071 1833 zu spät, ich hatte mich schon mit ihm einge-
2568 1796 4109 1939 lassen. Die Beilagen, ein Vertragsentwurf und
2568 1916 4073 2024 das Gutachten meines Advokaten,erklären die
2568 2022 4099 2138 Sachlage zur Genüge. Immerhin will ich einige
2566 2122 4099 2254 Ergänzungen beifügen. Schon Mitte 1917 wurde
2568 2220 4044 2325 zwischen Harz und mir ein Vertrag über den
2570 2297 4103 2429 „Reigen“ abgeschlossen, der aber durch Nicht¬
2531 2405 4034 2521 erfüllung der Bedingungen durch Herrn Harz
2556 2507 4130 2645 hinfällig wurde, die hieran sich anschliessen-
2568 2619 4134 2735 de Korrespondenz führte endlich zu der Konfe-
2556 2723 4136 2853 renz in der Kanzlei meines Advokaten. Ferner:
2566 2832 4089 2957 Die 47. und 48. Auflage xxx resp. das Verlags-
2556 2930 4128 3054 recht hiefür ist im Besitze des Herrn Harz,er
2560 3030 4105 3150 hat einen vorschuss auf das Honorar und all-
2551 3118 4003 3272 mählich das ganze unter der voraussetzung
