4466 4072
3595 150 3677 248 P.
3839 463 3939 561 1er
3666 802 3932 904 10 1
2523 898 2775 1075 Fich
3469 1032 3855 1160 19.11.1923.
2511 1209 3252 1337 Lieber Herr Dr.Jacob.
2825 1343 4075 1462 Den Verrechnungsvorschlag für August
2525 1418 4048 1509 und September (in dem der Verlag die Erlös-
2523 1448 4109 1558 anteile dieser Monate in Grundzahlen ausdr und
2527 1521 4022 1621 seine Akontozahlungen gleichfalls in Grund
2529 1538 4095 1662 zahlen ausdrückt, einander gegenüberstellt) ak¬
2531 1621 4046 1708 zeptiere ich Ihrem Rate folgend. Ebenso muss
2531 1674 3977 1794 ich wohl den vonorar vorschlag für November
2525 1751 3018 1848 gelten lassen.
2842 1806 4081 1907 Ich nehme auch zur venntnis, dass der
2535 1871 3939 1968 verlag die bereits im Juli eingetretene
2531 1920 4069 2017 verrechnung der deutsch-österreichischen Ein-
2535 1972 4054 2064 nahmen in Originalvalute von diesem Monat an
2541 2003 4119 2119 auf das übrige Ausland ausdehnen und diefür da
2543 2080 3991 2180 das Ausland entfallenden Honorarbeträge in
2574 2125 4097 2210 Originalvalute an mich auszahlen wird. Doch
2537 2178 4093 2283 frage ich, warum erst von Juli an? Mein Wunsch
2541 2232 4111 2330 geht dahin, dass die Originalvaluten mindestens
2545 2287 4093 2375 von Beginn des Jahres an (natürlich unter Ab-
2549 2328 4101 2417 rechnung der bereits in deutscher währung ge¬
2543 2362 4121 2470 zahlten Beträge) verrechnet werden. Es handelt
2541 2429 3967 2531 sich hiebei, wie sich durch Vergleich der
2547 2452 4062 2574 schweizer Franes-und Coldmark-Kurse - sobald
2553 2535 4056 2620 mir erst die genauen Aufstellungen über die
2553 2565 4184 2683 Verkaufstage zur Verfügung gestellt sein werden
2541 2639 4062 2722 unschwer wird konstatieren lassen, um keines
2553 2687 4101 2781 wegs unbeträchtliche Summen. Die mir tatsäch-
2555 2734 4101 2828 lich in Papiermark zur Auszahlung gebrachten
2553 2787 4030 2866 Beträge entsprechen in Goldmark umgerechnet
2553 2825 4097 2937 bei weitem nicht den tatsächlichen Summen, die
2553 2895 4103 2996 für meine Bücher im Ausland eingenommen worden
2559 2943 4034 3053 sind. Dass der Verlag die Verpflichtung zur
2622 3004 3979 3079 uszahlung dieser Originalvaluten an den
2553 3018 4119 3142 Autor nicht anerkennt, und es als eine Art Ent-
2549 3094 4150 3224 gegenkommen hinzustellen wünscht, lasse ich von
