4444 4008
816 993 2044 1138 Indess gehen immer weitere Anfragen
2437 1032 4031 1186 zu telegraphieren wusste. Von den xxxigxx Auf-
468 1113 2056 1265 und Anbote betreffs einer Aufführung des mei¬
2439 1166 4083 1307 führungen - des „Reigen“ in Russland habe ich ih-
493 1232 2058 1365 "en" bei mir ein, zuletzt hat sich das Albert -
2429 1240 4056 1382 nen schon geschrieben. Dass ich dort unter den
481 1282 1961 1471 Theater in Dresden, dieses sogar mit den be¬
2439 1349 4090 1478 heutigen Verhältnissen meine materiellen Rechte
477 1436 1936 1540 stimmten Termin 24. Januar, dann Frau Orloff
2443 1438 4092 1582 wahren könnte ist wohl ausgeschlossen. Immer in
483 1528 2065 1675 und endlich das Trianon-Theater (Direktor Rot-
2445 1544 4117 1692 wird es sie interessieren. dass ich neulich durch
481 1636 1931 1769 ter) an mich gewandt. Ich habe überall mit
2443 1650 4050 1798 Bloch für Aufführungen des „Schleiers der Pie-
3243 1748 3605 1825 in vos aan
481 1711 2106 1871 Entschiedenheit abgelehnt und überdies bemerkt,
2443 1769 4067 1886 rette“, die im Jahre 1914 Stattfanden,Tantiemen
487 1829 1967 1961 dass ich über eine evantu lle Uraufführung,
2452 1881 2941 2000 erhalten habe.
487 1933 1896 2056 wenn ich überhaupt jemals die öffentliche
1694 1998 1890 2063 buert
2868 1942 4061 2100 „Casanovas Heimfahrt“ geht ja gut,
491 2058 2019 2160 Aufführung in Betracht ziehen sollte, verfügt
2454 2085 4036 2202 wie ich höre. Es war zuerst zwischen uns abge-
489 2131 2013 2233 habe. In diesem Fall gedenke ich nämlich auf
2448 2146 4061 2285 macht,dass Sie 30.000 Exemplare drucken,20.000
489 2227 2102 2350 den Antrag Reinhardts zurückzukommen, ohne übri-
2454 2260 4031 2398 gleich bezahlen und das Honorar für die näch¬
964 2325 1141 2385 G.C.H.S.
502 2341 2006 2468 gens hiezu verpflichtet zu sein. Die Gefahr,
2460 2373 4117 2510 sten 10.000 flüssig wird, sobald der Verkauf die-
491 2410 2050 2579 dass irgend in Theater ohne unsere Einwilli¬
2454 2491 3913 2585 ser Auflagen eingesetzt hätte. Da Sie nun
493 2545 2075 2681 gung eine Aufführung des „Reigen“ vorbereiten
2753 2568 3440 2637 aber nur 10.000 bezöser
2460 2560 4025 2712 40.000 gedruckt haben,wünschte ich recht sehr
502 2660 2112 2774 oder gar wirklich versuchen sollte, besteht hof-
2464 2656 4096 2810 nur der Ordnung wegen zu wissen, welche Verbijd-
497 2745 2092 2883 fentlich nicht, jedenfalls bitte ich Sie in ei¬
2458 2774 4102 2905 lichkeiten zwischen uns gelten. Sie missverste-
508 2849 2090 2970 am solchen Fall mit der grossien Energie ein¬
2466 2883 4081 3014 hen mich hoffentlich nicht, ich bitte Sie viel-
499 2935 2050 3070 zuschreiten. Mir fiel es auf, dass das Albert-
3411 2974 3576 3045 Honor
2462 2972 4073 3132 mehr, selbst wenn schon ein Exemplar fällig ge-
504 3047 2069 3180 Theater mir gar schon einen bestimmten Termin
