4437 4040
419 1076 1918 1254 nisses freundlichst zu versichern haben, das
436 1196 1912 1364 ich Ihnen bekanntlich noch selten versagte.
440 1292 1900 1489 Ebenso selbstverständlich bleibt es mir im
434 1397 1963 1548 Sinne unseres Vertrages unbenommen pasönlich
436 1499 1973 1636 mit wem es mir beliebt im Ausland, daher auch
450 1597 2045 1753 eventuell mit Herrn Bartsch in New-York zu ver-
444 1703 2053 1851 handeln, wie ich ja auch schon mit anderen Her¬
456 1798 2051 1965 ren verhandelt und abgeschlossen habe, die sich
440 1928 1497 2082 direkt an mich gewendet haben.
728 1980 1986 2164 Dass Sie für die von Ihnen eingelei-
462 2104 2055 2252 teten und im zuge befindlichen Angelegenheiten
474 2192 2035 2374 Ihre Provision zu beziehn haben, bedarf natür-
462 2297 2070 2462 lich keiner weiteren Erwähnung. Ich gedenke die
470 2413 1939 2575 auf mich entfallenden Beträge vorläufig in
472 2511 1969 2661 Amerika zu belassen und zwar wie ich gleich
460 2597 1990 2775 mitteilen will möchte ich sie, wenn.der Ver-
474 2708 2006 2902 walter feindlichen Eigentums" sie freigegeben
472 2785 2063 2982 hat bei dem Bankhaus Ladenburg,Thalmann & Co.
485 2902 1945 3078 deponieren. Je nach Ihrem Wunsch kann Herr
479 3006 2080 3186 Bartsch die auf Sie entfallenden Perzente, wenn
499 3098 2014 3354 es so weit ist, direkt an Sie überweisen oder
4002 763 4174 918 2915
4180 826 4299 941 2e
2532 1031 4110 1170 ich lasse das von Ladenburg etc.aus besorgen,
2783 1137 4047 1284 3. ).Die Schwestern" sind am 26.d. zur
2540 1247 4078 1384 erfolgreichen Uraufführung gelangt. Mit Rein-
2536 1350 4166 1460 hardt bin ich über den Termin im Depeschenwehh-
2540 1432 4168 1573 sel. Mein Telegramm auf Holland und Italien be-
2552 1552 4160 1661 züglich haben Sie wohl erhalten. Um stormierung
2552 1644 4178 1773 in wolland habe ich ersucht, weil mir auffallend
2542 1748 4164 1879 bessere Bedingungen in Aussicht gestellt worden
2542 1832 4020 1955 sind, als sie Ihnen geboten wurden. (Sicher
2542 1937 4172 2067 ist die sache natürlich noch nicht, aber mit ei-
2548 2014 4194 2184 nem Aufschub noch nicht viel riskiert.) Ich bin
2540 2143 4088 2286 te um gefällige Mitteilung,ob Schweddan,Däne-
2558 2256 3890 2384 mark. Norwegen schon abgeschlossensind.
2824 2329 4104 2479 4. ) Reinhardt hat den kontraktlichen
2558 2446 4174 2583 Termin für die „Reigen“-Aufführung (spätestens
2558 2538 4143 2667 31. Jänner 1920) leider vorbeigehen lassen, den
2569 2644 4143 2796 jetzigen Zeitpunkt findet er inopportun,worin
2562 2761 4198 2859 ich ihm allerdings Recht geben muss und so müs-
2562 2836 4141 2982 sen auch die andern wühnen die Aufführung hi-
2581 2945 4117 3096 nausschieben. Wer weiss, für wie lange nun der
2587 3037 3683 3209 richtige Zeitpunkt verpasst ist.
3051 3157 3636 3337 Hochachtungsvoll
