4408 4041
325 854 1817 1016 maht wurden; es gelten durchaus die Bestim-
264 972 1817 1098 mungen des Vertragsbriefes vom 16. Jänauar 19
329 1036 1781 1134 murdass für 49.-68. Aufl 69.-73 einzusetzen
347 1090 1779 1184 Ich erklärte mich in diesem Brief fer-
335 1140 1745 1222 ner berechtigt vom 1. Juli 1921 an über das
325 1198 1745 1280 Verlagsrecht des Reigen frei zu verfügen,
327 1236 1725 1345 Er welchen Fall die in dem erwähnten Ver
307 1284 1723 1389 Kagsbrief niedergelegten Klauseln selbst
305 1339 1841 1455 rständlich ihre Geltung zu behalten hätten.
527 1403 1791 1523 Es ergaben sich im ferner Verlauf ei-
321 1477 1797 1597 nige Differenzen, da die Honorarzahlung auf
379 1529 1819 1633 ich warten liess. Ex Nach einem getem ein-
373 1571 1853 1673 stroffenen Briefe des Herrn Harz ist sie in¬
373 1645 1705 1735 ess an meine Bank geleistet worden. Ich
365 1673 1847 1783 atte den 10. Juni als letzten Termin erklärt
363 1737 1737 1839 nd für den Fall des Nichteintreffens der
367 1799 1697 1916 ahlung den Vertrag endgültig gekündigt.
735 1868 814 1912 P.S.
527 1851 1749 1972 Nach der ganzen Sachlage bin ich na
357 1920 1811 2028 türlich in jedem Fall berechtigt vom 1.Juli
353 1950 1857 2080 1212x 1921 an frei über den „Reigen“ zu ver¬
347 2038 1835 2130 fügen, den neuen Verlag müssten die noch vor-
341 2068 1833 2186 handenen Exemplare (es ist schon bis zur 78.
341 2142 1773 2242 Aufl.gedruckt, bis zur 73. gezahlt) von Harz
347 2182 1707 2284 zum Buchhände rpreise überlassen werden.
359 2226 1773 2334 Trotz der klaren Sachlage würde Harz, davon
339 2290 1735 2380 bin ich überzeugt, Schwierigkeiten machen.
355 2346 1741 2439 Insbesondere mit Rücksicht darauf, dass er
353 2394 1753 2485 die Angelegenheit (Aufhebung der Beschlag
355 2427 1805 2533 nah me jprozessual betreibt und einen Prozess
353 2493 1779 2583 mit ihm wegen eventueller Rückgabe des Ver
353 2537 1787 2643 lagsrechtes möchte ich gern vermeiden. Wie
361 2589 1793 2679 wäre es - ganz unverbindlich - wenn Sie an
359 2643 1729 2735 Harz mit der gleichfalls unverbindlichen
365 2683 1815 2783 Frage herantraten,ob er geneigt wäre wegen
361 2743 1791 2837 Ueberlassung des „Reigens“ an Ihren Verlag
379 2779 1868 2883 in Um erhandlungen zu treten. Dann konnte man
373 2837 1787 2944 ja weitersehen. Mir wäre es natürlich sehr
367 2897 1731 2992 sympathisch den „Reigen“ in Ihrem Verlag
365 2932 1735 3078 zu wissen. Doch möchte ich noch ein Wort
3745 789 4022 938 9/6 21.
2439 988 3917 1124 zum Kapitel der vergriffenen und nicht neu
2445 1094 3987 1174 aufgelegten Bücher sagen. Es ist mir bekannt,
2447 1142 3871 1226 dass die Herstellungskosten sich ausser-
2439 1186 3907 1278 ordentlich gesteigert haben und der Absatz
2447 1226 3929 1316 sich vermindert hat. Trotzdem unterliegt es
2445 1292 3933 1373 keinem Zweifel, dass Sie bei einem Autor wie
2439 1341 3867 1435 mir kaum irgend ein Risiko laufen, selbst
2445 1399 3935 1479 wenn einmal eine der neugedruckten Auflagen
2451 1431 3981 1525 sich etwas langsamer verkauft als wir gewohnt
2451 1499 3939 1571 sind. Meiner Ansicht nach sollte von meinen
2441 1543 3923 1625 Büchern keines ganz fehlen; selbstverständ-
2443 1593 3911 1673 lich gibt es manche, auf die ich persönlich
3627 1643 3907 1717 Ld“ (von
2445 1667 3589 1737 weniger Wert lege, so z.B. „Freim
2441 1691 3991 1789 dem wohl Bühnenexemplare noch vorhanden sind)
2447 1757 3857 1833 „Marionetten sollten wohl zu haben sein,
2453 1807 3973 1890 jedenfalls aber „Komödie der Worte. Sie wis
2451 1861 3803 1928 sen ja selbst, dass gerade dieser Zyklus
2451 1892 3935 1974 im Ausland besonders erfolgreich war und es
2453 1946 3971 2032 ist anzunehmen, dass er sich, insbesondere die
2459 2008 3979 2084 „Grosse Szene" auch in Deutschland nach Ce -
2451 2054 3899 2130 buhr durchsetzen wird. Hier leidet er noch
2457 2106 3875 2182 offenbar unter der Nachwirkung der idioti
2447 2154 3947 2230 schen yritiken aus der Zeit der verstauffüh-
2457 2202 3975 2306 rung, als es zur Gewohnheit insbesondere der
2451 2256 3923 2354 national gesinnten Blätter gehörte u.a. Au
2453 2320 3723 2419 toren mich als.weggefegt zu erklären.
3857 2392 3998 2475 auch
2729 2378 3807 2499 Im Zusammenhang damit möchte ic
2445 2467 3977 2539 recht gerne wis sen, wie xxx der Werkauf meiner
2453 2519 3789 2587 Gesammtausgabe geht. Ist schon die 2.Hä
2477 2575 3855 2653 der neugedruckten Auflagen in den Hande
2463 2607 3903 2705 gebracht worden? Bestehen Chancen,dass die
3771 2661 3994 2743 schon
3240 2669 3701 2745 8 Bände stärke
2453 2679 3182 2763 neue Ausgabe (etwa um
3603 2705 3951 2785 Herrn Jahres
2459 2727 3060 2809 im Frühjahr oder
2457 2773 4060 2867 erscheinen könnte? Glauben Sie übrigens nicht
2463 2819 3913 2903 selbst, dass wir hinsichtlich dieser neue,
2459 2857 3987 2956 Ausgabe (schon mit Rücksicht darauf, dass die
2457 2923 3985 2998 Gesammtausgabe ja nur gebunden in den Handel
2457 2976 3985 3056 kommt) wegen des Honorarsatzes gewisse Abma¬
2463 3036 3935 3152 chungen treffen sollten, die das Verhältnis
