4428 4056
484 1081 2069 1248 ja bekannt, stellt sich jedoch,was nun doch im-
472 1204 2008 1355 mer häufiger vorzukommen scheint, ein ungari-
484 1327 2051 1450 scher Verleger auf den Boden eines wirklichen
484 1403 2042 1559 Urheberrechtes, nicht auf den überlebter Raub-
490 1534 2067 1651 gesetzte, so sollte uns nichts hindern, vor al-
484 1615 1990 1762 lem einmal diejenigen Honorarforderungen zu
478 1724 2057 1869 stellen, die uns gerechtfertigt erscheinen und
486 1809 2091 1950 ich würde an Ihrer Stelle doch von Fall zu Fall
482 1944 2002 2049 meine oben angedeuteten Bedingungen durchzu-
484 2022 2091 2163 setzen versuchen. Hiemit habe ich meinen Stand-
470 2127 2024 2248 punkt klar ausgesprochen ohne im übrigen den
482 2238 2049 2367 Gang der Verhandlungen weiter beeinflussen zu
496 2337 738 2468 wollen.
694 2377 2085 2565 Bei dieser Gelegenheit möchte ich gleich
484 2524 2020 2684 die in Ihren letzten Briefen berührte Provi-
484 2655 2014 2770 sionsfrage für das Ausland endgiltig regeln.
482 2716 2087 2881 Vor allem möchte ich feststellen, dass ich nach
482 2825 2099 2962 wie vor mir das freie Verfügungsrecht hinsicht-
486 2938 2101 3091 lich des nebersetzungsrechtes meiner Werke vor-
490 3041 1966 3176 behalte, und dass Sie mich, wenn nicht aus-
484 3131 2099 3299 drücklich anderes ausgemacht wird, von Anträgen
4075 804 4206 948 24/4
2545 1042 4139 1234 dieser Art freundlichst in Kenntnis setzen wol
2553 1198 2706 1343 len.
2766 1238 2879 1317 G.C.F.P.
2692 1262 4129 1409 Ueberlasse ich ihrem Verlag Verhandlungen
2557 1373 4168 1520 und Abschluss, so bin ich natürlich gern bereit,
3216 1456 4170 1601 zu bewilligen. Wenn weitere
2557 1488 3170 1619 ihnen 15% Provisie
2913 1555 3168 1615 G.C.H.F.P.
2563 1569 4151 1720 Verrechnungen und daher eine fortdauernde Kon-
2569 1653 4190 1837 trolle durch Ihren Verlag notwendig ist. Handelt
2575 1772 4091 1915 es sich um einen Pauschalabschluss, dem keine
2575 1897 4160 2044 längeren brieflichen Verhandlungen vorangehen,
2575 1992 4121 2133 so dass die ganze Arbeit des verlags in Tele-
2577 2081 4184 2234 grammwechsel, Einkassierung und Ueberweisung be-
2571 2186 4071 2347 steht, so hielte ich die Hälfte dieser Provi¬
2799 2297 3992 2440 lso 7 1/2% wohl für ausreichend. Es sol
2869 2387 3960 2528 h um eine Provision und nicht ei¬
2869 2504 3375 2633 Steuer handeln.
2905 2581 3936 2740 stverständlich ist auch, dass i
2629 2692 3881 2849 räge, die mir von ihnen übermittelt wei-
2631 2788 3996 2954 nicht etwa persönlich weiterbehandle,sonders
2599 2907 3726 3059 dass, wenn mir dieser Antrag überhaupt und
2702 2996 3774 3178 erscheint, ihn in Ihre Hände überallen.
