2386 3961
1382 834 1756 978 25.2.1916.
594 1039 1351 1218 An c. Fischers Verlag
844 1173 1360 1249 (~n~t~v~ll~.t~
803 1226 1341 1362 Theatervertrieb
1483 1245 1758 1380 Berlin.
735 1368 2068 1540 Ihre Auffassung Ihre Provision für die
421 1477 1943 1645 Zwischenspieltantiemen in Berlin betreffend
959 1590 1220 1659 A.A.S.
637 1592 809 1651 au moin de ses
505 1598 598 1641 mme
450 1629 1974 1764 scheint mir irrig. Vor allem handelt es sich
454 1733 2091 1859 hier nicht um einen Vertrag, der mit meinem Ein¬
448 1809 2078 1953 verständnis geschlossen wurde, vielmehr hat Bar¬
450 1926 1959 2068 nowsky telegraphisch mit mir verhandelt, wir
448 2046 2058 2158 haben uns telegraphisch geeinigt und er hat ja
450 2113 2054 2261 auch tatsächlich die Tantiemen ohne Vormittlung
450 2226 1967 2362 direkt an mich ausgezahlt, wie das bezüglich
442 2331 1965 2485 aller meiner am lessingtheater aufgeführten
433 2450 2013 2588 Stücke unter Barnowsky (und auch unter Brahm)
446 2530 1881 2676 der Fall gewesen ist. Dass Sie grade über
421 2637 2021 2779 das Zwischenspiel mit Barnowsky einen Vertrag
433 2744 1694 2881 geschlossen haben war mir unbekannt.
741 2855 2015 2982 Aber auch ganz im,llgemeinen vermag
423 2939 2074 3103 ich ihrer Auffassung bezüglich Ihrer Provision
