<?xml version="1.0" encoding="UTF-8" standalone="yes"?>
<PcGts xmlns="http://schema.primaresearch.org/PAGE/gts/pagecontent/2013-07-15" xmlns:xsi="http://www.w3.org/2001/XMLSchema-instance" xsi:schemaLocation="http://schema.primaresearch.org/PAGE/gts/pagecontent/2013-07-15 http://schema.primaresearch.org/PAGE/gts/pagecontent/2013-07-15/pagecontent.xsd">
    <Metadata>
        <Creator>prov=READ-COOP:name=TrHtr:version=2.1.0:model_id=51170:date=27_07_2023_22:02</Creator>
        <Created>2023-05-02T07:57:28.287+02:00</Created>
        <LastChange>2023-07-27T22:02:45.491+02:00</LastChange>
        <TranskribusMetadata docId="1416739" pageId="54952956" pageNr="180" tsid="131304420" status="IN_PROGRESS" userId="64420" imgUrl="https://files.transkribus.eu/Get?id=LJYMPKHZFTATUYJJDSRBUKBW&amp;fileType=view" xmlUrl="https://files.transkribus.eu/Get?id=PMXSDGXUIKSDJNNLZPPRTLRG" imageId="44456681"/>
    </Metadata>
    <Page imageFilename="1416739_0180.jpg" imageWidth="4419" imageHeight="4041">
        <ReadingOrder>
            <OrderedGroup id="ro_1711827998056" caption="Regions reading order">
                <RegionRefIndexed index="0" regionRef="tr_2"/>
                <RegionRefIndexed index="1" regionRef="tr_1"/>
            </OrderedGroup>
        </ReadingOrder>
        <TextRegion id="tr_2" custom="readingOrder {index:0;}">
            <Coords points="447,1102 2005,1102 2005,3179 447,3179"/>
            <TextLine id="tr_2_tl_1" custom="readingOrder {index:0;}">
                <Coords points="437,1211 1897,1178 1899,1118 1284,1089 1116,1149 980,1120 731,1156 439,1125"/>
                <Baseline points="447,1208 468,1208 513,1208 558,1208 602,1208 647,1205 692,1202 737,1199 781,1199 826,1196 871,1196 916,1196 961,1193 1005,1193 1050,1190 1095,1190 1140,1187 1184,1184 1229,1184 1274,1181 1319,1181 1363,1178 1408,1175 1453,1175 1498,1172 1542,1169 1587,1169 1632,1166 1677,1166 1722,1166 1766,1163 1811,1163 1856,1157 1901,1152"/>
                <TextEquiv>
                    <Unicode>dass zwar der nichtautorisierte Uebersetzer</Unicode>
                </TextEquiv>
            </TextLine>
            <TextLine id="tr_2_tl_2" custom="readingOrder {index:1;}">
                <Coords points="445,1292 1804,1230 1806,1178 447,1222"/>
                <Baseline points="456,1265 468,1262 513,1262 558,1262 602,1256 647,1256 692,1256 737,1256 781,1253 826,1247 871,1247 916,1247 961,1244 1005,1244 1050,1241 1095,1238 1140,1238 1184,1235 1229,1232 1274,1229 1319,1229 1363,1229 1408,1226 1453,1226 1498,1223 1542,1220 1587,1220 1632,1220 1677,1217 1722,1214 1766,1211 1811,1208"/>
                <TextEquiv>
                    <Unicode>des „Reigens“,ich aber nicht in Amerika</Unicode>
                </TextEquiv>
            </TextLine>
            <TextLine id="tr_2_tl_3" custom="readingOrder {index:2;}">
                <Coords points="483,1323 1746,1284 1849,1269 1851,1216 1597,1257 1497,1224 485,1274"/>
                <Baseline points="495,1313 510,1310 555,1310 599,1310 644,1307 689,1304 734,1304 778,1301 823,1298 868,1298 913,1295 958,1292 1002,1292 1047,1289 1092,1289 1137,1289 1181,1286 1226,1283 1271,1283 1316,1283 1360,1280 1405,1277 1450,1274 1495,1274 1539,1274 1584,1271 1629,1271 1674,1268 1719,1265 1763,1262 1808,1259 1853,1259"/>
                <TextEquiv>
                    <Unicode>gegen weitere Gebersetzungen des „Reigen</Unicode>
                </TextEquiv>
            </TextLine>
            <TextLine id="tr_2_tl_4" custom="readingOrder {index:3;}">
                <Coords points="445,1365 1808,1334 1891,1323 1895,1255 1669,1299 1458,1270 447,1311"/>
                <Baseline points="456,1363 465,1363 510,1360 555,1360 599,1357 644,1354 689,1354 734,1351 778,1348 823,1348 868,1346 913,1346 958,1343 1002,1343 1047,1340 1092,1340 1137,1337 1181,1337 1226,1334 1271,1334 1316,1331 1360,1331 1405,1328 1450,1328 1495,1325 1539,1322 1584,1322 1629,1319 1674,1313 1719,1316 1763,1316 1808,1313 1853,1310 1898,1301"/>
                <TextEquiv>
                    <Unicode>und deren Verwertung geschützt wäre. Natür-</Unicode>
                </TextEquiv>
            </TextLine>
            <TextLine id="tr_2_tl_5" custom="readingOrder {index:4;}">
                <Coords points="449,1423 1060,1398 1294,1435 1472,1398 1649,1433 1882,1377 1883,1315 451,1365"/>
                <Baseline points="459,1411 498,1411 543,1411 587,1408 632,1408 677,1405 722,1402 767,1402 811,1399 856,1399 901,1396 946,1396 990,1393 1035,1393 1080,1390 1125,1390 1169,1387 1214,1384 1259,1384 1304,1384 1348,1384 1393,1381 1438,1378 1483,1381 1528,1375 1572,1372 1617,1372 1662,1369 1707,1366 1751,1363 1796,1363 1841,1360 1886,1360"/>
                <TextEquiv>
                    <Unicode>lich halte ich mich berechtigt, vollkommen</Unicode>
                </TextEquiv>
            </TextLine>
            <TextLine id="tr_2_tl_6" custom="readingOrder {index:5;}">
                <Coords points="445,1474 565,1462 704,1506 818,1472 849,1497 905,1501 1029,1483 1033,1412 959,1398 791,1404 725,1425 686,1408 447,1421"/>
                <Baseline points="456,1465 498,1462 543,1459 587,1459 632,1459 677,1456 722,1456 767,1450 811,1450 856,1447 901,1447 946,1444 990,1447 1035,1444"/>
                <TextEquiv>
                    <Unicode>frei zu verfügen.</Unicode>
                </TextEquiv>
            </TextLine>
            <TextLine id="tr_2_tl_7" custom="readingOrder {index:6;}">
                <Coords points="654,1561 1905,1532 1907,1481 1597,1454 1416,1495 656,1514"/>
                <Baseline points="665,1551 701,1554 746,1554 790,1551 835,1548 880,1551 925,1548 969,1545 1014,1542 1059,1539 1104,1537 1149,1534 1193,1534 1238,1531 1283,1531 1328,1531 1372,1528 1417,1528 1462,1525 1507,1522 1551,1522 1596,1519 1641,1519 1686,1516 1731,1516 1775,1513 1820,1513 1865,1513 1910,1516"/>
                <TextEquiv>
                    <Unicode>3. Aus Ihren Mitteilungen ersehe ich,</Unicode>
                </TextEquiv>
            </TextLine>
            <TextLine id="tr_2_tl_8" custom="readingOrder {index:7;}">
                <Coords points="451,1620 1883,1570 1885,1526 758,1572 588,1504 454,1514"/>
                <Baseline points="462,1614 501,1611 546,1611 590,1608 635,1605 680,1602 725,1602 769,1599 814,1599 859,1596 904,1593 949,1593 993,1593 1038,1590 1083,1587 1128,1584 1172,1587 1217,1584 1262,1584 1307,1581 1351,1581 1396,1578 1441,1575 1486,1575 1531,1572 1575,1569 1620,1569 1665,1566 1710,1566 1754,1566 1799,1563 1844,1560 1889,1557"/>
                <TextEquiv>
                    <Unicode>dass Sie über die eventuelle amerikanische</Unicode>
                </TextEquiv>
            </TextLine>
            <TextLine id="tr_2_tl_9" custom="readingOrder {index:8;}">
                <Coords points="458,1673 1493,1617 1856,1649 1943,1628 1945,1586 460,1619"/>
                <Baseline points="468,1659 489,1662 534,1662 578,1659 623,1656 668,1656 713,1653 758,1653 802,1647 847,1650 892,1647 937,1650 981,1644 1026,1644 1071,1641 1116,1638 1160,1638 1205,1635 1250,1635 1295,1632 1340,1629 1384,1626 1429,1623 1476,1615 1505,1616 1551,1617 1596,1617 1641,1617 1686,1614 1731,1611 1775,1614 1820,1611 1865,1614 1910,1614 1948,1614"/>
                <TextEquiv>
                    <Unicode>Gesamtausgabe nicht direkt mit einem Verlag,</Unicode>
                </TextEquiv>
            </TextLine>
            <TextLine id="tr_2_tl_10" custom="readingOrder {index:9;}">
                <Coords points="452,1727 1704,1692 1810,1667 1812,1630 456,1669"/>
                <Baseline points="465,1710 474,1710 519,1713 564,1710 608,1707 653,1707 698,1704 743,1704 787,1704 832,1701 877,1698 922,1695 966,1692 1011,1692 1056,1692 1101,1689 1146,1686 1190,1686 1235,1683 1280,1680 1325,1680 1369,1677 1414,1677 1459,1674 1504,1671 1548,1671 1593,1668 1638,1668 1683,1668 1728,1665 1772,1662 1817,1653"/>
                <TextEquiv>
                    <Unicode>sondern auch lieber mit einem Vermittler</Unicode>
                </TextEquiv>
            </TextLine>
            <TextLine id="tr_2_tl_11" custom="readingOrder {index:10;}">
                <Coords points="466,1775 1787,1733 1914,1713 1914,1675 468,1725"/>
                <Baseline points="477,1760 486,1760 531,1760 576,1757 620,1757 665,1754 710,1754 755,1751 799,1751 844,1751 889,1748 934,1745 978,1742 1023,1742 1068,1739 1113,1736 1157,1736 1202,1733 1247,1733 1292,1731 1337,1728 1381,1728 1426,1725 1471,1722 1516,1716 1560,1719 1605,1719 1650,1716 1695,1716 1739,1713 1784,1713 1829,1710 1874,1707 1919,1701"/>
                <TextEquiv>
                    <Unicode>verhandeln. Die Bemerkung von Brand &amp; Kir-</Unicode>
                </TextEquiv>
            </TextLine>
            <TextLine id="tr_2_tl_12" custom="readingOrder {index:11;}">
                <Coords points="460,1831 1930,1777 1947,1715 462,1773"/>
                <Baseline points="471,1817 474,1817 519,1811 564,1811 608,1811 653,1808 698,1805 743,1805 787,1802 832,1799 877,1796 922,1793 966,1793 1011,1793 1056,1790 1101,1787 1146,1787 1190,1784 1235,1781 1280,1781 1325,1778 1369,1778 1414,1778 1459,1775 1504,1775 1548,1772 1593,1769 1638,1769 1683,1766 1728,1763 1772,1763 1817,1763 1862,1760 1907,1757 1951,1757"/>
                <TextEquiv>
                    <Unicode>patrik, dass er bereits eine erklekliche Zeit</Unicode>
                </TextEquiv>
            </TextLine>
            <TextLine id="tr_2_tl_13" custom="readingOrder {index:12;}">
                <Coords points="460,1872 1766,1820 1916,1864 1951,1773 462,1831"/>
                <Baseline points="471,1865 477,1865 522,1859 567,1859 611,1856 656,1856 701,1853 746,1853 790,1853 835,1850 880,1847 925,1844 969,1844 1014,1841 1059,1841 1104,1838 1149,1838 1193,1835 1238,1835 1283,1832 1328,1829 1372,1829 1417,1826 1462,1823 1507,1823 1551,1823 1596,1820 1641,1820 1686,1817 1731,1814 1775,1811 1820,1811 1865,1808 1910,1802 1954,1796"/>
                <TextEquiv>
                    <Unicode>für die Sache verwendet habe und ungern sei-</Unicode>
                </TextEquiv>
            </TextLine>
            <TextLine id="tr_2_tl_14" custom="readingOrder {index:13;}">
                <Coords points="466,1922 1766,1882 1854,1868 1856,1822 468,1876"/>
                <Baseline points="477,1910 519,1910 564,1907 608,1907 653,1904 698,1904 743,1901 787,1901 832,1901 877,1898 922,1895 966,1895 1011,1895 1056,1892 1101,1892 1146,1889 1190,1886 1235,1886 1280,1883 1325,1880 1369,1877 1414,1877 1459,1877 1504,1877 1548,1874 1593,1868 1638,1868 1683,1865 1728,1865 1772,1862 1817,1862 1862,1859"/>
                <TextEquiv>
                    <Unicode>ne Zeit vergeblich opfern würde,mahnt zur</Unicode>
                </TextEquiv>
            </TextLine>
            <TextLine id="tr_2_tl_15" custom="readingOrder {index:14;}">
                <Coords points="476,1982 1854,1930 1911,1874 478,1918"/>
                <Baseline points="486,1966 525,1963 570,1960 614,1957 659,1957 704,1954 749,1951 793,1948 838,1945 883,1948 928,1945 972,1945 1017,1942 1062,1942 1107,1939 1152,1939 1196,1936 1241,1933 1286,1930 1331,1930 1375,1927 1420,1927 1465,1924 1510,1922 1554,1919 1599,1919 1644,1919 1689,1916 1733,1913 1778,1913 1823,1910 1868,1907 1913,1910"/>
                <TextEquiv>
                    <Unicode>Vorsicht; keineswegs dürfte Herr Brand etc.</Unicode>
                </TextEquiv>
            </TextLine>
            <TextLine id="tr_2_tl_16" custom="readingOrder {index:15;}">
                <Coords points="491,2015 1883,1976 1965,1963 1967,1903 491,1976"/>
                <Baseline points="501,2008 537,2011 581,2008 626,2005 671,2005 716,2002 761,2002 805,1999 850,1999 895,1996 940,1996 984,1993 1029,1993 1074,1993 1119,1990 1163,1987 1208,1984 1253,1981 1298,1981 1343,1981 1387,1978 1432,1975 1477,1972 1522,1972 1566,1969 1611,1969 1656,1969 1701,1966 1745,1963 1790,1963 1835,1960 1880,1957 1924,1954 1969,1951"/>
                <TextEquiv>
                    <Unicode>aus dem Umstand, dass er einen Verleger oder</Unicode>
                </TextEquiv>
            </TextLine>
            <TextLine id="tr_2_tl_17" custom="readingOrder {index:16;}">
                <Coords points="476,2077 1754,2036 1953,2001 1955,1961 478,2023"/>
                <Baseline points="486,2062 528,2062 573,2059 617,2056 662,2053 707,2053 752,2050 796,2050 841,2050 886,2047 931,2044 975,2044 1020,2044 1065,2041 1110,2038 1154,2038 1199,2035 1244,2032 1289,2032 1334,2029 1378,2026 1423,2026 1468,2023 1513,2023 1557,2020 1602,2017 1647,2017 1692,2017 1736,2014 1781,2011 1826,2008 1871,2005 1916,1999 1960,1993"/>
                <TextEquiv>
                    <Unicode>mehsee Verleger für meine Werke zu interes-</Unicode>
                </TextEquiv>
            </TextLine>
            <TextLine id="tr_2_tl_18" custom="readingOrder {index:17;}">
                <Coords points="470,2129 1731,2065 1916,2096 1959,2088 1963,1999 472,2077"/>
                <Baseline points="480,2113 489,2110 534,2110 578,2110 623,2110 668,2107 713,2104 758,2101 802,2101 847,2101 892,2098 937,2098 981,2095 1026,2092 1071,2089 1116,2089 1160,2086 1205,2086 1250,2083 1295,2083 1340,2080 1384,2077 1429,2077 1474,2074 1519,2074 1563,2071 1608,2071 1653,2068 1698,2065 1742,2062 1787,2062 1832,2059 1877,2059 1922,2056 1966,2044"/>
                <TextEquiv>
                    <Unicode>sieren versucht, irgendwelche Ansprüche ablei¬</Unicode>
                </TextEquiv>
            </TextLine>
            <TextLine id="tr_2_tl_19" custom="readingOrder {index:18;}">
                <Coords points="478,2170 1578,2148 1903,2117 1905,2081 754,2102 646,2145 480,2119"/>
                <Baseline points="489,2163 531,2160 576,2160 620,2157 656,2160 698,2157 743,2151 787,2148 832,2145 877,2148 922,2148 966,2145 1011,2142 1056,2139 1101,2139 1146,2139 1190,2139 1235,2133 1280,2133 1325,2130 1369,2127 1414,2124 1459,2124 1504,2121 1548,2121 1593,2118 1638,2118 1683,2118 1728,2116 1772,2113 1817,2110 1862,2107 1907,2107"/>
                <TextEquiv>
                    <Unicode>ten.. Die Verhandlungen müssen vollkommen</Unicode>
                </TextEquiv>
            </TextLine>
            <TextLine id="tr_2_tl_20" custom="readingOrder {index:19;}">
                <Coords points="478,2226 1814,2179 1903,2172 1905,2119 480,2170"/>
                <Baseline points="489,2211 522,2211 567,2208 611,2205 656,2205 701,2205 746,2202 790,2199 835,2199 880,2199 925,2199 969,2193 1014,2193 1059,2190 1104,2190 1149,2187 1193,2181 1238,2181 1283,2181 1328,2181 1372,2178 1417,2178 1462,2175 1507,2172 1551,2172 1596,2169 1641,2169 1686,2166 1731,2163 1775,2163 1820,2160 1865,2157 1910,2157"/>
                <TextEquiv>
                    <Unicode>unverbindlich geführt werden und erst über</Unicode>
                </TextEquiv>
            </TextLine>
            <TextLine id="tr_2_tl_21" custom="readingOrder {index:20;}">
                <Coords points="483,2266 1820,2243 1924,2224 1926,2166 485,2228"/>
                <Baseline points="495,2265 498,2265 543,2262 587,2259 632,2259 677,2256 722,2253 767,2253 811,2250 856,2250 901,2247 946,2241 990,2241 1035,2241 1080,2238 1125,2238 1169,2238 1214,2238 1259,2235 1304,2232 1348,2232 1393,2229 1438,2226 1483,2223 1528,2223 1572,2223 1617,2220 1662,2217 1707,2214 1751,2214 1796,2214 1841,2211 1886,2205 1930,2199"/>
                <TextEquiv>
                    <Unicode>ganz bestimmte Vorschläge lässt sich ernst-</Unicode>
                </TextEquiv>
            </TextLine>
            <TextLine id="tr_2_tl_22" custom="readingOrder {index:21;}">
                <Coords points="470,2326 1833,2276 1932,2264 1934,2216 472,2282"/>
                <Baseline points="483,2312 504,2312 549,2309 593,2309 638,2307 683,2304 728,2304 772,2301 817,2301 862,2298 907,2295 952,2295 996,2292 1041,2295 1086,2292 1131,2289 1175,2286 1220,2283 1265,2283 1310,2283 1354,2280 1399,2280 1444,2277 1489,2274 1534,2274 1578,2271 1623,2268 1668,2268 1713,2265 1757,2262 1802,2259 1847,2256 1892,2253 1936,2244"/>
                <TextEquiv>
                    <Unicode>haft diskutieren. Dass ich mich auf die va-</Unicode>
                </TextEquiv>
            </TextLine>
            <TextLine id="tr_2_tl_23" custom="readingOrder {index:22;}">
                <Coords points="482,2382 1862,2328 1878,2268 483,2326"/>
                <Baseline points="492,2366 495,2366 540,2360 584,2360 629,2357 674,2354 719,2354 764,2351 808,2351 853,2348 898,2348 943,2345 987,2345 1032,2342 1077,2339 1122,2339 1166,2336 1211,2333 1256,2333 1301,2330 1346,2330 1390,2327 1435,2324 1480,2324 1525,2324 1569,2321 1614,2318 1659,2318 1704,2315 1748,2315 1793,2312 1838,2309 1883,2304"/>
                <TextEquiv>
                    <Unicode>gen Bemerkungen von Brand &amp; Kirpatrik hin</Unicode>
                </TextEquiv>
            </TextLine>
            <TextLine id="tr_2_tl_24" custom="readingOrder {index:23;}">
                <Coords points="482,2423 1837,2375 1851,2334 482,2384"/>
                <Baseline points="492,2414 510,2411 555,2411 599,2408 644,2408 689,2405 734,2402 778,2402 823,2399 868,2399 913,2396 958,2396 1002,2393 1047,2390 1092,2390 1137,2387 1181,2384 1226,2384 1271,2384 1316,2381 1360,2378 1405,2378 1450,2375 1495,2375 1539,2372 1584,2369 1629,2372 1674,2366 1719,2366 1763,2363 1808,2360 1853,2360"/>
                <TextEquiv>
                    <Unicode>auf unbestimmte Zeit verpflichten sollte</Unicode>
                </TextEquiv>
            </TextLine>
            <TextLine id="tr_2_tl_25" custom="readingOrder {index:24;}">
                <Coords points="478,2467 1885,2423 1912,2348 480,2419"/>
                <Baseline points="489,2462 525,2462 570,2459 614,2459 659,2456 704,2453 749,2453 793,2450 838,2450 883,2450 928,2447 972,2444 1017,2444 1062,2441 1107,2438 1152,2438 1196,2435 1241,2435 1286,2432 1331,2429 1375,2429 1420,2426 1465,2426 1510,2423 1554,2423 1599,2420 1644,2417 1689,2417 1733,2417 1778,2414 1823,2414 1868,2408 1913,2405"/>
                <TextEquiv>
                    <Unicode>mit anderen amerikanischen Verlegern nicht</Unicode>
                </TextEquiv>
            </TextLine>
            <TextLine id="tr_2_tl_26" custom="readingOrder {index:25;}">
                <Coords points="491,2522 1860,2481 1897,2421 493,2467"/>
                <Baseline points="501,2509 513,2506 558,2506 602,2506 647,2506 692,2503 737,2501 781,2503 826,2501 871,2501 916,2498 961,2495 1005,2495 1050,2492 1095,2492 1140,2489 1184,2489 1229,2486 1274,2483 1319,2483 1363,2480 1408,2477 1453,2477 1498,2474 1542,2474 1587,2471 1632,2471 1677,2468 1722,2465 1766,2465 1811,2462 1856,2462 1901,2462"/>
                <TextEquiv>
                    <Unicode>Verkehr zu. treten ist natürlich ein völlig</Unicode>
                </TextEquiv>
            </TextLine>
            <TextLine id="tr_2_tl_27" custom="readingOrder {index:26;}">
                <Coords points="491,2568 1930,2533 1980,2525 1982,2464 493,2522"/>
                <Baseline points="501,2563 507,2563 552,2563 596,2560 641,2560 686,2560 731,2554 775,2551 820,2548 865,2545 910,2545 955,2548 999,2545 1044,2542 1089,2542 1134,2539 1178,2539 1223,2536 1268,2533 1313,2533 1357,2530 1402,2527 1447,2524 1492,2524 1537,2521 1581,2521 1626,2521 1671,2518 1716,2518 1760,2515 1805,2515 1850,2512 1895,2509 1939,2506 1984,2506"/>
                <TextEquiv>
                    <Unicode>unbilliges Verlangen. Selbstverständlich wer</Unicode>
                </TextEquiv>
            </TextLine>
            <TextLine id="tr_2_tl_28" custom="readingOrder {index:27;}">
                <Coords points="491,2616 1841,2580 1885,2576 1889,2514 493,2572"/>
                <Baseline points="501,2611 504,2611 549,2611 593,2608 638,2608 683,2605 728,2602 772,2602 817,2599 862,2599 907,2596 952,2596 996,2596 1041,2593 1086,2590 1131,2590 1175,2587 1220,2587 1265,2584 1310,2581 1354,2581 1399,2578 1444,2575 1489,2575 1534,2572 1578,2572 1623,2569 1668,2569 1713,2569 1757,2566 1802,2563 1847,2560 1892,2557"/>
                <TextEquiv>
                    <Unicode>de ich sie auch weiterhin von den an mich</Unicode>
                </TextEquiv>
            </TextLine>
            <TextLine id="tr_2_tl_29" custom="readingOrder {index:28;}">
                <Coords points="483,2672 1938,2628 1938,2591 485,2614"/>
                <Baseline points="495,2665 510,2665 555,2662 599,2659 644,2659 689,2656 734,2653 778,2653 823,2650 868,2650 913,2647 958,2647 1002,2647 1047,2641 1092,2641 1137,2641 1181,2641 1226,2638 1271,2635 1316,2632 1360,2632 1405,2629 1450,2626 1495,2623 1539,2623 1584,2623 1629,2620 1674,2617 1719,2617 1763,2614 1808,2614 1853,2611 1898,2608 1942,2608"/>
                <TextEquiv>
                    <Unicode>herantretenden Anträgen in Kenntnis setzen,</Unicode>
                </TextEquiv>
            </TextLine>
            <TextLine id="tr_2_tl_30" custom="readingOrder {index:29;}">
                <Coords points="487,2725 1920,2684 1947,2622 489,2676"/>
                <Baseline points="498,2715 519,2715 564,2712 608,2712 653,2709 698,2709 743,2706 787,2703 832,2703 877,2700 922,2697 966,2697 1011,2694 1056,2694 1101,2692 1146,2692 1190,2689 1235,2689 1280,2683 1325,2683 1369,2677 1414,2680 1459,2677 1504,2674 1548,2674 1593,2671 1638,2668 1683,2668 1728,2668 1772,2665 1817,2662 1862,2659 1907,2650 1951,2647"/>
                <TextEquiv>
                    <Unicode>Jedesfalls scheint mir der mir direkt über-</Unicode>
                </TextEquiv>
            </TextLine>
            <TextLine id="tr_2_tl_31" custom="readingOrder {index:30;}">
                <Coords points="491,2775 1909,2736 1911,2678 493,2729"/>
                <Baseline points="501,2763 528,2763 573,2760 617,2760 662,2757 707,2757 752,2754 796,2754 841,2751 886,2751 931,2748 975,2748 1020,2748 1065,2745 1110,2742 1154,2739 1199,2736 1244,2736 1289,2733 1334,2733 1378,2730 1423,2727 1468,2730 1513,2727 1557,2724 1602,2721 1647,2721 1692,2721 1736,2718 1781,2715 1826,2712 1871,2709 1916,2700"/>
                <TextEquiv>
                    <Unicode>mittelte Antrag der Frau Paukner ernsthaf-</Unicode>
                </TextEquiv>
            </TextLine>
            <TextLine id="tr_2_tl_32" custom="readingOrder {index:31;}">
                <Coords points="497,2821 1829,2785 1876,2781 1878,2721 499,2775"/>
                <Baseline points="510,2814 537,2811 581,2811 626,2811 671,2811 716,2808 761,2808 805,2805 850,2802 895,2802 940,2799 984,2799 1029,2796 1074,2793 1119,2790 1163,2790 1208,2787 1253,2784 1298,2784 1343,2784 1387,2781 1432,2778 1477,2778 1522,2775 1566,2772 1611,2772 1656,2769 1701,2769 1745,2766 1790,2766 1835,2763 1880,2766"/>
                <TextEquiv>
                    <Unicode>ter zu nehmen,- so skeptisch ich vorläufig</Unicode>
                </TextEquiv>
            </TextLine>
            <TextLine id="tr_2_tl_33" custom="readingOrder {index:32;}">
                <Coords points="493,2872 969,2854 1044,2901 1342,2850 1702,2891 1945,2821 1947,2773 495,2825"/>
                <Baseline points="504,2868 516,2868 561,2865 605,2862 650,2859 695,2859 740,2859 784,2856 829,2856 874,2853 919,2850 963,2850 1008,2847 1053,2847 1098,2844 1143,2841 1187,2841 1232,2841 1277,2838 1322,2838 1366,2835 1411,2832 1456,2829 1501,2826 1545,2826 1590,2823 1635,2820 1680,2820 1725,2820 1769,2817 1814,2817 1859,2814 1904,2811 1948,2805"/>
                <TextEquiv>
                    <Unicode>der ganzen Frage Gesammtausgabe-Amerika ge-</Unicode>
                </TextEquiv>
            </TextLine>
            <TextLine id="tr_2_tl_34" custom="readingOrder {index:33;}">
                <Coords points="493,2943 567,2957 596,2945 611,2963 652,2951 692,2970 764,2959 835,2912 901,2926 948,2903 1006,2924 1007,2868 967,2854 861,2854 822,2875 739,2860 661,2879 598,2864 497,2877"/>
                <Baseline points="504,2924 516,2921 561,2921 605,2918 650,2915 695,2912 740,2906 784,2903 829,2903 874,2903 919,2900 963,2903 1008,2903"/>
                <TextEquiv>
                    <Unicode>gegenüberstehe.</Unicode>
                </TextEquiv>
            </TextLine>
            <TextLine id="tr_2_tl_35" custom="readingOrder {index:34;}">
                <Coords points="733,3017 1590,2970 1806,3003 1928,2984 1930,2893 1688,2883 1483,2941 971,2916 830,2963 737,2949"/>
                <Baseline points="746,3005 769,3008 814,3005 859,3005 904,3002 949,2999 993,2999 1038,2996 1083,2993 1128,2993 1172,2993 1217,2990 1262,2987 1307,2987 1351,2984 1396,2984 1441,2981 1486,2978 1531,2975 1575,2972 1620,2972 1665,2969 1710,2969 1754,2969 1799,2966 1844,2963 1889,2963 1933,2963"/>
                <TextEquiv>
                    <Unicode>4. Bei dieser Gelegenheit teile ich</Unicode>
                </TextEquiv>
            </TextLine>
            <TextLine id="tr_2_tl_36" custom="readingOrder {index:35;}">
                <Coords points="493,3067 1704,3040 1789,3026 1791,2986 830,3034 495,3003"/>
                <Baseline points="504,3065 540,3068 584,3065 629,3065 674,3059 719,3059 764,3059 808,3059 853,3056 898,3053 943,3053 987,3050 1032,3047 1077,3047 1122,3044 1166,3041 1211,3041 1256,3038 1301,3038 1346,3035 1390,3032 1435,3032 1480,3029 1525,3029 1569,3026 1614,3023 1659,3020 1704,3020 1748,3014 1793,3011"/>
                <TextEquiv>
                    <Unicode>Ihnen mit, das ich hinsichtlich meiner</Unicode>
                </TextEquiv>
            </TextLine>
            <TextLine id="tr_2_tl_37" custom="readingOrder {index:36;}">
                <Coords points="497,3119 1795,3090 1839,3021 499,3067"/>
                <Baseline points="507,3118 543,3118 587,3115 632,3112 677,3112 722,3106 767,3106 811,3106 856,3103 901,3103 946,3100 990,3100 1035,3097 1080,3094 1125,3094 1169,3091 1214,3088 1259,3088 1304,3085 1348,3085 1393,3082 1438,3082 1483,3079 1528,3077 1572,3077 1617,3074 1662,3074 1707,3068 1751,3071 1796,3065 1841,3065"/>
                <TextEquiv>
                    <Unicode>künftigen dramatischen Arbetten der Last</Unicode>
                </TextEquiv>
            </TextLine>
            <TextLine id="tr_2_tl_38" custom="readingOrder {index:37;}">
                <Coords points="503,3177 872,3218 1089,3150 1678,3187 1999,3138 2001,3053 505,3121"/>
                <Baseline points="513,3166 528,3169 573,3169 617,3169 662,3166 707,3163 752,3163 796,3160 841,3157 886,3154 931,3154 975,3154 1020,3151 1065,3148 1110,3145 1154,3145 1199,3142 1244,3142 1289,3139 1334,3139 1378,3136 1423,3136 1468,3133 1513,3130 1557,3127 1602,3127 1647,3127 1692,3124 1736,3121 1781,3118 1826,3118 1871,3112 1916,3112 1960,3109 2005,3103"/>
                <TextEquiv>
                    <Unicode>Co. für Amerika vertraglich ein Optionsrecht</Unicode>
                </TextEquiv>
            </TextLine>
        </TextRegion>
        <TextRegion id="tr_1" custom="readingOrder {index:1;}">
            <Coords points="2569,806 4175,806 4175,3072 2569,3072"/>
            <TextLine id="tr_1_tl_1" custom="readingOrder {index:0;}">
                <Coords points="3926,878 3955,880 3974,901 3985,893 4005,901 4034,888 4053,888 4071,901 4113,880 4132,893 4167,897 4177,791 4138,806 4115,801 4026,816 3991,785 3955,810 3949,801 3933,803"/>
                <Baseline points="3936,877 3951,877 3996,880 4041,874 4085,874 4130,865 4175,856"/>
                <TextEquiv>
                    <Unicode>a14 21</Unicode>
                </TextEquiv>
            </TextLine>
            <TextLine id="tr_1_tl_2" custom="readingOrder {index:1;}">
                <Coords points="2642,1073 2812,1077 2899,1054 2980,1079 3024,1058 3102,1085 3231,1056 3264,1071 3260,969 3142,980 3073,948 3024,975 2968,946 2908,946 2864,971 2771,959 2740,982 2638,953"/>
                <Baseline points="2650,1029 2694,1029 2739,1029 2784,1032 2829,1035 2874,1035 2918,1038 2963,1038 3008,1041 3053,1044 3097,1044 3142,1044 3187,1044 3232,1047 3268,1044"/>
                <TextEquiv>
                    <Unicode>zugestanden habe.</Unicode>
                </TextEquiv>
            </TextLine>
            <TextLine id="tr_1_tl_3" custom="readingOrder {index:2;}">
                <Coords points="2858,1145 4078,1197 4074,1108 4030,1139 3641,1077 3409,1110 3332,1073 3108,1102 3040,1065 2856,1075"/>
                <Baseline points="2868,1131 2912,1137 2957,1134 3002,1140 3047,1143 3091,1143 3136,1146 3181,1146 3226,1149 3271,1149 3315,1149 3360,1154 3405,1154 3450,1157 3494,1160 3539,1160 3584,1163 3629,1163 3673,1166 3718,1166 3763,1166 3808,1169 3852,1172 3897,1172 3942,1172 3987,1175 4032,1175 4076,1175 4082,1178"/>
                <TextEquiv>
                    <Unicode>5. Was Italien anbelangt, wiederhole</Unicode>
                </TextEquiv>
            </TextLine>
            <TextLine id="tr_1_tl_4" custom="readingOrder {index:3;}">
                <Coords points="2645,1191 4030,1232 4030,1191 3924,1174 3483,1191 2642,1108"/>
                <Baseline points="2656,1181 2700,1178 2745,1181 2790,1184 2835,1181 2880,1184 2924,1187 2969,1187 3014,1190 3059,1190 3103,1193 3148,1196 3193,1199 3238,1202 3282,1202 3327,1205 3372,1205 3417,1205 3462,1208 3506,1208 3551,1211 3596,1211 3641,1214 3685,1214 3730,1217 3775,1220 3820,1220 3864,1223 3909,1220 3954,1223 3999,1223 4035,1223"/>
                <TextEquiv>
                    <Unicode>ich meinen Vorschlag mir die Anträge wie</Unicode>
                </TextEquiv>
            </TextLine>
            <TextLine id="tr_1_tl_5" custom="readingOrder {index:4;}">
                <Coords points="2642,1236 4161,1303 4144,1232 2640,1189"/>
                <Baseline points="2653,1229 2697,1229 2742,1232 2787,1232 2832,1235 2877,1235 2921,1238 2966,1241 3011,1241 3056,1244 3100,1244 3145,1247 3190,1247 3235,1253 3279,1256 3324,1256 3369,1259 3414,1259 3459,1259 3503,1256 3548,1262 3593,1265 3638,1265 3682,1268 3727,1271 3772,1274 3817,1274 3861,1277 3906,1277 3951,1277 3996,1280 4041,1280 4085,1280 4130,1280 4166,1280"/>
                <TextEquiv>
                    <Unicode>der zu übermitteln, damit vielleicht der Ver-</Unicode>
                </TextEquiv>
            </TextLine>
            <TextLine id="tr_1_tl_6" custom="readingOrder {index:5;}">
                <Coords points="2642,1311 2802,1292 3003,1334 3090,1307 3233,1367 3678,1359 3676,1301 3562,1269 2640,1238"/>
                <Baseline points="2653,1286 2697,1283 2742,1286 2787,1286 2832,1289 2877,1292 2921,1292 2966,1295 3011,1295 3056,1298 3100,1298 3145,1301 3190,1301 3235,1304 3279,1307 3324,1310 3369,1310 3414,1310 3459,1310 3503,1310 3548,1310 3593,1313 3638,1319 3682,1322"/>
                <TextEquiv>
                    <Unicode>lag Karczag an ihnen probiere.</Unicode>
                </TextEquiv>
            </TextLine>
            <TextLine id="tr_1_tl_7" custom="readingOrder {index:6;}">
                <Coords points="2848,1404 4061,1445 4057,1371 3924,1365 3856,1313 3695,1371 3647,1342 3403,1379 2846,1342"/>
                <Baseline points="2859,1387 2903,1390 2948,1390 2993,1393 3038,1396 3082,1396 3127,1399 3172,1402 3217,1402 3262,1405 3306,1405 3351,1408 3396,1408 3441,1411 3485,1411 3530,1414 3575,1414 3620,1417 3664,1417 3709,1417 3754,1420 3799,1423 3844,1423 3888,1426 3933,1426 3978,1429 4023,1429 4064,1429"/>
                <TextEquiv>
                    <Unicode>6. Ebenso erbitte ich, wenn Sie nach</Unicode>
                </TextEquiv>
            </TextLine>
            <TextLine id="tr_1_tl_8" custom="readingOrder {index:7;}">
                <Coords points="2630,1445 4059,1493 4018,1437 3340,1439 2628,1375"/>
                <Baseline points="2641,1432 2686,1432 2730,1435 2775,1435 2820,1435 2865,1438 2909,1441 2954,1444 2999,1444 3044,1450 3088,1450 3133,1450 3178,1447 3223,1453 3268,1453 3312,1459 3357,1459 3402,1459 3447,1462 3491,1465 3536,1465 3581,1468 3626,1471 3670,1471 3715,1474 3760,1474 3805,1474 3849,1474 3894,1477 3939,1480 3984,1483 4029,1489 4061,1486"/>
                <TextEquiv>
                    <Unicode>dieser Richtung noch nicht verfügt haben,</Unicode>
                </TextEquiv>
            </TextLine>
            <TextLine id="tr_1_tl_9" custom="readingOrder {index:8;}">
                <Coords points="2630,1516 2928,1499 3351,1566 3877,1541 3875,1485 3817,1475 3587,1503 3361,1458 2628,1446"/>
                <Baseline points="2641,1486 2686,1486 2730,1489 2775,1489 2820,1492 2865,1492 2909,1492 2954,1498 2999,1498 3044,1498 3088,1501 3133,1501 3178,1504 3223,1504 3268,1504 3312,1513 3357,1510 3402,1513 3447,1516 3491,1516 3536,1519 3581,1522 3626,1519 3670,1522 3715,1522 3760,1525 3805,1528 3849,1528 3882,1528"/>
                <TextEquiv>
                    <Unicode>den Antrag Rumanien „Reigen zurück.</Unicode>
                </TextEquiv>
            </TextLine>
            <TextLine id="tr_1_tl_10" custom="readingOrder {index:9;}">
                <Coords points="2963,1611 3092,1595 3270,1636 3318,1609 3454,1636 3792,1620 3951,1649 3949,1584 3821,1547 3738,1578 3608,1533 3521,1568 3349,1566 3305,1537 3229,1566 2959,1528"/>
                <Baseline points="2972,1596 3017,1596 3062,1596 3106,1596 3151,1599 3196,1602 3241,1602 3285,1608 3330,1608 3375,1611 3420,1614 3464,1614 3509,1617 3554,1617 3599,1617 3644,1620 3688,1623 3733,1620 3778,1620 3823,1623 3867,1626 3912,1626 3954,1623"/>
                <TextEquiv>
                    <Unicode>Sie schreiben, dass sich über</Unicode>
                </TextEquiv>
            </TextLine>
            <TextLine id="tr_1_tl_11" custom="readingOrder {index:10;}">
                <Coords points="2614,1636 4169,1696 4167,1644 4057,1626 3276,1636 2612,1578"/>
                <Baseline points="2626,1632 2671,1635 2715,1635 2760,1638 2805,1641 2850,1641 2894,1644 2939,1644 2984,1647 3029,1650 3074,1650 3118,1653 3163,1653 3208,1656 3253,1656 3297,1659 3342,1659 3387,1662 3432,1662 3476,1665 3521,1662 3566,1659 3611,1662 3656,1671 3700,1671 3745,1671 3790,1671 3835,1677 3879,1680 3924,1683 3969,1683 4014,1686 4058,1686 4103,1686 4148,1686 4172,1689"/>
                <TextEquiv>
                    <Unicode>die Aufführung des „Reigen“ in Prag erst nach</Unicode>
                </TextEquiv>
            </TextLine>
            <TextLine id="tr_1_tl_12" custom="readingOrder {index:11;}">
                <Coords points="2622,1706 4103,1746 4101,1700 3972,1682 2620,1644"/>
                <Baseline points="2632,1686 2677,1686 2721,1689 2766,1689 2811,1692 2856,1692 2900,1695 2945,1698 2990,1698 3035,1698 3079,1701 3124,1704 3169,1707 3214,1707 3259,1710 3303,1710 3348,1710 3393,1713 3438,1713 3482,1716 3527,1719 3572,1719 3617,1719 3661,1722 3706,1722 3751,1725 3796,1728 3841,1731 3885,1733 3930,1733 3975,1733 4020,1733 4064,1736 4106,1733"/>
                <TextEquiv>
                    <Unicode>Erscheinen des offiziellen Bühnenspielplans</Unicode>
                </TextEquiv>
            </TextLine>
            <TextLine id="tr_1_tl_13" custom="readingOrder {index:12;}">
                <Coords points="2622,1744 4096,1800 4094,1746 4040,1740 2620,1706"/>
                <Baseline points="2632,1733 2677,1736 2721,1736 2766,1739 2811,1742 2856,1742 2900,1745 2945,1748 2990,1748 3035,1748 3079,1751 3124,1754 3169,1754 3214,1754 3259,1754 3303,1760 3348,1760 3393,1760 3438,1763 3482,1766 3527,1769 3572,1769 3617,1769 3661,1772 3706,1775 3751,1775 3796,1778 3841,1781 3885,1781 3930,1784 3975,1787 4020,1787 4064,1787 4100,1790"/>
                <TextEquiv>
                    <Unicode>für März Genaueres wird feststellen lassen.</Unicode>
                </TextEquiv>
            </TextLine>
            <TextLine id="tr_1_tl_14" custom="readingOrder {index:13;}">
                <Coords points="2618,1796 4071,1841 4026,1787 2618,1742"/>
                <Baseline points="2629,1787 2674,1787 2718,1790 2763,1790 2808,1793 2853,1793 2897,1796 2942,1802 2987,1802 3032,1802 3077,1805 3121,1808 3166,1805 3211,1808 3256,1808 3300,1811 3345,1811 3390,1811 3435,1814 3479,1817 3524,1817 3569,1820 3614,1820 3658,1823 3703,1823 3748,1826 3793,1826 3838,1829 3882,1835 3927,1835 3972,1835 4017,1835 4061,1838 4073,1835"/>
                <TextEquiv>
                    <Unicode>Sie haben doch Ihren Vertreter in Prag, der</Unicode>
                </TextEquiv>
            </TextLine>
            <TextLine id="tr_1_tl_15" custom="readingOrder {index:14;}">
                <Coords points="2612,1843 3974,1909 4072,1880 4072,1839 3376,1847 2611,1791"/>
                <Baseline points="2623,1838 2668,1841 2712,1841 2757,1841 2802,1844 2847,1847 2891,1850 2936,1850 2981,1853 3026,1853 3071,1853 3115,1853 3160,1856 3205,1859 3250,1859 3294,1862 3339,1862 3384,1865 3429,1865 3473,1868 3518,1868 3563,1871 3608,1874 3653,1874 3697,1874 3742,1877 3787,1877 3832,1880 3876,1883 3921,1886 3966,1886 4011,1883 4055,1877 4076,1877"/>
                <TextEquiv>
                    <Unicode>doch verpflichtet ist, Ihnen hierüber Aus¬</Unicode>
                </TextEquiv>
            </TextLine>
            <TextLine id="tr_1_tl_16" custom="readingOrder {index:15;}">
                <Coords points="2609,1897 4123,1957 4088,1883 2607,1849"/>
                <Baseline points="2620,1889 2665,1892 2709,1892 2754,1892 2799,1895 2844,1895 2888,1898 2933,1898 2978,1901 3023,1901 3068,1904 3112,1907 3157,1907 3202,1910 3247,1913 3291,1913 3336,1913 3381,1913 3426,1916 3470,1919 3515,1922 3560,1924 3605,1924 3650,1927 3694,1927 3739,1927 3784,1930 3829,1930 3873,1933 3918,1933 3963,1936 4008,1939 4052,1939 4097,1936 4127,1930"/>
                <TextEquiv>
                    <Unicode>kunft zu erteilen, auch wenn er zugleich Dra-</Unicode>
                </TextEquiv>
            </TextLine>
            <TextLine id="tr_1_tl_17" custom="readingOrder {index:16;}">
                <Coords points="2609,1951 4107,2007 4049,1941 2607,1895"/>
                <Baseline points="2617,1939 2662,1939 2706,1942 2751,1945 2796,1942 2841,1945 2886,1948 2930,1951 2975,1951 3020,1954 3065,1954 3109,1957 3154,1957 3199,1957 3244,1963 3288,1963 3333,1963 3378,1966 3423,1969 3467,1969 3512,1969 3557,1969 3602,1972 3647,1972 3691,1975 3736,1978 3781,1981 3826,1981 3870,1984 3915,1987 3960,1987 4005,1984 4049,1987 4094,1987 4112,1984"/>
                <TextEquiv>
                    <Unicode>maturg bei Herrn Kramer ist. (Uebrigens ein</Unicode>
                </TextEquiv>
            </TextLine>
            <TextLine id="tr_1_tl_18" custom="readingOrder {index:17;}">
                <Coords points="2609,1998 4156,2056 4154,1980 2607,1953"/>
                <Baseline points="2620,1990 2665,1990 2709,1993 2754,1996 2799,1996 2844,1999 2888,1999 2933,2002 2978,2005 3023,2005 3068,2008 3112,2008 3157,2008 3202,2008 3247,2011 3291,2014 3336,2017 3381,2017 3426,2020 3470,2020 3515,2020 3560,2023 3605,2026 3650,2029 3694,2029 3739,2029 3784,2032 3829,2035 3873,2038 3918,2038 3963,2038 4008,2041 4052,2041 4097,2041 4142,2041 4160,2044"/>
                <TextEquiv>
                    <Unicode>Schulbeispiel für lukompatibilität). Indessen</Unicode>
                </TextEquiv>
            </TextLine>
            <TextLine id="tr_1_tl_19" custom="readingOrder {index:18;}">
                <Coords points="2612,2046 3409,2123 4090,2104 4057,2042 2612,2003"/>
                <Baseline points="2623,2041 2668,2041 2712,2044 2757,2047 2802,2047 2847,2050 2891,2053 2936,2053 2981,2053 3026,2059 3071,2062 3115,2062 3160,2062 3205,2065 3250,2065 3294,2065 3339,2071 3384,2074 3429,2071 3473,2074 3518,2077 3563,2077 3608,2077 3653,2080 3697,2083 3742,2080 3787,2083 3832,2086 3876,2086 3921,2086 3966,2089 4011,2092 4055,2098 4094,2098"/>
                <TextEquiv>
                    <Unicode>ist auch der spielplan für März erschienen,</Unicode>
                </TextEquiv>
            </TextLine>
            <TextLine id="tr_1_tl_20" custom="readingOrder {index:19;}">
                <Coords points="2609,2123 2651,2139 2672,2125 2703,2133 2734,2119 2783,2129 2804,2114 2889,2143 2906,2123 2937,2117 2974,2143 2997,2131 2995,2067 2966,2077 2928,2054 2899,2054 2885,2069 2812,2052 2719,2067 2605,2044"/>
                <Baseline points="2617,2092 2662,2095 2706,2098 2751,2101 2796,2104 2841,2104 2886,2104 2930,2107 2975,2110 3002,2110"/>
                <TextEquiv>
                    <Unicode>Prag fehlt.</Unicode>
                </TextEquiv>
            </TextLine>
            <TextLine id="tr_1_tl_21" custom="readingOrder {index:20;}">
                <Coords points="2930,2210 3359,2220 3413,2261 3488,2224 4092,2247 4090,2177 3989,2191 3908,2150 3635,2195 3382,2146 3237,2175 2928,2152"/>
                <Baseline points="2939,2205 2984,2208 3029,2211 3074,2217 3118,2217 3163,2214 3208,2214 3253,2217 3297,2217 3342,2217 3387,2220 3432,2220 3476,2220 3521,2220 3566,2226 3611,2229 3656,2226 3700,2229 3745,2235 3790,2235 3835,2238 3879,2238 3924,2241 3969,2241 4014,2241 4058,2241 4097,2238"/>
                <TextEquiv>
                    <Unicode>Damit, dass eine Luxusausgabe mei</Unicode>
                </TextEquiv>
            </TextLine>
            <TextLine id="tr_1_tl_22" custom="readingOrder {index:21;}">
                <Coords points="2591,2266 4140,2328 4136,2237 3407,2257 2953,2216 2875,2160 2589,2199"/>
                <Baseline points="2602,2244 2647,2247 2692,2247 2736,2250 2781,2253 2826,2250 2871,2253 2915,2259 2960,2259 3005,2265 3050,2265 3094,2265 3139,2265 3184,2265 3229,2262 3273,2265 3318,2271 3363,2268 3408,2271 3453,2274 3497,2277 3542,2280 3587,2280 3632,2280 3676,2280 3721,2283 3766,2283 3811,2286 3855,2289 3900,2292 3945,2292 3990,2295 4035,2295 4079,2295 4124,2292 4142,2292"/>
                <TextEquiv>
                    <Unicode>ndr Hovelle „Der Mörder“ (in Wien bei Knepler</Unicode>
                </TextEquiv>
            </TextLine>
            <TextLine id="tr_1_tl_23" custom="readingOrder {index:22;}">
                <Coords points="2599,2311 4101,2367 4100,2313 4007,2299 2597,2264"/>
                <Baseline points="2608,2295 2653,2298 2697,2301 2742,2301 2787,2301 2832,2304 2877,2307 2921,2309 2966,2309 3011,2312 3056,2315 3100,2315 3145,2315 3190,2315 3235,2315 3279,2318 3324,2318 3369,2324 3414,2324 3459,2327 3503,2327 3548,2330 3593,2330 3638,2330 3682,2330 3727,2333 3772,2336 3817,2339 3861,2339 3906,2342 3951,2342 3996,2345 4041,2345 4085,2351 4106,2354"/>
                <TextEquiv>
                    <Unicode>erscheint, erachte ich Sie als einverstanden,</Unicode>
                </TextEquiv>
            </TextLine>
            <TextLine id="tr_1_tl_24" custom="readingOrder {index:23;}">
                <Coords points="2601,2361 4119,2402 4040,2348 2599,2311"/>
                <Baseline points="2611,2348 2656,2348 2700,2351 2745,2354 2790,2354 2835,2354 2880,2357 2924,2360 2969,2363 3014,2363 3059,2363 3103,2363 3148,2366 3193,2369 3238,2372 3282,2372 3327,2372 3372,2375 3417,2375 3462,2378 3506,2381 3551,2381 3596,2381 3641,2384 3685,2384 3730,2387 3775,2387 3820,2390 3864,2393 3909,2393 3954,2393 3999,2396 4043,2396 4088,2396 4121,2390"/>
                <TextEquiv>
                    <Unicode>umsomehr als Sie meine darauf bezügliche Fra-</Unicode>
                </TextEquiv>
            </TextLine>
            <TextLine id="tr_1_tl_25" custom="readingOrder {index:24;}">
                <Coords points="2595,2419 4018,2466 4016,2411 3964,2400 2593,2365"/>
                <Baseline points="2605,2399 2650,2399 2694,2402 2739,2402 2784,2402 2829,2405 2874,2408 2918,2411 2963,2411 3008,2414 3053,2414 3097,2417 3142,2417 3187,2417 3232,2420 3276,2423 3321,2423 3366,2426 3411,2429 3456,2429 3500,2429 3545,2432 3590,2432 3635,2435 3679,2435 3724,2438 3769,2441 3814,2441 3858,2441 3903,2444 3948,2444 3993,2444 4020,2444"/>
                <TextEquiv>
                    <Unicode>ge bisher nicht beantwortet haben und ich</Unicode>
                </TextEquiv>
            </TextLine>
            <TextLine id="tr_1_tl_26" custom="readingOrder {index:25;}">
                <Coords points="2593,2458 3102,2473 3212,2529 3430,2487 3707,2529 3987,2504 3985,2456 3883,2440 2591,2417"/>
                <Baseline points="2602,2450 2647,2450 2692,2453 2736,2456 2781,2456 2826,2456 2871,2459 2915,2459 2960,2462 3005,2465 3050,2471 3094,2468 3139,2471 3184,2471 3229,2474 3273,2477 3318,2477 3363,2480 3408,2480 3453,2483 3497,2486 3542,2483 3587,2486 3632,2486 3676,2489 3721,2489 3766,2492 3811,2492 3855,2495 3900,2495 3945,2495 3990,2495 3993,2495"/>
                <TextEquiv>
                    <Unicode>Herrn Knepler nicht länger warten lassen</Unicode>
                </TextEquiv>
            </TextLine>
            <TextLine id="tr_1_tl_27" custom="readingOrder {index:26;}">
                <Coords points="2589,2531 2622,2537 2636,2551 2671,2543 2684,2529 2715,2541 2787,2533 2798,2522 2839,2531 2839,2475 2796,2466 2785,2456 2761,2467 2730,2456 2703,2460 2682,2473 2632,2454 2622,2464 2587,2456"/>
                <Baseline points="2599,2506 2644,2503 2689,2506 2733,2506 2778,2506 2823,2509 2841,2512"/>
                <TextEquiv>
                    <Unicode>konnte.</Unicode>
                </TextEquiv>
            </TextLine>
            <TextLine id="tr_1_tl_28" custom="readingOrder {index:27;}">
                <Coords points="2858,2624 4082,2669 4076,2541 3790,2578 3728,2547 3272,2582 2856,2562"/>
                <Baseline points="2868,2614 2912,2617 2957,2617 3002,2617 3047,2620 3091,2623 3136,2623 3181,2623 3226,2623 3271,2629 3315,2626 3360,2629 3405,2635 3450,2635 3494,2635 3539,2635 3584,2638 3629,2638 3673,2635 3718,2638 3763,2641 3808,2644 3852,2647 3897,2650 3942,2650 3987,2653 4032,2653 4076,2656 4085,2653"/>
                <TextEquiv>
                    <Unicode>9. Der Einlauf von 13 I89 Mark (nach</Unicode>
                </TextEquiv>
            </TextLine>
            <TextLine id="tr_1_tl_29" custom="readingOrder {index:28;}">
                <Coords points="2580,2671 4032,2715 4013,2657 2959,2634 2742,2574 2578,2599"/>
                <Baseline points="2590,2653 2635,2656 2680,2659 2724,2662 2769,2662 2814,2665 2859,2665 2903,2665 2948,2668 2993,2668 3038,2671 3082,2671 3127,2674 3172,2677 3217,2677 3262,2677 3306,2680 3351,2680 3396,2683 3441,2683 3485,2686 3530,2683 3575,2686 3620,2689 3664,2692 3709,2692 3754,2694 3799,2694 3844,2697 3888,2700 3933,2700 3978,2700 4023,2703 4035,2703"/>
                <TextEquiv>
                    <Unicode>Ihrer Abrechnung vom 13.3.) ist mir bisher</Unicode>
                </TextEquiv>
            </TextLine>
            <TextLine id="tr_1_tl_30" custom="readingOrder {index:29;}">
                <Coords points="2580,2719 2974,2723 3127,2779 4022,2781 3982,2707 2580,2678"/>
                <Baseline points="2590,2706 2635,2706 2680,2706 2724,2712 2769,2715 2814,2718 2859,2718 2903,2718 2948,2718 2993,2721 3038,2724 3082,2724 3127,2727 3172,2727 3217,2727 3262,2730 3306,2733 3351,2736 3396,2736 3441,2736 3485,2739 3530,2742 3575,2739 3620,2742 3664,2742 3709,2745 3754,2745 3799,2745 3844,2751 3888,2751 3933,2754 3978,2754 4023,2754 4026,2751"/>
                <TextEquiv>
                    <Unicode>von der Deutsohen Bank noch nicht bestätig</Unicode>
                </TextEquiv>
            </TextLine>
            <TextLine id="tr_1_tl_31" custom="readingOrder {index:30;}">
                <Coords points="2578,2773 2593,2771 2611,2787 2626,2777 2655,2796 2692,2788 2723,2808 2758,2802 2777,2810 2790,2796 2831,2783 2829,2748 2810,2750 2771,2723 2738,2729 2715,2709 2688,2719 2672,2715 2653,2727 2601,2715 2576,2721"/>
                <Baseline points="2587,2760 2632,2760 2677,2763 2721,2766 2766,2766 2811,2769 2835,2772"/>
                <TextEquiv>
                    <Unicode>worden.</Unicode>
                </TextEquiv>
            </TextLine>
            <TextLine id="tr_1_tl_32" custom="readingOrder {index:31;}">
                <Coords points="2887,2874 3336,2874 3724,2932 3780,2895 4038,2914 4036,2848 3970,2835 3755,2860 3606,2819 3365,2846 2885,2817"/>
                <Baseline points="2897,2871 2942,2871 2987,2874 3032,2874 3077,2874 3121,2877 3166,2877 3211,2880 3256,2880 3300,2883 3345,2883 3390,2886 3435,2886 3479,2888 3524,2888 3569,2891 3614,2891 3658,2891 3703,2897 3748,2897 3793,2900 3838,2903 3882,2906 3927,2906 3972,2903 4017,2897 4041,2900"/>
                <TextEquiv>
                    <Unicode>10. Die Summe für die Quartalsab-</Unicode>
                </TextEquiv>
            </TextLine>
            <TextLine id="tr_1_tl_33" custom="readingOrder {index:32;}">
                <Coords points="2576,2914 4051,2980 4026,2912 2574,2870"/>
                <Baseline points="2587,2906 2632,2909 2677,2915 2721,2915 2766,2915 2811,2918 2856,2921 2900,2918 2945,2921 2990,2921 3035,2924 3079,2927 3124,2927 3169,2927 3214,2927 3259,2927 3303,2930 3348,2936 3393,2936 3438,2936 3482,2939 3527,2942 3572,2942 3617,2945 3661,2945 3706,2945 3751,2948 3796,2948 3841,2951 3885,2957 3930,2957 3975,2957 4020,2954 4055,2951"/>
                <TextEquiv>
                    <Unicode>rechnung Bühnenvertrieb bitte ich noch eine</Unicode>
                </TextEquiv>
            </TextLine>
            <TextLine id="tr_1_tl_34" custom="readingOrder {index:33;}">
                <Coords points="2574,2963 3999,3040 3995,2961 3958,2957 2572,2908"/>
                <Baseline points="2584,2960 2629,2960 2674,2963 2718,2966 2763,2969 2808,2969 2853,2972 2897,2972 2942,2972 2987,2972 3032,2975 3077,2975 3121,2978 3166,2978 3211,2978 3256,2984 3300,2987 3345,2984 3390,2984 3435,2987 3479,2990 3524,2990 3569,2993 3614,2993 3658,2993 3703,2996 3748,2999 3793,2999 3838,3002 3882,3005 3927,3008 3972,3008 4002,3005"/>
                <TextEquiv>
                    <Unicode>Weile zurückzuhalten. Es würde Ihnen wohl</Unicode>
                </TextEquiv>
            </TextLine>
            <TextLine id="tr_1_tl_35" custom="readingOrder {index:34;}">
                <Coords points="2558,3032 2862,3080 3109,3042 3326,3109 3974,3075 3974,3030 3823,3001 2556,2966"/>
                <Baseline points="2569,3017 2614,3014 2659,3014 2703,3017 2748,3020 2793,3020 2838,3023 2883,3026 2927,3026 2972,3026 3017,3029 3062,3032 3106,3032 3151,3032 3196,3032 3241,3032 3285,3035 3330,3038 3375,3041 3420,3041 3464,3044 3509,3047 3554,3047 3599,3050 3644,3050 3688,3053 3733,3053 3778,3056 3823,3056 3867,3059 3912,3059 3957,3062 3978,3059"/>
                <TextEquiv>
                    <Unicode>keine Schwierigkeiten machen, von Fall zu</Unicode>
                </TextEquiv>
            </TextLine>
        </TextRegion>
    </Page>
</PcGts>
