4429 4087
3449 944 3801 1056 8.11.1923.
2659 961 2932 1075 a eut
2544 1152 3361 1254 lieber Herr Hans Jacob.
2809 1288 4109 1407 Für alle wälle will ich ihnen eine Ko-
2542 1367 3982 1450 pie des Briefes einsenden, den ich heute an
2519 1423 3980 1488 wischer zu richten mich bemüssigt fand. Sie
2526 1461 4049 1550 schrieben mir am 27., dass die Summe nach der
2534 1511 4107 1598 letzten Abrechnung von Fischer etwa 30 Billio-
2534 1582 4078 1644 nen erreichen könnte. Sie werden zugeben, dass
2496 1621 4105 1696 die Akontozahlungen,die er leistet, dazu in kei-
2498 1665 4113 1767 nem Verhältnis stehen Es liegt bailhnen, lieber
2523 1721 4055 1823 Herr Hans Jacob,ob Sie Fischer gegenüber von
2530 1769 4084 1865 diesem heutigen Brief wissen wollen oder
2532 1815 4095 1894 nicht. Ich hoffe, Sie haben recht bald Gelegen
2532 1884 4128 1969 heit die Prüfung der Bücher mit Dr.Maril vorzu
2532 1923 4055 1996 nehmen. Fischer hat offenbar die Tendenz die
2546 1971 4088 2059 Angelegenheit hinauszuziehen, und möchte sich
2505 2015 4176 2103 womöglich, ich bin überzeugt, um die Machzahlungen.
4036 2086 4128 2138 or
2532 2075 3982 2153 deren Notwendigkeit sich ja mit Sicherheit
2546 2134 4088 2200 geben wird, herumdrücken.Natürlich werde ich
1540 2146 1957 2221 G.C.K.F.G.H.S.
2538 2184 4053 2257 darauf bestehen, dass diese Nachzahlungen in
1546 2198 1963 2280 xxx. xxx
2532 2240 4015 2309 den fremden Valuten geleistet werden,um die
2538 2282 3955 2392 er meine Bücher ins Auslands verkauft hat
2540 2344 3438 2440 resp. in schweizer Francs.
2857 2413 4138 2505 Neul ich war xiepenhauer bei mir. Insbe-
1429 2430 1982 2544 ¡ JœoÄa denmün
2511 2488 4124 2565 sondete wegen meins nächsten stücks,das er für
2507 2536 4163 2613 den Buchvecleg oder für den Bühnenvertrieb haben
2501 2601 4067 2667 möchte. Er stellte mir sehr vorteilhafte Be-
2511 2623 4109 2726 dingungen,sprach von seinen Filialen imAusland,
2542 2686 4132 2769 darunter auch Amerika, machte mir einen klugen
2551 2748 4028 2821 und sehr lebendigen Eindruck. Der Grad der
2517 2782 4132 2878 Verlässlichkeit ist ja nach einer solchen einma
627 2780 775 2890 G.C.H.F.P
2586 2844 3995 2924 igen Unterredung schwer abzuschätzen. Ich
2540 2878 4113 2971 habe mich noch nach keiner Weise verpflichtet,
2507 2944 4101 3044 In oca 6 Wochen will Kiepenheuer wieder inWien
2400 3005 3588 3101 um und mit mir weiter verhandeln.
2953 3196 3644 3338 Vanalichst anllesand
