4393 4088
403 1007 2002 1188 denen geringere Perzente gezahlt werden sollen.
401 1116 1806 1251 Hierüber erwarte ich bald Ihre Vorschläge
409 1138 1962 1303 Dass.Lebendige Stunden und der „Grüne Kakau“
409 1192 1988 1357 wieder in Druck sind, nahme ich gern zur Kennt¬
411 1251 1970 1390 nis, ich beweffe natürlich, dass Sie nicht al-
417 1311 1891 1436 les sofortneu auflegen können, aber anderer
421 1365 1921 1502 seits gibt es Bücher, die absolut nicht fhlen
421 1394 2010 1575 dürften. Zu denen gehört u.a..Komödie der Wor¬
437 1452 2008 1595 te und ich glaube die sind jetzt auch vergrif-
604 1601 2002 1744 Meine Anfragen in dieser Hinsicht und ei-
427 1591 584 1678 fen.
439 1668 1949 1794 nige damit verwandte bitte in meinen letzten
439 1762 1132 1889 Briefen nachzulesen.
618 1784 1950 1954 Von Harz habe ich heute einen Brief, der
451 1823 2018 2002 mir seine Ankunft in Wien für die nächste Zeit
457 1913 2026 2040 voraussagt. Er schreibt mir überdies: „Mit Herrn
453 1966 2022 2105 Fischer st hier in meiner Abwesenheit gespro-
461 2004 1984 2149 chen worden, Herr Fischer wünscht noch einige
465 2060 2030 2203 Details zu erfahren, die ich ihm auch mitteilen
769 2115 1925 2239 Nach dem Ausfall des Prozesses hat
467 2167 2010 2302 die Frage der Beschlagnahme wohl nur mehr ei¬
455 2189 665 2248 werde.
465 2207 2016 2356 ne akademische Bedeutung. Ich höre aus Berlin
469 2272 2018 2391 von privater Seite (was ja freilich nicht im
467 2294 2012 2455 mer ganz verlässlich ist), dass das Buch in al
475 2366 1949 2497 len Buchhandlungen zu haben war, jetzt aber
477 2431 2020 2558 überhaupt vergriffen sein soll. Bitte überle-
481 2451 2036 2612 gen Siennochmals, ob Ihnen genug Papier für de
487 2513 2048 2660 „Reigen zur Verfügung steht, denn kineswegs mi
479 2570 1889 2703 möchte ich um den, wie Sie wissen von mir
493 2632 2000 2753 sehr hochgewerteten Vorteil, dass der „Reigen
487 2677 1978 2805 in Ihrem Verlag erscheint,darauf verzichteh,
493 2715 2056 2866 dass einzelne Bücher von mir, die mir wichtiger
491 2807 1587 2936 sind,nicht neu aufgelegt werden.
693 2866 2032 2993 Hat Bartach etwas von sich hören lasen?
497 2928 2038 3073 Muss er überhaupt als Vermittler einträen?da-
493 2977 2060 3116 mit wir die in Washington erliegenden Tantièm
499 3023 1976 3164 freibekommen? Könnten Sie nicht direkt Ihre
501 3063 2058 3244 Ansprüche in Washington anmelden? Ist es viel
3802 828 4123 971 2/12 c.
2594 1031 3387 1138 nicht schon geschehen?
2811 1130 4072 1231 Dem seit November fälligen Betrag für
2578 1222 4044 1309 las 4 Quartal Bühnenvertrieb an mein Konto,
2588 1243 4157 1325 Berlin, deutsche Bank, überweisen zu wollen, habe
2578 1315 4092 1376 Ich Sie, wie ich glaube, noch nichtersucht. Ich
2582 1369 3265 1454 iole es hiemit nach.
2803 1428 4062 1533 Fraz Vivanti hat sich endlich gemel¬
2572 1510 4123 1583 det. Ein itahenischer Journalist soll dieser
2566 1571 4026 1631 Tage als ihr Abgesandter zu mir kommen. Ich
2584 1615 4145 1686 nehme an, dass Sie von Herrn Raggio nichts Wei-
2588 1664 4086 1738 eres erfahran haben. Richtig stellen möchte
2588 1714 4050 1776 lehnoch, dass der Vorschuss für den Schleier
2600 1784 4117 1845 er Pierette, von dem ich Ihnen neulich Mit¬
2566 1825 4050 1901 teilung gmacht,nicht auf Neapel,sondern auf
2582 1873 3464 1966 ganz Italien sich bezieht.
2958 1952 3677 2046 Mit herzlichem Gruss
3279 2026 3398 2094 Ihr
2558 2914 3641 3023 Herrn S.Fischer,Verlag.Berlin.
