4417 3976
1916 926 2023 1027 12.
3471 930 3827 1130 24.8.1919.
343 1055 2033 1185 Prag. Das Honorar zu für die 17.-19. Auflage bit-
356 1202 1977 1301 te ich sie freundlichst an mein Konto, Deutsche
2699 1210 2909 1347 An den
352 1290 880 1423 Bank zu leiten.
2741 1381 3618 1549 Bühnenvertrieb S.vischer,
690 1339 1953 1503 10.) Ich bin gem einverstanden, wenn
3640 1431 3894 1631 Berlin.
356 1478 1949 1598 Sie mir im Sinne Ihres Vorschlags vom 5. August
2741 1596 3926 1732 Gestern erhält ich aus Prag durch
358 1566 2021 1707 wegen Auflösung Ihres wiener Bankkonto Kr.20.000
2408 1612 4025 1836 die Anglo-Österr.Bank von deutschen Landesthea-
352 1686 1987 1804 a conto zu verrechnender Honorare zur Verfügung
2400 1787 3955 1941 ter 621 (österr.) Kronen. Dazu keinerlei Ver-
352 1772 2031 1913 stellen und die Summe an mein Konto in der Boden-
2261 1810 2347 1911 P.S.
2402 1903 3989 1979 ständigung, keinerlei Abrechnung von der Direk-
341 1890 1564 2004 redit-Anstalt überschreiben wollen.
2398 1991 3850 2130 tion. Da nun Prag zufolge Ihres Schreibens
623 1964 2054 2103 Ich hoffe, Sie haben in Glücksburg mit den
2406 2069 3848 2233 vom 7.Aug.19 folgende Summa u schuldig ist:
352 2086 1987 2227 Ihren noch schöne sonmertage gehabt und mit den
2595 2208 4029 2362 1. Die Differenzbeträge für April, Liebelei
364 2200 1069 2326 herzlichsten Grüssen
2602 2273 3174 2398 2. xxx xxxxxxxxx
3585 2324 3920 2406 Kr. 154.58
2648 2326 3435 2473 für Literatur...
3593 2381 3928 2488 „ 22.07
1025 2358 1154 2488 Ihr
2619 2435 3612 2583 2. Einen reklamierten Betrag
2688 2539 3941 2682 für Anatol in der Höhe von " 525.95
2387 2642 3985 2785 so sind mit dieser Sendung von 621 österr.Kro-
2385 2734 4027 2869 nen noch nicht einmal diese Ausstände beglichen
2387 2835 4042 2955 umso weniger als es sich bei „Liebelei“ und „li
2381 2936 4029 3088 teratur" (April) jedesfalls schon um czechische
