4417 4039
477 1041 2084 1222 Ihres Geschäftsbetriebes Einsprüche zu erheben,
475 1215 2039 1333 so darf ich es doch wohl innerhalb desjenigen
1114 1266 1356 1335 indem
469 1293 2096 1419 Masses wagen, xxxn Ich meine eigenen
460 1381 2132 1522 sowohl künstlerischen als materiellen Interessen
471 1501 2025 1604 so erheblich mitbeteiligt fühle. Solche Dinge
469 1589 2067 1707 sind natürlich weder gesetz-noch vertragsmässig
469 1699 2069 1838 festzulegen, aber es kann doch kaum ein Zweifel
465 1768 2063 1936 darüber bestehen, dass der Verlag, der das Recht
471 1903 2119 2037 zur Herausgabe eines Werks erworben hat zu glei-
471 1997 2140 2138 cher Zeit die Verpflichtung übernimmt dieses Werk
465 2073 2128 2231 im richtigen Verhältnis zur Nachfrage von Seiten
463 2206 2027 2340 des Publikums diesem zur Verfügung zu halten.
465 2311 2134 2447 Vielleicht nicht einmal so sehr um des Publikums
471 2399 2140 2544 willen als im Interesse des Autors, der in diesen
463 2519 2084 2645 Zeiten mit noch höherer Berechtigung als früher
460 2611 2056 2744 Anspruch darauf erheben darf und muss, dass die
463 2714 1989 2832 Erwerbsmöglichkeiten, die nicht nur in seiner
463 2813 1993 2948 Arbeit, sondern zum Teil auch in seinem Namen
463 2910 2124 3042 begründet liegen, nicht beträchtlicher verringert
456 3013 2126 3139 werden als eben die Gewalt der Umstände mit sich
458 3126 2081 3280 bringt. In eine ganz einfache Formal gebracht:
4009 824 4127 976 1914
2422 1037 4073 1215 Da der Bedarf buchhändlerische Bedarf nach mei-
2424 1158 3991 1339 nen Büchern die Höhe der vorhandenen Bestände
2437 1245 4073 1457 und die Promptheit der Neuauflagen in einer für
2433 1375 4033 1537 mich höchst nachteiligen Weise überschreitet, so
2445 1451 4112 1657 appelliere ich hiemit nochmals nicht etwa an die
2447 1562 4117 1730 Sympathie Ihres Verlages für die österreichische
2803 1676 3202 1751 in allzuvein.
2449 1650 3993 1850 literatur/und für mich innbesondere, sondern
2986 1766 3242 1852 wendout
2447 1753 4087 1974 an die mir höchst wertvolle und Ihnen hoffent-
2447 1852 4142 2039 lich auch nicht ganz gleichgültige Verbundensein
2460 1970 4146 2145 unserer künstlerischen und materiellen Geschäfts-
2813 2088 3227 2172 si si bestièmes
2462 2065 4003 2233 interessen, um d eses Missverhältnis zwischen
2470 2159 4148 2334 Angebot und Nachfrage so weit als irgend möglich
2473 2302 2986 2481 auszugleichen.
2721 2374 4018 2527 Ich hoffe sehr, dass sie und die Ihren
3780 2456 3993 2527 einem
2485 2489 3967 2651 persönlich sich so wohl befinden als es in
2485 2552 4127 2765 diesen Zeiten beschieden sein kann und hin mit
2496 2727 3217 2914 herzlichsten Grüssen
3183 2796 3335 2939 Ihr
