4553 4039
350 1039 1963 1151 ich gar nicht gedacht. Hier sind Sie mit Ihren
361 1119 1832 1215 sprüchen völlig im Recht. Ich werde das noch in
361 1153 1986 1267 persönlicher Aussprache mit Frl. Herz in Ordnung brin
359 1256 492 1329 gen.
513 1291 2059 1404 Ueber die Copyright-Angslegenheiten hoffe ich bald
356 1383 1355 1486 nähere Aufklärungen zu erhalten.
513 1424 1888 1557 Sie haben mir leider keine nähere-faresse von
365 1508 1892 1600 Herrn S.Fisc er mitgeteilt,ich habe ihm heute aufs
369 1568 1916 1645 Geratewohl nach Berchtesgaden Salzberg geschrieben.
393 1613 1928 1690 Ich fahre in wenigen Tagen nach Salzburg und hoffe
393 1664 1931 1748 sehr Herrn Fischer bei dieser Gelegenheit sprechen
404 1733 719 1823 zu konnen.
520 1761 2105 1879 Die paar Bücher, um die ich Sie bat,sind bisher nicht
406 1866 1963 1950 eingetroffen. Nun bitte ich sie nicht mehr abzusen
404 1918 1909 2019 sen oder, vonn meine Karte verapatet an elangtsein
438 1954 1883 2042 sein sollte,sie an folgende Adresse zu schicken
406 2023 1875 2098 Frau Bertha Breves — CopYn Anton Bujcketraat 95,
438 2034 1969 2145 Haag. Das ist eine holländische Schauspielerin, die
436 2111 1939 2186 bereits in einigen meiner Stücke gespielt hat,rie
447 2156 1907 2236 es scheint, in ihrer Direktion einigen Einfluss
438 2171 2008 2304 besitzt und mir für manche meiner Rollen sehr geeig
449 2261 1916 2356 net schein. Einen Brief an die Generaldirektion
464 2306 1720 2412 Hotterlege ich zu ihrer Orientierung bei.
565 2386 1976 2474 Ebenso eine Notiz über offenbar unautorisierte
475 2429 2055 2538 Reigenaufzuhrungen". Bitte insbesondere auf Vorlesun-
475 2513 1520 2618 gen und dergleichen Acht zu haben.
636 2536 1946 2637 ie "nfrage eines Herrn Dir.Bruno Turschmann
475 2596 1926 2682 der eine Reigen-Tournoe veranotalten will, mit 2
475 2644 1946 2738 Herren und 2 Damen in rezitatorisch prämatischer
468 2706 1950 2790 Art und sich auch schon an Sie gewendet zu haben
447 2766 1763 2863 scheint,bescheide ich natürlich abschlägig,
752 2837 1269 2951 Hochachtungsvoll
2433 795 2734 928 Forchée
2480 926 3105 1020 Dr.Arthur Schnitzler
2489 990 3357 1100 Wien XVIII.Sternwartestr.71.
3629 996 3934 1100 2.8.1921.
2472 1181 2931 1297 Lieber Freund.
2753 1278 4072 1379 L. Ich lege die Abschrift eines Briefes an
2478 1336 4097 1426 die Geschäftsstelle der Deutschen Erzähler bei, damit
2489 1400 4140 1501 Sie bezuglich dieser Angelegenheit im Laufenden blei-
2476 1467 2626 1555 ben.
2749 1477 4188 1587 2. Der "Reigen ist in Deutschland tatsächlich
2480 1566 4104 1624 noch sozusagen verboten, d.h. er wird immer wieder da
2487 1613 4102 1677 und dort beschlagnahmt. Mir sind diese Rechtsverhält
2480 1662 4132 1718 nisse ganz unkiäf. Ein oder gar einige Prozesse sind
2483 1714 4155 1802 im Gang; Auch über alle diese Dinge wird Sie Herr Harz
2506 1767 3137 1851 am besten aufklären.
2843 1838 4001 1926 Ich hatte Gelegenheit von Präsidenten
2480 1881 4155 1980 der holländischen Schauspielvereinigung,Herrn Arnoldi,
2483 1971 4134 2025 kennen xxx lernen. Seine Mitteilungen veranlassen mich
2487 2008 4185 2079 Sie zu bitten sich gelegentlich bei Ihrem holländischen
2493 2059 4063 2124 Vertreter über die Tantiemensätze der holländischen
2513 2107 4134 2205 Theater zu informieren und insbesondere wegen Auffih
2504 2160 4125 2259 rungen der Liebelei.. schon in früheren Jahren! zu
2487 2218 2839 2302 erkundigen.
2757 2298 4218 2382 4. Das Deutsche Theater, Direktor Rosen,schreibt
2510 2360 4065 2425 mir, dass es mit Kopenhagen Prozess Tuhrt wegen der
2519 2418 4132 2478 Grossen Szene, dass es aber die fällige Summe jeden
2513 2455 4153 2547 falls vor Ausgang des Prozesses an Sie abführen wird.
2757 2528 4185 2626 5. An Hollam habe ich geschrieben, er möge den
2489 2611 4168 2680 Vertrag über das Weite Land mit mir persönlich schlies
2487 2659 3979 2725 sen. Vor nahezu vier wohnten hat er von mir den
2487 2725 4001 2787 Anatol erworben, noch habe ich nicht den Vertrag.
2483 2760 4102 2848 noch nicht den Vorschussin Händen. Ich habe auch für
2525 2824 4134 2882 Weites Land Vorschuss verlangt und erkläre meine Ver
2489 2863 4100 2940 bindlichkeiten sowohl für Weites Land als für Anatol
2498 2918 4108 2994 gelöst, wenn die Angelegenheiten nicht bis spätestens
2489 2972 4091 3032 15. August geordnet sind. Es scheint dort eine etwas
2495 3026 4117 3090 schlamperte Wirtschaft zu sein. Aus Breslau habe ich
2493 3075 4087 3131 einen Brief, in dem oich das Lobetheater recht sehr
2493 3101 4093 3189 beklagt, das Ihr Verlag für Treslau das "Weite Land"
2487 3172 4209 3245 den Gebrüder Rotters gegeben habe, es sei wie übrigens
