4443 3993
471 1026 2061 1178 die gera gemeigt waren, für ein Buch drei oder
469 1160 1873 1276 vier oder fünf Mark, nicht aber für einen
467 1250 2075 1375 schlechten einband zwei bis drei Mark zu bezah-
475 1330 2022 1491 len. Es gibt auch Leute, die sich ihre Bücher
481 1440 2032 1580 hern selbst binden lassen. Dass in einem sol-
481 1557 1881 1688 chen, durch das Fehlen aller broschierten
475 1662 1920 1774 Exemplare auf den Kauflustigen ausgeübten
479 1750 2077 1887 relativen Zwang eine Schädigung des Autors be-
484 1827 2073 1998 gründet liegt, muss nicht erst des Näheren be-
481 1961 975 2098 wiesen werden.
811 2045 1975 2176 Herr Friese bittet mich zu bemer¬
475 2145 2118 2286 ken, dass es sich ihm in dieser Frage vor allem
481 2252 2100 2364 un die österreichischen Autoren handle. Was die
479 2352 2063 2497 deutschen Autoren anbelangt, so hätde er gegen
488 2467 2118 2602 eine eventuelle Reduzierung des Lagers, abgesehe
529 2561 1940 2686 »n den Theaterstücken nichts einzuwenden.
828 2639 1873 2807 Glauben Sie mir. lieber Freund,
477 2764 2053 2903 dass ich keineswegs die grossen Schwiefigkei-
488 2893 1952 3006 ten verkenne, die gerade unter den heutigen
484 2952 2043 3098 Verhältnissen für ein Verlagsunternehmen von
477 3075 2051 3217 der Bedeutung des Ihrigen bestehen. Aber ich
3878 793 4186 924 4/H1 5
2489 942 4093 1186 bin fest überzeugt, dass ein Batzegenkommen Ih-
2495 1104 4120 1266 rerseits in den hier besprochenen Angelegenhei-
2502 1196 4036 1358 ten nichts nur der Firma Friese, nicht nur mir
2502 1285 4067 1451 und den übrigen österreichischen Autoren,son-
2508 1426 4106 1565 dern letzten Endes auch Ihrem Verlage in jeder
2506 1516 4124 1664 Hinsicht nur zu Gute kommen könnte. Wollen Sie
2522 1596 4118 1743 auch in diesem Sinne diese Einmischung in die
2516 1690 4116 1887 zwischen ihnen und priese zur Diskussion ste-
2520 1809 4149 1948 hende Sache entschuldigen, die im entsprechenden
2518 1895 4147 2086 parzentuellen Masstab doch auch gewisser massen
2512 2059 3018 2178 die reine ist.
2905 2159 3624 2311 Mit herzlichen Gruss
3217 2291 3364 2391 Ihr
