4446 4104
453 1078 2120 1179 „Weber“ gesehen, die eine ungeheuere Wirkung tat.
475 1148 2037 1237 Ich danke Ihnen sehr für die Zusendung des 12.
469 1194 2128 1323 Bandes, der viel Merkwürdiges und Schönes enthält.
704 1331 2132 1455 Für Herrn Leo Greiner lege ich einen Brief
469 1399 633 1493 bei.
698 1495 1723 1611 Mit den herzl ohsten Grüs sein
1063 1565 1171 1655 Ihr
478 2757 1316 2865 Herrn S. Fischer,Verlag,
484 2830 735 2921 Berlin.
3602 914 3968 1015 7.12.1922.
2394 855 2971 1088 Fisches
2550 1150 3056 1283 Lieber Preund.
2940 1269 3980 1387 Lassen sie mich heute noch auf
2558 1354 4101 1458 einige einzelheiten Ihress Briefes vom 28.11.
2566 1401 4011 1493 eingehen. Der Aufsatz von Eugen Diederichs
2568 1426 4094 1568 lag Ihrem Schreiben leider nicht bei. Sie sa¬
2560 1505 4101 1605 gen, dass der mit vorge schlagene Verrechnungs-
3733 1545 3822 1584 4F. p.
2784 1543 4117 1665 nicht bei allen Ihren Autoren durchge-
2572 1599 4144 1707 redus werden könne, dazu lägen die Verhältnisse
2566 1653 4177 1748 zu verschieden, und bei mir insoferne besonders
2566 1707 4119 1808 schwierig, als der grössere Teil meiner Bücher
2572 1765 3689 1885 aus dramatischen Werken bestehe.
2984 1835 4161 1941 Das scheint mir doch kein so exzep
2572 1906 3991 2008 tioneller Fall zu sein. Ich habe 30 Marke
2591 1931 4163 2053 bei Ihnen im Verlag, darunter 12 erzählende. Das
2591 2008 4165 2109 Verhältnis zahlenmässig der novellistischen zu
2585 2062 4005 2149 den dramatischen Arbeiten scheint also im
2587 2080 4184 2205 buchhändlerischen Sinn günstiger zu liegen als
3988 2151 4169 2215 dazu i
2587 2155 3916 2271 beispielsweise bei Hauptmann. Es kommt
3565 2199 4132 2273 ieb meiner Werke
2587 2226 3555 2298 dass Sie auch den Bühnenverh
3546 2247 4136 2321 Tie Sache erwäge,
2587 2263 3555 2357 haben, so dass ich, wenn ich
2593 2305 4007 2406 was Verrechnungsmodalitätennanbelangt,zum
2593 2342 4161 2456 mindesten die gleiche Rerücksichtigung verdie-
2599 2398 4192 2500 ne, als irgend ein anderer Autor Ihres Verlages.
2589 2448 4130 2564 Nun scheint mir aber, wie ich Ihnen schon neu¬
2599 2489 4136 2618 lich geschrijben, dass auch der hoffnungslose-
2599 2541 4150 2660 ste Anfänger sich durch den von Ihnen neulich
2602 2599 4142 2718 vorgeschlagenen Verrechnungsmodus nicht über¬
2602 2649 4115 2766 mässig beglück fühlen dürfte und bin keines-
2604 2697 4182 2805 wegs überzeugt,.daas ein oder der andere Ihrer
2612 2755 4099 2861 Autoren sich günstigerer Honorarbedingungen
2604 2824 3787 2923 bei Ihnen erfreuen kollte als ich.
3048 2882 4138 2996 Mit meiner endgültigen Stellung
2620 2959 4101 3062 nahme zu Ihrer vorschlag der Beteiligung am
2624 3002 4018 3114 nettoertrag möchte Ich bis nach der Lekt###
2618 3031 4202 3191 des Diederlohschen Aufsatzes warten. Heute kann
