<?xml version="1.0" encoding="UTF-8" standalone="yes"?>
<PcGts xmlns="http://schema.primaresearch.org/PAGE/gts/pagecontent/2013-07-15" xmlns:xsi="http://www.w3.org/2001/XMLSchema-instance" xsi:schemaLocation="http://schema.primaresearch.org/PAGE/gts/pagecontent/2013-07-15 http://schema.primaresearch.org/PAGE/gts/pagecontent/2013-07-15/pagecontent.xsd">
    <Metadata>
        <Creator>prov=READ-COOP:name=TrHtr:version=2.1.0:model_id=51170:date=27_07_2023_22:01</Creator>
        <Created>2023-05-02T07:57:12.744+02:00</Created>
        <LastChange>2023-07-27T22:01:49.013+02:00</LastChange>
        <TranskribusMetadata docId="1416739" pageId="54952366" pageNr="45" tsid="131304183" status="IN_PROGRESS" userId="64420" imgUrl="https://files.transkribus.eu/Get?id=TKRVBFBDWYEAELMADLTHPGAA&amp;fileType=view" xmlUrl="https://files.transkribus.eu/Get?id=ZSVUZSBKYKDWKGOPXEQTSGJH" imageId="44456092"/>
    </Metadata>
    <Page imageFilename="1416739_0045.jpg" imageWidth="4428" imageHeight="3992">
        <ReadingOrder>
            <OrderedGroup id="ro_1711827894405" caption="Regions reading order">
                <RegionRefIndexed index="0" regionRef="tr_1"/>
                <RegionRefIndexed index="1" regionRef="tr_2"/>
            </OrderedGroup>
        </ReadingOrder>
        <TextRegion id="tr_1" custom="readingOrder {index:0;}">
            <Coords points="56,90 1996,90 1996,3223 56,3223"/>
            <TextLine id="tr_1_tl_1" custom="readingOrder {index:0;}">
                <Coords points="47,202 58,202 72,194 83,200 87,198 97,208 105,202 116,211 128,208 124,105 43,105"/>
                <Baseline points="56,140 101,140 128,143"/>
                <TextEquiv>
                    <Unicode>Von</Unicode>
                </TextEquiv>
            </TextLine>
            <TextLine id="tr_1_tl_2" custom="readingOrder {index:1;}">
                <Coords points="322,1222 685,1178 1775,1193 1857,1164 1859,1114 1591,1123 1467,1067 1133,1127 322,1119"/>
                <Baseline points="334,1178 340,1178 384,1178 429,1178 474,1178 519,1178 563,1178 608,1178 653,1175 698,1175 742,1172 787,1172 832,1169 877,1169 921,1169 966,1169 1011,1169 1056,1166 1100,1166 1145,1166 1190,1166 1235,1166 1279,1163 1324,1163 1369,1163 1414,1163 1458,1163 1503,1163 1548,1163 1593,1160 1637,1160 1682,1160 1727,1157 1772,1157 1816,1154 1861,1154"/>
                <TextEquiv>
                    <Unicode>Zeitungshonorar für den Vorabdruck und nicht</Unicode>
                </TextEquiv>
            </TextLine>
            <TextLine id="tr_1_tl_3" custom="readingOrder {index:2;}">
                <Coords points="324,1321 935,1275 1075,1327 1162,1302 1199,1331 1273,1296 1273,1230 1203,1213 922,1242 741,1213 706,1234 654,1205 427,1249 326,1222"/>
                <Baseline points="337,1282 381,1279 426,1282 471,1279 516,1276 560,1279 605,1276 650,1276 695,1273 739,1273 784,1273 829,1270 874,1270 918,1270 963,1270 1008,1268 1053,1268 1097,1268 1142,1265 1187,1265 1232,1265 1276,1265"/>
                <TextEquiv>
                    <Unicode>an das Buchhonorar gedacht.</Unicode>
                </TextEquiv>
            </TextLine>
            <TextLine id="tr_1_tl_4" custom="readingOrder {index:3;}">
                <Coords points="535,1405 1942,1360 1903,1313 1668,1319 1573,1267 1385,1331 615,1335 537,1298"/>
                <Baseline points="548,1381 560,1381 605,1378 650,1378 695,1375 739,1375 784,1375 829,1375 874,1372 918,1375 963,1372 1008,1372 1053,1372 1097,1369 1142,1369 1187,1366 1232,1366 1276,1366 1321,1369 1366,1369 1411,1366 1455,1366 1500,1363 1545,1363 1590,1360 1634,1360 1679,1360 1724,1357 1769,1357 1814,1357 1858,1357 1903,1357 1948,1357"/>
                <TextEquiv>
                    <Unicode>Aus Ungarn lag betreffs „Graesler“ schon</Unicode>
                </TextEquiv>
            </TextLine>
            <TextLine id="tr_1_tl_5" custom="readingOrder {index:4;}">
                <Coords points="332,1502 1847,1484 1876,1405 332,1440"/>
                <Baseline points="343,1482 361,1479 405,1479 450,1479 495,1479 540,1479 584,1479 629,1476 674,1476 719,1473 763,1479 808,1476 853,1473 898,1473 942,1473 987,1470 1032,1470 1077,1470 1121,1467 1166,1467 1211,1467 1256,1467 1300,1467 1345,1467 1390,1464 1435,1464 1479,1461 1524,1461 1569,1464 1614,1461 1658,1461 1703,1461 1748,1458 1793,1458 1837,1455 1882,1452"/>
                <TextEquiv>
                    <Unicode>eine Anfrage hinzichtlichxx von der „Kultura“</Unicode>
                </TextEquiv>
            </TextLine>
            <TextLine id="tr_1_tl_6" custom="readingOrder {index:5;}">
                <Coords points="338,1614 1895,1595 1992,1585 1994,1517 341,1525"/>
                <Baseline points="349,1581 384,1581 429,1581 474,1581 519,1581 563,1578 608,1578 653,1578 698,1578 742,1578 787,1578 832,1578 877,1575 921,1575 966,1572 1011,1572 1056,1572 1100,1569 1145,1569 1190,1569 1235,1566 1279,1566 1324,1566 1369,1566 1414,1566 1458,1566 1503,1566 1548,1566 1593,1563 1637,1563 1682,1563 1727,1563 1772,1563 1816,1560 1861,1560 1906,1557 1951,1557 1996,1554"/>
                <TextEquiv>
                    <Unicode>vor, über den ich schon in Wien mit Ihnen gespro¬</Unicode>
                </TextEquiv>
            </TextLine>
            <TextLine id="tr_1_tl_7" custom="readingOrder {index:6;}">
                <Coords points="332,1698 1653,1698 1932,1668 1934,1589 1595,1634 332,1637"/>
                <Baseline points="343,1685 369,1685 414,1685 459,1682 504,1685 548,1682 593,1679 638,1679 683,1679 727,1679 772,1679 817,1679 862,1679 907,1679 951,1676 996,1676 1041,1673 1086,1673 1130,1673 1175,1673 1220,1670 1265,1667 1309,1667 1354,1670 1399,1667 1444,1667 1488,1667 1533,1667 1578,1664 1623,1664 1667,1664 1712,1664 1757,1664 1802,1664 1846,1661 1891,1661 1936,1658"/>
                <TextEquiv>
                    <Unicode>chen habe. Ich habe, wenn mir recht ist, mit Ih¬</Unicode>
                </TextEquiv>
            </TextLine>
            <TextLine id="tr_1_tl_8" custom="readingOrder {index:7;}">
                <Coords points="338,1798 532,1831 609,1791 1379,1781 1940,1828 1942,1705 338,1742"/>
                <Baseline points="349,1784 378,1784 423,1784 468,1784 513,1784 557,1781 602,1781 647,1781 692,1781 736,1781 781,1781 826,1778 871,1775 915,1778 960,1778 1005,1775 1050,1775 1094,1775 1139,1775 1184,1772 1229,1769 1273,1769 1318,1769 1363,1766 1408,1766 1452,1769 1497,1769 1542,1769 1587,1766 1632,1766 1676,1763 1721,1763 1766,1763 1811,1760 1855,1760 1900,1760 1945,1763"/>
                <TextEquiv>
                    <Unicode>rem Einverständnis pauschaliter tausend Kronen</Unicode>
                </TextEquiv>
            </TextLine>
            <TextLine id="tr_1_tl_9" custom="readingOrder {index:8;}">
                <Coords points="338,1903 1944,1909 1969,1812 338,1847"/>
                <Baseline points="349,1885 361,1882 405,1885 450,1885 495,1885 540,1885 584,1885 629,1885 674,1882 719,1882 763,1882 808,1879 853,1879 898,1876 942,1876 987,1876 1032,1876 1077,1873 1121,1873 1166,1873 1211,1873 1256,1870 1300,1870 1345,1870 1390,1870 1435,1870 1479,1867 1524,1867 1569,1867 1614,1867 1658,1867 1703,1864 1748,1864 1793,1861 1837,1861 1882,1861 1927,1861 1972,1864"/>
                <TextEquiv>
                    <Unicode>verlangt, bisher keine Antwort erhalten und vor¬</Unicode>
                </TextEquiv>
            </TextLine>
            <TextLine id="tr_1_tl_10" custom="readingOrder {index:9;}">
                <Coords points="332,2002 1859,1998 1909,1903 332,1946"/>
                <Baseline points="343,1987 346,1990 390,1987 435,1987 480,1987 525,1987 569,1984 614,1984 659,1984 704,1984 748,1981 793,1981 838,1981 883,1981 927,1978 972,1978 1017,1978 1062,1975 1106,1978 1151,1975 1196,1975 1241,1972 1285,1975 1330,1972 1375,1972 1420,1972 1464,1972 1509,1969 1554,1966 1599,1969 1643,1969 1688,1966 1733,1966 1778,1966 1822,1966 1867,1969 1912,1966"/>
                <TextEquiv>
                    <Unicode>sichtsweise bei den mir von Ihnen übermittel¬</Unicode>
                </TextEquiv>
            </TextLine>
            <TextLine id="tr_1_tl_11" custom="readingOrder {index:10;}">
                <Coords points="336,2103 1932,2080 1932,2025 1853,2006 749,2068 338,2045"/>
                <Baseline points="349,2088 369,2088 414,2085 459,2085 504,2085 548,2088 593,2085 638,2085 683,2085 727,2085 772,2085 817,2082 862,2082 907,2082 951,2082 996,2082 1041,2082 1086,2082 1130,2079 1175,2076 1220,2076 1265,2076 1309,2076 1354,2073 1399,2073 1444,2073 1488,2073 1533,2073 1578,2073 1623,2073 1667,2070 1712,2070 1757,2070 1802,2070 1846,2070 1891,2067 1936,2067"/>
                <TextEquiv>
                    <Unicode>ten Dr.Rosa angefragt,ob er etwa mit der „Kul-</Unicode>
                </TextEquiv>
            </TextLine>
            <TextLine id="tr_1_tl_12" custom="readingOrder {index:11;}">
                <Coords points="341,2216 648,2190 689,2223 786,2219 974,2188 1152,2239 1263,2214 1323,2235 1323,2163 1244,2132 751,2150 594,2128 512,2173 341,2140"/>
                <Baseline points="352,2192 387,2189 432,2189 477,2186 522,2186 566,2186 611,2186 656,2186 701,2186 745,2186 790,2183 835,2183 880,2180 924,2183 969,2183 1014,2180 1059,2180 1103,2180 1148,2180 1193,2177 1238,2177 1282,2177 1327,2177"/>
                <TextEquiv>
                    <Unicode>tura in Zusammenhang stehe.</Unicode>
                </TextEquiv>
            </TextLine>
            <TextLine id="tr_1_tl_13" custom="readingOrder {index:12;}">
                <Coords points="570,2295 1915,2280 1901,2219 1098,2249 1024,2210 658,2254 572,2221"/>
                <Baseline points="581,2285 623,2285 668,2288 713,2285 757,2285 802,2285 847,2285 892,2282 936,2282 981,2282 1026,2282 1071,2282 1115,2279 1160,2279 1205,2279 1250,2282 1294,2279 1339,2276 1384,2276 1429,2279 1473,2276 1518,2276 1563,2273 1608,2273 1652,2273 1697,2270 1742,2273 1787,2270 1831,2270 1876,2267 1921,2270"/>
                <TextEquiv>
                    <Unicode>Meine Novelle wird Ihnen in dem ersten</Unicode>
                </TextEquiv>
            </TextLine>
            <TextLine id="tr_1_tl_14" custom="readingOrder {index:13;}">
                <Coords points="334,2408 1839,2396 1806,2324 1350,2357 836,2295 691,2349 334,2330"/>
                <Baseline points="346,2392 366,2392 411,2392 456,2392 501,2392 545,2392 590,2392 635,2392 680,2389 725,2389 769,2389 814,2386 859,2386 904,2386 948,2386 993,2383 1038,2383 1083,2383 1127,2383 1172,2380 1217,2380 1262,2380 1306,2377 1351,2380 1396,2380 1441,2380 1485,2380 1530,2380 1575,2377 1620,2374 1664,2377 1709,2374 1754,2371 1799,2371 1843,2371"/>
                <TextEquiv>
                    <Unicode>Januartagen von Partenkirchen aus zugesandt</Unicode>
                </TextEquiv>
            </TextLine>
            <TextLine id="tr_1_tl_15" custom="readingOrder {index:14;}">
                <Coords points="341,2545 838,2493 1672,2499 1835,2477 1837,2429 1383,2454 1114,2419 982,2460 877,2427 751,2470 516,2423 341,2460"/>
                <Baseline points="352,2497 363,2494 408,2494 453,2494 498,2494 543,2494 587,2494 632,2494 677,2494 722,2494 766,2494 811,2491 856,2491 901,2491 945,2488 990,2491 1035,2488 1080,2485 1124,2485 1169,2485 1214,2485 1259,2485 1303,2482 1348,2482 1393,2482 1438,2479 1482,2479 1527,2479 1572,2479 1617,2479 1661,2476 1706,2479 1751,2476 1796,2473 1840,2473"/>
                <TextEquiv>
                    <Unicode>werden ich möchte gleich bemerken, dass die</Unicode>
                </TextEquiv>
            </TextLine>
            <TextLine id="tr_1_tl_16" custom="readingOrder {index:15;}">
                <Coords points="336,2633 1859,2592 1859,2522 338,2551"/>
                <Baseline points="349,2601 387,2598 432,2595 477,2598 522,2595 566,2595 611,2595 656,2595 701,2595 745,2595 790,2592 835,2592 880,2592 924,2589 969,2589 1014,2589 1059,2589 1103,2586 1148,2586 1193,2586 1238,2586 1282,2586 1327,2586 1372,2583 1417,2583 1461,2580 1506,2580 1551,2580 1596,2580 1640,2577 1685,2577 1730,2577 1775,2577 1819,2577 1864,2580"/>
                <TextEquiv>
                    <Unicode>auf der letzten Seite hinzugefügte Bemerkung</Unicode>
                </TextEquiv>
            </TextLine>
            <TextLine id="tr_1_tl_17" custom="readingOrder {index:16;}">
                <Coords points="345,2728 1954,2689 1940,2621 347,2637"/>
                <Baseline points="355,2709 390,2703 435,2703 480,2700 525,2700 569,2700 614,2700 659,2697 704,2700 748,2697 793,2697 838,2694 883,2694 927,2694 972,2694 1017,2691 1062,2688 1106,2691 1151,2691 1196,2688 1241,2688 1285,2688 1330,2688 1375,2688 1420,2685 1464,2685 1509,2682 1554,2682 1599,2682 1643,2682 1688,2682 1733,2679 1778,2679 1822,2679 1867,2679 1912,2679 1957,2682"/>
                <TextEquiv>
                    <Unicode>jedenfalls in kleinerem Druck zu setzen und in</Unicode>
                </TextEquiv>
            </TextLine>
            <TextLine id="tr_1_tl_18" custom="readingOrder {index:17;}">
                <Coords points="338,2819 1665,2794 1847,2834 1876,2716 341,2765"/>
                <Baseline points="349,2804 361,2801 405,2801 450,2804 495,2801 540,2801 584,2801 629,2798 674,2801 719,2798 763,2798 808,2798 853,2798 898,2798 942,2795 987,2795 1032,2792 1077,2792 1121,2792 1166,2792 1211,2789 1256,2789 1300,2789 1345,2786 1390,2789 1435,2786 1479,2786 1524,2786 1569,2783 1614,2783 1658,2783 1703,2783 1748,2780 1793,2780 1837,2777 1882,2780"/>
                <TextEquiv>
                    <Unicode>der Buchausgabe separat als: letztes Blatt</Unicode>
                </TextEquiv>
            </TextLine>
            <TextLine id="tr_1_tl_19" custom="readingOrder {index:18;}">
                <Coords points="355,2916 1895,2943 1897,2825 355,2844"/>
                <Baseline points="366,2903 378,2903 423,2905 468,2905 513,2905 557,2903 602,2903 647,2900 692,2900 736,2900 781,2903 826,2900 871,2897 915,2897 960,2897 1005,2897 1050,2897 1094,2897 1139,2894 1184,2894 1229,2894 1273,2894 1318,2891 1363,2891 1408,2888 1452,2888 1497,2885 1542,2885 1587,2882 1632,2885 1676,2885 1721,2882 1766,2885 1811,2882 1855,2882 1900,2879"/>
                <TextEquiv>
                    <Unicode>(gleichfalls kleingedruckt) zu bringen wäre.</Unicode>
                </TextEquiv>
            </TextLine>
            <TextLine id="tr_1_tl_20" custom="readingOrder {index:19;}">
                <Coords points="345,3009 1395,3001 1663,3052 1965,3003 1925,2916 347,2951"/>
                <Baseline points="355,3007 358,3007 402,3004 447,3007 492,3004 537,3004 581,3004 626,3004 671,3004 716,3004 760,3004 805,3004 850,3004 895,3001 939,3004 984,3001 1029,2998 1074,2998 1118,2995 1163,2995 1208,2995 1253,2995 1297,2995 1342,2992 1387,2992 1432,2992 1476,2992 1521,2989 1566,2989 1611,2986 1655,2986 1700,2986 1745,2986 1790,2983 1834,2983 1879,2983 1924,2983 1969,2977"/>
                <TextEquiv>
                    <Unicode>Barnowsky telegraphiert mir,dass „Fliederbusch“</Unicode>
                </TextEquiv>
            </TextLine>
            <TextLine id="tr_1_tl_21" custom="readingOrder {index:20;}">
                <Coords points="345,3108 939,3145 1810,3094 1787,3044 347,3050"/>
                <Baseline points="355,3108 381,3105 426,3108 471,3105 516,3105 560,3105 605,3105 650,3105 695,3105 739,3105 784,3102 829,3105 874,3105 918,3102 963,3102 1008,3102 1053,3099 1097,3099 1142,3099 1187,3099 1232,3096 1276,3096 1321,3096 1366,3093 1411,3093 1455,3093 1500,3090 1545,3090 1590,3087 1634,3087 1679,3084 1724,3084 1769,3084 1814,3084"/>
                <TextEquiv>
                    <Unicode>in Berlin sehr gut gehe. In Wien scheint er</Unicode>
                </TextEquiv>
            </TextLine>
            <TextLine id="tr_1_tl_22" custom="readingOrder {index:21;}">
                <Coords points="320,3250 559,3222 652,3281 896,3290 1158,3236 1232,3283 1405,3252 1471,3292 1886,3238 1888,3147 986,3168 881,3127 322,3168"/>
                <Baseline points="331,3210 372,3213 417,3213 462,3210 507,3210 551,3210 596,3207 641,3207 686,3207 730,3207 775,3210 820,3210 865,3207 909,3207 954,3204 999,3204 1044,3204 1088,3204 1133,3201 1178,3198 1223,3198 1268,3198 1312,3198 1357,3195 1402,3195 1447,3192 1491,3192 1536,3195 1581,3192 1626,3192 1670,3192 1715,3192 1760,3189 1805,3192 1849,3189 1894,3189"/>
                <TextEquiv>
                    <Unicode>schon ausgespielt zu haben und andere Bühnen</Unicode>
                </TextEquiv>
            </TextLine>
        </TextRegion>
        <TextRegion id="tr_2" custom="readingOrder {index:1;}">
            <Coords points="2246,1018 4129,1018 4129,2325 2246,2325"/>
            <TextLine id="tr_2_tl_1" custom="readingOrder {index:0;}">
                <Coords points="2423,1131 3628,1133 3700,1086 4012,1090 4035,1022 2425,1030"/>
                <Baseline points="2434,1109 2470,1109 2515,1106 2559,1106 2604,1106 2649,1106 2694,1106 2738,1103 2783,1103 2828,1100 2873,1100 2917,1100 2962,1100 3007,1100 3052,1100 3096,1097 3141,1094 3186,1094 3231,1094 3275,1091 3320,1091 3365,1091 3410,1088 3454,1088 3499,1086 3544,1083 3589,1083 3633,1080 3678,1077 3723,1074 3768,1071 3812,1071 3857,1068 3902,1068 3947,1068 3992,1068 4036,1068"/>
                <TextEquiv>
                    <Unicode>dürften sich wohl vorläufig nicht gemeldet ha-</Unicode>
                </TextEquiv>
            </TextLine>
            <TextLine id="tr_2_tl_2" custom="readingOrder {index:1;}">
                <Coords points="2419,1251 3576,1224 4004,1187 4006,1127 3731,1083 3638,1133 2421,1131"/>
                <Baseline points="2431,1211 2443,1211 2488,1211 2533,1211 2577,1214 2622,1211 2667,1208 2712,1205 2756,1205 2801,1205 2846,1202 2891,1202 2935,1202 2980,1199 3025,1202 3070,1196 3114,1196 3159,1193 3204,1193 3249,1193 3293,1190 3338,1190 3383,1187 3428,1187 3472,1184 3517,1184 3562,1184 3607,1181 3651,1181 3696,1178 3741,1178 3786,1178 3830,1172 3875,1169 3920,1169 3965,1166 4009,1169"/>
                <TextEquiv>
                    <Unicode>ben. Die Berliner Kritiken fand ich im Ton im</Unicode>
                </TextEquiv>
            </TextLine>
            <TextLine id="tr_2_tl_3" custom="readingOrder {index:2;}">
                <Coords points="2425,1352 3942,1313 3944,1234 3653,1203 2427,1251"/>
                <Baseline points="2437,1312 2470,1312 2515,1312 2559,1312 2604,1309 2649,1306 2694,1306 2738,1306 2783,1306 2828,1306 2873,1303 2917,1303 2962,1300 3007,1300 3052,1300 3096,1297 3141,1297 3186,1297 3231,1294 3275,1294 3320,1291 3365,1291 3410,1288 3454,1288 3499,1285 3544,1285 3589,1282 3633,1282 3678,1282 3723,1279 3768,1276 3812,1273 3857,1273 3902,1270 3947,1268"/>
                <TextEquiv>
                    <Unicode>Grossen und Ganzen viel anständiger als die</Unicode>
                </TextEquiv>
            </TextLine>
            <TextLine id="tr_2_tl_4" custom="readingOrder {index:3;}">
                <Coords points="2421,1453 3905,1420 4078,1387 4080,1331 3890,1292 2425,1352"/>
                <Baseline points="2434,1414 2473,1414 2518,1411 2562,1414 2607,1411 2652,1411 2697,1411 2741,1408 2786,1408 2831,1405 2876,1405 2920,1405 2965,1402 3010,1399 3055,1402 3099,1402 3144,1399 3189,1399 3234,1396 3278,1393 3323,1390 3368,1390 3413,1390 3457,1387 3502,1387 3547,1384 3592,1384 3636,1381 3681,1378 3726,1378 3771,1375 3815,1375 3860,1375 3905,1372 3950,1372 3994,1369 4039,1369 4084,1369"/>
                <TextEquiv>
                    <Unicode>hiesigen; besonders gewisse Wiener Korresponden-</Unicode>
                </TextEquiv>
            </TextLine>
            <TextLine id="tr_2_tl_5" custom="readingOrder {index:4;}">
                <Coords points="2425,1515 3967,1515 4041,1490 4043,1416 2427,1451"/>
                <Baseline points="2437,1512 2479,1512 2524,1512 2568,1512 2613,1512 2658,1509 2703,1509 2747,1509 2792,1509 2837,1506 2882,1503 2926,1500 2971,1503 3016,1500 3061,1500 3105,1500 3150,1500 3195,1497 3240,1497 3284,1494 3329,1491 3374,1491 3419,1491 3463,1491 3508,1488 3553,1488 3598,1485 3642,1485 3687,1482 3732,1479 3777,1479 3821,1476 3866,1476 3911,1473 3956,1473 4000,1473 4045,1470"/>
                <TextEquiv>
                    <Unicode>ten auswärtiger Blätter haben sich allerlei ge</Unicode>
                </TextEquiv>
            </TextLine>
            <TextLine id="tr_2_tl_6" custom="readingOrder {index:5;}">
                <Coords points="2431,1639 3929,1606 4010,1587 4012,1504 3021,1517 2854,1581 2433,1560"/>
                <Baseline points="2443,1617 2449,1617 2494,1617 2539,1617 2583,1617 2628,1614 2673,1614 2718,1611 2762,1611 2807,1611 2852,1611 2897,1608 2941,1605 2986,1605 3031,1605 3076,1602 3120,1602 3165,1599 3210,1599 3255,1596 3299,1596 3344,1593 3389,1593 3434,1593 3478,1593 3523,1590 3568,1587 3613,1587 3657,1584 3702,1581 3747,1581 3792,1581 3836,1578 3881,1578 3926,1575 3971,1575 4015,1566"/>
                <TextEquiv>
                    <Unicode>leistet, was sogar ein wenig über das von mir</Unicode>
                </TextEquiv>
            </TextLine>
            <TextLine id="tr_2_tl_7" custom="readingOrder {index:6;}">
                <Coords points="2421,1742 2518,1777 3911,1705 3950,1601 2423,1653"/>
                <Baseline points="2434,1715 2476,1718 2521,1715 2565,1715 2610,1712 2655,1715 2700,1709 2744,1709 2789,1709 2834,1706 2879,1706 2923,1706 2968,1703 3013,1703 3058,1703 3102,1700 3147,1700 3192,1697 3237,1697 3281,1694 3326,1697 3371,1694 3416,1694 3460,1694 3505,1691 3550,1688 3595,1688 3639,1688 3684,1685 3729,1682 3774,1682 3818,1682 3863,1679 3908,1676 3953,1679"/>
                <TextEquiv>
                    <Unicode>in anderen Fällen Erlebte und auch über das</Unicode>
                </TextEquiv>
            </TextLine>
            <TextLine id="tr_2_tl_8" custom="readingOrder {index:7;}">
                <Coords points="2435,1859 3867,1816 3913,1810 3915,1703 2437,1771"/>
                <Baseline points="2446,1816 2485,1819 2530,1816 2574,1816 2619,1816 2664,1816 2709,1814 2753,1814 2798,1811 2843,1808 2888,1808 2932,1808 2977,1805 3022,1805 3067,1805 3111,1805 3156,1805 3201,1802 3246,1802 3290,1799 3335,1799 3380,1799 3425,1799 3469,1793 3514,1793 3559,1790 3604,1793 3648,1790 3693,1787 3738,1784 3783,1784 3827,1781 3872,1781 3917,1781"/>
                <TextEquiv>
                    <Unicode>diesmal Erwartete hinausging. Wenn ich erst</Unicode>
                </TextEquiv>
            </TextLine>
            <TextLine id="tr_2_tl_9" custom="readingOrder {index:8;}">
                <Coords points="2441,1979 4055,1913 4099,1828 4014,1791 2443,1868"/>
                <Baseline points="2452,1921 2491,1918 2536,1918 2580,1915 2625,1918 2670,1915 2715,1915 2759,1912 2804,1912 2849,1909 2894,1909 2938,1909 2983,1909 3028,1906 3073,1906 3117,1903 3162,1906 3207,1906 3252,1906 3296,1903 3341,1900 3386,1900 3431,1894 3475,1894 3520,1891 3565,1894 3610,1891 3654,1891 3699,1888 3744,1885 3789,1885 3833,1885 3878,1882 3923,1879 3968,1879 4012,1879 4057,1876 4102,1879"/>
                <TextEquiv>
                    <Unicode>wirklich eine Satyre geschrieben hättelAber ich</Unicode>
                </TextEquiv>
            </TextLine>
            <TextLine id="tr_2_tl_10" custom="readingOrder {index:9;}">
                <Coords points="2448,2035 2772,2062 2811,2039 2844,2055 2997,2035 3106,2051 3108,1961 3007,1946 2908,1979 2881,1954 2809,1985 2745,1963 2683,1992 2569,1952 2450,1981"/>
                <Baseline points="2458,2019 2488,2022 2533,2022 2577,2019 2622,2019 2667,2019 2712,2016 2756,2013 2801,2013 2846,2013 2891,2010 2935,2010 2980,2010 3025,2007 3070,2010 3114,2010"/>
                <TextEquiv>
                    <Unicode>nichts verschwören.</Unicode>
                </TextEquiv>
            </TextLine>
            <TextLine id="tr_2_tl_11" custom="readingOrder {index:10;}">
                <Coords points="2235,2041 2262,2041 2283,2062 2311,2039 2320,2043 2336,2037 2384,2049 2386,1973 2365,1963 2318,1989 2291,1973 2268,1981 2258,1992 2252,1985 2237,1983"/>
                <Baseline points="2246,2037 2255,2037 2300,2031 2345,2028 2389,2034"/>
                <TextEquiv>
                    <Unicode>will</Unicode>
                </TextEquiv>
            </TextLine>
            <TextLine id="tr_2_tl_12" custom="readingOrder {index:11;}">
                <Coords points="2739,2138 2838,2171 2891,2132 3426,2159 3622,2109 4031,2109 4123,2091 4125,1992 3843,1971 3618,2041 3374,2031 3327,2070 2741,2058"/>
                <Baseline points="2750,2118 2786,2115 2831,2115 2876,2115 2920,2112 2965,2112 3010,2112 3055,2109 3099,2109 3144,2109 3189,2109 3234,2106 3278,2106 3323,2103 3368,2103 3413,2100 3457,2100 3502,2097 3547,2097 3592,2097 3636,2094 3681,2094 3726,2094 3771,2091 3815,2091 3860,2088 3905,2088 3950,2085 3994,2085 4039,2082 4084,2082 4129,2085"/>
                <TextEquiv>
                    <Unicode>Mit den herzlichsten Weihnachts- und Neu</Unicode>
                </TextEquiv>
            </TextLine>
            <TextLine id="tr_2_tl_13" custom="readingOrder {index:12;}">
                <Coords points="2450,2268 2567,2231 2677,2270 2774,2227 3162,2214 3560,2245 3748,2214 3750,2146 2452,2167"/>
                <Baseline points="2461,2237 2500,2228 2544,2228 2589,2225 2634,2222 2679,2222 2723,2222 2768,2222 2813,2219 2858,2216 2903,2216 2947,2213 2992,2213 3037,2213 3082,2207 3126,2210 3171,2210 3216,2210 3261,2210 3305,2207 3350,2207 3395,2204 3440,2201 3484,2201 3529,2201 3574,2198 3619,2198 3663,2195 3708,2195 3753,2192"/>
                <TextEquiv>
                    <Unicode>jahresgrüssen für sie und die Ihrigen</Unicode>
                </TextEquiv>
            </TextLine>
            <TextLine id="tr_2_tl_14" custom="readingOrder {index:13;}">
                <Coords points="3034,2324 3052,2324 3058,2330 3075,2334 3085,2326 3100,2326 3112,2334 3125,2326 3131,2330 3137,2324 3151,2326 3153,2274 3120,2283 3100,2264 3094,2268 3087,2264 3079,2266 3065,2258 3056,2262 3036,2256"/>
                <Baseline points="3046,2315 3067,2315 3111,2312 3156,2312"/>
                <TextEquiv>
                    <Unicode>Ihr</Unicode>
                </TextEquiv>
            </TextLine>
        </TextRegion>
    </Page>
</PcGts>
