4425 3992
405 1038 1987 1176 Meinung über all dies hören;eh dies geschehen
405 1168 1946 1265 ist gedenke ich selbstverständlich nichts zu
407 1247 1842 1385 unternehmen. Wäre Aussicht vorhanden, dass
405 1358 1977 1499 die Papiernot bald schwände, so hätte ich über
403 1470 1871 1578 diese Sache nicht so viele Worte verloren;
414 1555 1943 1695 aber da ja leider der Krieg noch einige Zeit
411 1691 1983 1801 und die Kriegswirtschaft noch um einiges län-
411 1780 1979 1894 ger dauerne dürfte,so müssen wir uns eben al-
409 1865 1912 1985 le, der Autor so gut wie der Verleger, darauf
411 1956 1983 2070 einrichten. Mir wäre es nach wie vor am lieb-
1453 2045 1691 2125 Filiale
409 2090 1950 2212 sten, wenn die österreichische Rixx des Ver-
403 2169 1979 2287 lages S. Fischer doch noch zustande käme. Aber
411 2270 2016 2382 auch wenn das nicht der Fall sein sollte, möch-
416 2405 2016 2495 te ich die Hoffnung nicht aufgeben,dass unsere
409 2471 1987 2601 Interessen.die Ihren und die meinen, auch wei-
416 2578 2014 2708 terhin und in jeder Einzelheit zusammengingen.
841 2688 1637 2824 Mit herzlichstem Gruss
1098 2804 1224 2884 Ihr
1125 2878 1259 2919 G.C.H.F.P.S.
3457 986 3817 1127 17.4.1918.
2340 945 2756 1166 Fischer
2806 1096 2954 1203 G.C.R.S.
2890 1187 3407 1352 Lieber Freund.
2787 1389 4034 1569 Der letzte Absatz Ihres Briefes vom
2489 1520 4100 1652 10.d.wird mir nur verständlich, wenn ich anneh-
2491 1640 4061 1753 me, dass Sie ausser in der mir bekannten zwei-
2495 1728 4098 1859 fellos korrekten und einwandfreien Weise durch
2489 1834 4034 1956 Zifferer auch noch auf eine andere mir unbe-
2485 1939 4046 2057 kannte Weise von Wien aus informiert sind. Sie
2491 2034 3968 2156 schreiben, dass Sie selbst jederzeit bereit
2491 2134 4108 2305 sind nach Wien zu kommen, wenn sich die Möglich-
2491 2252 4054 2413 keit der Papierbeschaffung ergibt. Es bestand
2491 2347 4085 2495 nicht nur die Möglichkeit, sondern die abschuute
2485 2444 3992 2586 Gewissheit, dass sie so viel Papier erhalten
2483 2568 4046 2663 würden, als Ihnen beliebt, nur wurde die Forde-
2485 2653 4054 2764 rung dann daran geknüpft, da die Papierausfuhr
2479 2750 4019 2872 verboten ist, dass Sie in Wien drucken. Und zu
2473 2839 4135 2975 diesem Zwecke - eine rein formale Angelegenheit
2469 2975 4081 3079 eine Filiale Ihres Verlags gründen. Sie schie-
2477 3060 4131 3240 nen gegen Schluss des vorigen Jahres vollkommen
