4443 3993
1874 887 1970 1034 w
4117 936 4267 1040 all
2566 1009 4062 1186 gelegenheit jedenfalls durchführen: Direkte
2556 1156 4153 1272 Verrechnung des Prager Theaters mit mir. Es hat
486 1186 2015 1304 die gerichtliche Klage einbringen. Zu erwägen
2564 1266 4111 1392 jaasch wirklich keinen Sinn, dass das Geld zu-
492 1282 1996 1402 wäre auch, ob man, wenn sich die Prager Direk-
2564 1353 4044 1477 erst von Prag nach Berlin und von dort nach
484 1376 2049 1490 tion nicht schleunigst eines Besseren besinnt,
2558 1437 4068 1575 wien geht. Wenn also die Ordnung und Aufklä-
480 1477 2072 1606 den Fall in extenso einer der hier in Betracht
2558 1549 4068 1691 rung der zwischen Prag einerseits.Verlag Fi-
476 1571 2007 1703 kommenden Instanzen vorlegen sollte, entweder
3205 1644 3891 1726 Schwelenden Sachen nicht
2552 1652 4076 1807 scher und mir andererseits, in allerkürzester
480 1673 2035 1817 dem Bühnenverein oder dem Bund deutscher Büh¬
2548 1766 4155 1905 Frist erfolgt und zwar in einer uns restlos be-
480 1779 2076 1919 nenschriftsteller. Es handelt sich hier wirklich
2544 1854 4103 1970 friedigenden Weise, werden wir sämmtliche Ver-
472 1893 1968 2013 nicht um die verhältnismässig geringfügigen
474 1970 1982 2116 Beträge, die hier in Frage stehen, sondern da-
2552 1964 4151 2068 träge kündigen und die Direktion wird die naam
2550 2053 3822 2192 verträge direkt mit min abschliessen.
472 2088 1919 2194 rum, ob man sich derartige Geschäftsusancen
1510 2161 1595 2200 G.H.
2774 2157 4147 2291 licht ohne Verwunderung entnehme ich aus
472 2175 1886 2322 von irgend einem Direktor gefallen lassen
2530 2269 4164 2420 Ihr em Schreiben, dass das Kleine Theater vertrag
462 2279 1854 2395 muss, noch dazu von einem, der michteinmal
2532 2389 3995 2491 mässig „Liebelei“ nur Nachmittag aufführen
462 2399 1939 2538 schlechten Geschäftsgang als Entschuldigung
2532 2470 4033 2613 darf..Liebe 1° wird dort nicht nur hie und
460 2495 1976 2627 für eine so auffallende Zahlungsunlust anzu¬
2527 2589 4086 2686 da,wie sie schreiben, sondern sehr oft abends
456 2605 2023 2727 führen imstande wäre. Nicht angenehm ist es ja
2530 2656 4025 2810 gespielt. Aber es zahlt immer nur 7". Wüssen
452 2717 2009 2833 unter diesen Umständen, dass als Ihr Vertreter
2534 2759 4141 2898 wir das wirklich als selbstverständlich hinneh-
454 2796 1980 2930 in Prag nun gerade der Dramaturz oder Regis-
1233 2865 1325 2920 aie
2519 2855 4066 3006 men? Keim sfalls aber wird xxx das Berliner
454 2904 2035 3028 seur des dortigen Theaters fungiert.Eines aber
2530 2969 4133 3140 kleine Theater Einwendungen gegen Aufführungen
450 3008 2039 3124 wollen wir nach erledigung dieser leidigen An-
