4404 4057
385 1077 1829 1256 wert in Kronen ausbezahlt erhalten sollen.
381 1209 1827 1345 Es scheint sich hier um irgend eine natio-
387 1331 1846 1461 nalökonomisch wichtige Abmachung zwischen
397 1412 1856 1551 Oesterreich und Deutschland zu handeln, von
387 1518 1915 1671 der ich übrigens, die Wahrheit zu sagen, nicht
393 1626 1195 1781 das Geringste verstehe.
568 1726 1854 1850 Leider habe ich mir neulich auf einem
395 1819 1874 1970 Spaziergang durch einen Sturz Schulter und
405 1929 1911 2037 Oberarm so erheblich verletzt, dass ich noch
403 2021 1911 2157 für einige Wochen in der Gebrauchsfähigkeit
407 2133 1803 2255 des rechten Arms nemlich gehindert sein
409 2234 1945 2359 dürfte und sogar bitten muss für diesmal auf
407 2342 1986 2456 meine eigenhändige Unterschrift zu verzichten.
619 2434 1628 2572 Mit den herzlichsten Grüssen
899 2556 1022 2658 Ihr
1136 2629 1770 2770 Arthur Schnitzler.
2281 889 2802 1138 Fischer
3453 991 3895 1123 10. Mai 1920.
2831 1195 3337 1345 Lieber Freund.
2812 1368 3944 1520 Zu dem amerikapischen Antrag die
3299 1459 3405 1512 G.C.F.P.
2450 1461 4088 1630 Herausgabe meiner Gesammelten Warkenbetreffend.
2458 1589 4007 1718 noch einige Worte. Man müsste sich vor allem
2450 1687 3651 1815 über folgende Punkte vergewissern.
2664 1785 4031 1937 1. Ruf und Zahlungsfähigkeit des Verle-
2454 1905 2641 2043 gers.
2658 1911 3797 2053 2. Name und Ruf der nabersetzer.
2654 2029 4080 2157 3. Insbesondere war übersetzt die versifi-
2416 2129 2987 2253 -zierten Werke?
2666 2192 4074 2387 4. In welcher Reihenfolge soll die Heraus-
2456 2332 3299 2462 gabe der Werke erfolgen.
2658 2428 4027 2554 5. Entspräche die amerikanische Ausgabe
2442 2505 4062 2680 der deutschen? Oder sollen auch die seither er-
2460 2648 3938 2768 schienen Einzelwerke miteinbezogen werden?
2664 2725 4031 2857 6. In welchn Zwischenräumen sollten die
2454 2841 3427 2971 einzelnen Bände erscheinen?
2666 2934 4064 3130 7. Bis zu welchem Termin sollte das Gan-
2456 3034 3162 3179 ze erschienen sein?
2668 3160 3991 3293 8. Sollen die einzelnen Bände einzeln
