4440 4087
428 1093 1948 1219 informiert und möchte es heute nochmals tun.
439 1172 1944 1279 Frau Paukner ist die eine Person, der ich ge-
439 1225 1861 1317 stattet habe In meinem Namen über Abdruck
441 1262 1952 1370 von Novelle n von mir in Verhandlungen einzu-
443 1311 1993 1415 treten, immer natürlich mit dem ausdrücklichen
439 1377 1927 1468 Bemerken, dass ohne mein Einverständnis kein
450 1422 1929 1549 Vertrag geschlossen werden darf. Bisher ist
441 1479 1907 1571 durch ihre Vermittlung nur der Vertrag mit
454 1513 1961 1635 Thomas Selzer über „Caanovas Heimfahrt“ ab-
448 1571 1961 1688 geschla son worden. Damit ein Verleger nicht
441 1622 1903 1724 etwa einem Schwindler zum Opfer falle, muss
445 1675 1954 1775 er ja nichts weiter tun, als sich von dem be-
454 1718 1873 1820 treffenden Antragsteller, der ihm etwa ein
454 1780 1969 1876 Werk von mir offeriert, eine schriftliche Er-
462 1831 1907 1931 mächtigung vorweisen Tassen. Es existiert
458 1869 1931 1988 ferner ein Herr Joe Sternberg, als Vertreter
462 1931 1910 2037 des hiesigen Verlages Frisch & Co., dem ich
469 1969 2018 2101 gestattet habe Filmgesellschaften von Fall zu
462 2027 2057 2131 Fall Werke von mir anzubieten und Zeit chriften
465 2086 1907 2180 Novellen. Auch in diesem Falle ist es aus-
462 2108 2014 2242 drücklich untersagt einen Abschluss ohne mei¬
465 2170 2027 2283 ne Genehmigung zu machen. Wenn ein unternehmer
475 2219 2040 2336 von Herrn Sternberg die Vorweisung einer Voll¬
465 2268 2044 2385 macht verlangt, so kann er aus dieser Vollmacht
475 2332 1993 2430 nur ersehen, dass Herr Sternborg verpflichtet
480 2391 1856 2487 ist mich von jedem Antrag in Kenntnis zu
475 2434 1858 2540 setzen und zu dessen eventueller Annahme
471 2485 1976 2577 meine spezielle Ermächtigung abarten müsste.
471 2517 2044 2643 Durch Herrn Sternberg (über den ich Ihnen sei¬
480 2583 2031 2690 nerzeit genau berichtet habe) ist bisher kei¬
484 2632 1858 2734 nerlei Antrag an mich gelangt, überhaupt
484 2673 2046 2794 keine Nachricht seit er wieder in Amerika ist.
488 2734 2027 2869 Ich schrieb Ihnen in dem eben zitierten Brie-
490 2788 1997 2892 fe auch, dass Herr Sternberg die Absicht habe
484 2813 2059 2956 sich für nachträgliche Copy Right meiner nicht
484 2894 1925 2997 oopyrigheeten Werke in Amerika zu bemühen,
486 2941 2057 3039 was ich be reiflich erweise dankbar annahm, muss
484 2984 2020 3090 aber bemerken, dass auch hierüber ich nichtsv
492 3026 2014 3146 weiter von ihm erfahren habe. Dass Leute auch
484 3086 2044 3203 ihre Uebersetzungen copyrighten lassen, zu de¬
482 3150 2065 3244 nen sie vom Autor gar nicht autorisiert waren,
490 3199 2014 3329 insbesondere wenn das Originalwerk durch Co¬
3896 929 4199 1042 19/1 22
2553 1014 4175 1144 pyright nicht geschützt war.ist ein Uebelstand,
2570 1098 4158 1187 gegen den wir uns unter den bestehenden desola¬
2564 1142 4013 1234 ten Urheberrechtsverhältnissen zu schützen
3666 1176 4150 1283 Fall habe ich
2564 1211 3630 1287 ausser Stande sind. Den „Reigen
2568 1247 4090 1332 Ihnen ja auch seinerzeitmtgeteilt. Ein Ver¬
2562 1292 4118 1392 leger Tässt den „Reigen“ übersetzen, zahlt mir
2564 1362 4009 1441 mit Betonung des Umstands,dass das Buch ja
2564 1413 4047 1490 nicht copyrighted sei, ein Schandhonorar, das
2568 1460 4081 1534 ich nur als Vorschuss akzeptiere, das Buch er
2568 1517 4013 1588 sohe int, Subscriptionsausgabe, 7i Dollar das
2555 1534 4096 1650 Exemplar, die Uebersetzung ist copyrighted,so
2562 1613 4081 1699 dass also der Verleger auf Grund dieses Copy
2564 1660 4086 1739 right den ameri kanischen Gerichten gegenüber
2564 1707 4173 1792 wahrscheinlich das Recht hätte irgend eine an¬
2568 1741 4150 1854 dere von mir autorisierte Uebersetzung einfach
2564 1818 4120 1893 zu verbieten. Wenn der amerikanische Verleger
2568 1867 4118 1959 also im Einzelfall über ein klares Recht ver¬
2570 1929 4054 1999 fügen will, so hat er nichts anderes zu tun,
2572 1974 4022 2048 als,wie ich schon oben gesagt, den Antrag
2568 2016 4052 2112 steller um Vorweisung einer Vollmacht zu er
2568 2052 4098 2146 suchen oder sich einfach direkt an den Autor
2579 2106 4039 2197 zu wenden. Das Chaos existiert nur dadurch,
2570 2161 4066 2248 dass so und so viele Bücher überhaupt nicht
2577 2204 4090 2304 copyrighted sind, ferner dadurch,dass so und
2577 2244 4169 2364 so viele Uebersetzungen trotz vorhandenen Copy¬
2579 2323 4054 2410 Right unautorisiert erscheinen, dass manche
2577 2347 4103 2462 autorisierte nicht bezahlt werden. Dass sich
2572 2423 4098 2517 manche Uebers etzer oder Verlegerxglichfalls
2579 2464 4081 2549 direkt an mihh wenden, ist Ihnen gleichfalls
2579 2523 4026 2609 bekannt. So bewirbt sich eben der jetzt in
2587 2547 4188 2660 Wien anwesende Herausgeber einer amerikanischen
2583 2621 4173 2724 Zeitschrift „The Qual“ um das Vorabdrucksrecht
2583 2673 4077 2756 von Doktor Gräesler.Wegen der Buchausgabe
2579 2719 4139 2815 derselben Erzählung hat sich Salzer direkt an
2581 2790 4132 2873 mich gewendet, der In diesem Fall von der Ver¬
2579 2813 4292 2922 mittlung der Frau raukner keinen Fall gmacht gehen
2585 2888 4137 2979 hat. Hat es in einem solchen Fall einen Sinn,
2585 2935 4135 3018 eine Angelegenheit, die ich auf kürzestem Wege
2594 2982 4182 3078 persönlich erledigen kann, den Herren Kirpatrik
2592 3041 3998 3120 und Brandt zu übergeben? Bei alldem fühle
2592 3069 4147 3199 ich sehr gut, dass eine Zentralisierung mei-
