4466 4072
2320 790 2853 1011 Fischer
3577 912 3950 1017 23.3.1922.
2775 1000 2927 1085 G.H.F.P.
2520 1077 3016 1185 Lieber Freund.
2819 1161 4022 1279 Herr Harz sch rübt mir, dass Sie zu
2490 1225 4098 1327 ihm geäussert, Sie hätten für den „Reigen“ „kein
2496 1291 4072 1377 besonderes Interesse und sie wolltön gar nicht
2492 1349 3974 1420 glauben, dass er mir 25^ Honorar zahle. Hier
2498 1377 4076 1464 waltet wohl ein Missverständnis ob. Sie selbst
2486 1452 4068 1520 boten sich mir ja für den „Reigen" an, auf mei-
2486 1496 4078 1570 ne Papierbedenken hin erklärten sie, dass Ihnen
2498 1546 4092 1620 jedesfalls genug zur Verfügung stehen würde, nu
2492 1606 4042 1676 weil sie dann doch zögerten überliess ich das
2486 1646 3978 1714 Buch wieder Herrn Harz bis zur 100. Auflage,
2496 1688 4008 1780 nahm aber als ziemlich sicher xxx, dass xxxon
2492 1768 3950 1825 der 101.an in Ihren Verlag übergehen solle.
2518 1788 4068 1897 un aber bitte ich doch mir endlich ganz kliäpp
2496 1857 4102 1917 um klar zu sagen,ob sie den „Reigen haben wd
2490 1907 4072 1971 len oder nicht. Dass ich das Buch gern bei Ih-
2492 1963 4046 2019 nen sehe wie sen Sie, ebenso zweifeln Sie nicht
2486 2009 4022 2077 daran, dass mir allerlei andere Mögldchkeiten
2486 2065 4034 2147 offen stehen, vielleicht sogar finanziell aus-
2486 2105 3932 2183 sichtsreichere. Dass mir Harz 25% zahlt,
2486 2167 3938 2232 schrieb ich Ihnen schon seinerzeit; es lag
2486 2208 4078 2278 so kein rechter Anlass vor sich über seine Mit-
2492 2262 4074 2342 teilung zu verwundern. Trotzdem würde ich nicht
3777 2308 3990 2370 zu
2486 2312 3781 2398 anstehen dem Verlag Fischer den „Reige“
2486 2346 4020 2424 billigeren Bedingungen zu überlassen. 16% vom
2486 2420 3978 2482 Ladenpreis schiene mir allerdings in diesem
2490 2458 3974 2542 Fall recht wenig, wie es mir ja überhaupt in
2498 2504 4084 2588 jenen wällen, wo eine gewisse Auflagenzahl über-
2484 2570 4072 2635 schritten ist, als zu geringer Perzentsatz er-
2484 2619 4056 2693 scheint. Aber ich denke nichts anderes zu for
2490 2675 3998 2745 dem als was Sie Ihren übrigen bestbezahlten
2490 2701 4074 2815 Autoren zahlen. Auch was die gesammlich Werke
2486 2775 3908 2823 anbelangt, betreffs deren die Honorarfrage
2484 2811 4026 2889 noch immer schwebt, nehme ich als selbstver¬
2496 2871 4038 2933 ständlich an, dass Sie mir genau dieselben Be-
1736 2849 1863 2943 8.e. a
2492 2917 4018 2981 dingungen gewähren wie Gerhart Hauptmann und
2496 2965 3974 3034 ich glaube, da es sich hier nur um gebundene
2484 3020 4052 3114 Exemplarehandelt, dass der Autor nicht von dem
