8875 4042
3332 970 3746 1094 1. Mai 1920.
2252 956 2756 1174 Fischer
4778 1218 5542 1348 Ihnen zu übermitteln.
2764 1210 3284 1374 Lieber Freund.
4980 1304 6174 1448 Der Vizedirktor des Athenaeum. Herr
4814 1394 6374 1576 Koloman Lasswitz,war vor wenigenTagen bei mir
2736 1390 4030 1578 Den endgültigen Abschluss mit Ungarn
2434 1538 4086 1692 über „Die Schwestern“ nehme ich gern zur Kennt-
4784 1502 6388 1644 und hat mich gleiczeitig ersucht dem Athenaeum
4796 1612 6386 1736 die ungarische Buchausgabe der „Schwestern" zu
2440 1614 4042 1810 ni. Selbstverständlich sind Sie ganz im Recht
4788 1714 6382 1856 überlassen. Bedingungen 10% vom Ladenpreis pro
2434 1730 4046 1884 mit Ihrem Wunsch, dass ich Ihnen einmal gegebe-
4794 1812 6362 1938 Exemplar. Sie wollen etwa 2000 drucken und im
2452 1840 3976 1998 ne Ermächtigungen stets im Sinne einer ver-
3856 1876 4030 1962 kirche
4808 1896 6446 2040 Vorhinein bezahlen (oder zum mindesten den grös-
2478 1918 4088 2106 traglichen Abmachung auffassen möge. Nur stimmt
4808 2012 6398 2150 seren Teil garantieweise. Ich habe Herrn Lass-
2464 2016 4048 2204 das soweit ich unsere Korrespondenz überbli-
4808 2104 6398 2240 witz gesagt, dass eine Uebersetzung durch Herrn
2478 2128 4074 2306 cke,in diesem „Schwestern-Fall nicht zu, da ja
4790 2222 6428 2338 Kostolany bereits angefertigt werde, verständige
2484 2232 4080 2392 Ihre, resp. die Marton'schen Verhandlungen ohne
4814 2302 6398 2462 ihn heute von dem afolgten Abschluss und bitte
2500 2360 4034 2528 vorherige Einholung meines Einverständnisses
4800 2412 6438 2542 ihn sich wegen alles weiteren mit Ihnen in Ver-
2494 2444 4122 2606 erfolgt waren. Aber nun ist die Sache ja geord-
4820 2528 6440 2664 bindung zu setzen. Eben fällt mir übrigens ein,
2508 2516 4110 2702 net und erledigt. Es hin bleibt also weiterhin
4800 2622 6464 2732 dass er von Wien nach Berlin gereist ist und die
2494 2652 4116 2824 dabei, dass Sie mit dem Ausland ohne meine aus-
4808 2730 6380 2848 Absicht aussprach sie persönlich aufzusuchen.
2518 2742 4172 2928 drückliche Ermächtigung keinen Abschluss machen,
5058 2806 6356 2954 2. Erfreulibh ist mir der Antrag, den
2518 2860 4070 3008 wohingegen aber ich mich verpflichte Sie von
4812 2922 6318 3058 Sie aus Amerika eine englische Gesamtausga-
2538 2970 4164 3122 durch mich gemachten Abschlüsse unverzüglich in
4824 3030 6422 3150 be meiner Werke betreffend erhalten haben und
2542 3050 4046 3236 Kenntnis zu setzen, resp. Anträge fallweise
4820 3144 6402 3312 ich ermächtige Sie gern in dieser Angelegen-
8412 860 8654 1048 1/2 w
6850 1054 8450 1308 heit weiter zu verhandeln. Ich darf wohl über-
6888 1246 8428 1410 zeugt sein, dass Sie sich über den Verlag, die
6894 1360 8470 1494 in Aussicht genommenen Uebersetzer und sonsti
6894 1454 8458 1610 ge Einzelheiten eingehend informieren werden.
6896 1552 8392 1690 Natürlich wird es nicht angehen,während der
6890 1650 8422 1788 Dauer Ihrer Verhandlungen allen übrigen ame-
6890 1760 8432 1888 rikanischen Angelegenheiten ruhen lassen. Ge-
6890 1850 8422 2002 rade in der letzten Zeit sind einige Anträge
6888 1968 8308 2128 an mich gelangt, so z.B. der Antrag eines
6890 2066 8442 2184 Herrn Theis, Die Hirtenflöte" betreffend, die
6906 2174 8404 2318 ich direkt an Hans Bartsch überwiesen habe.
6900 2286 8408 2398 Sie werden mir wohl recht geben,wenn ich in
6906 2378 8434 2532 solchen Fällen,um ganz überflüssige Verzöge-
6902 2482 8490 2596 rungen zu vermeiden, nicht überdies noch Ihren
6918 2582 8504 2732 Verlag als zwischenstation aufrichte. Auch eine
6912 2686 8458 2838 Privatausgabe des „Reigen“ wird vorbereitet,
6918 2776 8398 2920 was ja in keinem Fall in das Bereich Ihrer
6918 2882 8458 3032 Verlagsinteressen fällt. Die Bedingungen für
6912 2976 8470 3142 die amerikanische Gesamtausgabe 10-15% (hof-
6918 3036 8544 3254 fentlich werden es 15) vom verkaufte Exemplark
