4419 3994
2018 777 2127 972 e
3141 928 3504 1048 25.5.1917.
2103 850 2508 1054 Fischw.
31 897 1604 1067 haben ihn zum Verzicht auf den "Bernhardi" zu
29 1075 1673 1193 bewegen. Iff wenigen Tagen hoffe ich Ihnen Nahh-
2659 1052 2783 1152 G.H.F.P.
12 1168 804 1298 richt geben zu können.
2456 1162 2954 1288 Lieber Freund.
201 1282 1571 1377 Ich lese eben die Korrektur des „Doktor
2520 1336 3802 1472 Von Barnowsky habe ich ein telegramm
35 1344 1640 1468 Graesler". Ob drei Mark ein nicht doch zusteu¬
2183 1439 3808 1551 bekommen, in dem er mich dringend bittet „Bern-
39 1476 1580 1590 erer Preis für das kleine Buch sein wird? Ob
3027 1538 3740 1652 zur erhalten, gleich
2179 1565 3035 1660 hardi" dem lessingtheate
2952 1621 3033 1658 3t
50 1559 1683 1679 der Absatz eines zwei Mark-oder zwei Mark fünf-
2177 1640 3746 1749 darauf einen brief von Eloesser mit gleicher
43 1644 1619 1797 zig-Bändchens sich nicht mehr rentieren würde?
2553 1728 2872 1807 licherungen
2185 1730 3817 1852 Bitte, Versprechungen u.s.w. Ich habe mich noch
29 1788 1166 1879 noch das müssen Sie entscheiden.
2185 1838 3843 1954 nicht entschieden. Für die nächste saison steht
248 1875 1472 1993 Die letztgedruckten Auflagen meiner
2183 1948 3753 2057 bei Barnowsky vorläufig das „Neite Land" mit
48 1983 1588 2094 gesammelten Werke habe ich nicht zu Gesichte
2167 2055 3657 2148 Bassermann in Frage und dass ich auch mit
62 2059 1658 2216 bekommen, so bitte ich sie recht sehr nachsehen
2187 2138 3804 2252 einem neuen tück zur Stelle bin liegt keines-
52 2163 1702 2291 zu lassen, ob die Verbesserung des fürchterlichen
2185 2231 3823 2359 wegs ausserhalb des Bereichs jeder Möglichkeit.
56 2303 1675 2407 Schreib- oder Druckfohlers im 2.Absatz der „Ber¬
2179 2332 3773 2456 Und eigentlich erscheint es mir in jedem Sinn
66 2378 1544 2493 ta Garlan“ endlich durchgeführt worden ist.
3490 2423 3912 2495 over auch mehr.
2187 2456 3841 2562 recht vorteilhaft für mich an einigem zwei Bez-
74 2458 1658 2591 (Es muss heissen: „War sie heute niemandem be-
2185 2549 3769 2677 iner Bühnen mit verschiedenen stücken zu er-
60 2578 1584 2696 gegnet nicht einmal der alten Frau“ - statt:
2183 2640 3744 2787 scheinen. Jedenfalls erwarte ich noch, wie ich
68 2704 1629 2791 Hatte sie heute niemandem begegnet nicht ein¬
2179 2742 3843 2890 auch dem lessingtheater geschrieben habe,präzi-
68 2816 732 2890 mal die alte Frau.)
1520 2841 1726 2942 Pour une évouement dʼautre
221 2876 360 2928 accembre
2189 2847 3753 2992 sere Vorschläge resp. Verträge.Bernhardi mit
263 2851 1540 3019 Darf ich Sie bitten mir gelegentlich
2187 2983 3839 3110 Bassermann wäre ja wohl dem Bernhardi am Schil-
76 2988 1673 3095 drei Exemplare „Der Weg ins Freie“ geb. zusen.
72 3062 1284 3178 den zu lassen. - Herzlichst grüssend
2185 3058 3829 3211 lertheater vorzuziehen; aber ponhardi Schiller-
719 3124 827 3211 Ihr
