4437 4040
448 1052 1867 1194 der Zeitpunkt nicht günstig gewesen wäre,
442 1176 1919 1299 darüber sind wir wohl alle einig. Dass ein
450 1273 1913 1399 günstigerer in ziemlich unverantwortlicher
448 1383 1935 1520 Weise versäumt worden ist, aus dieser Meiner
442 1476 2006 1598 Ansicht habe ich Reinhardt gegnüber kein Hehl
448 1582 1943 1696 gemacht. Noch immer aber bin ich der Ueber-
442 1680 1937 1803 zeugung, dass wenn irgend möglich die Urauf-
444 1781 1911 1907 führung gerade des „Reigen" doch nur unter
438 1873 1985 1996 Reinhardts Aegide stattfinden sollte. In den
444 1992 2020 2110 Verträgen mit Hamburg und Frankfurt wurde doch
448 2092 1917 2206 wohl - wie ich immer wieder betonte - die
438 2182 1985 2337 Bedingungen festgesetzt, dass ganz unabhängig
438 2279 1991 2427 von einer eventuellen Verschiebung oder viel-
442 2389 2004 2521 mehr unbeschadet einer solchen die Aufführung
442 2487 1951 2642 keineswegs vor Berlin stattfinden dürfe? Es
442 2608 2016 2724 mussten also sowohl Ziegel wie Hellmer auf ei-
448 2686 2010 2839 ne solche Eventualität gefasst sein. Ich wäre
436 2809 1994 2941 natürlich ganz gern geneigt eine gleichzeiti-
442 2887 2040 3027 ge Uraufführung zu gestatten,wenn sich derglei-
444 2999 1937 3118 chen mit Sicherheit durchführen liesse. Aber
432 3096 1875 3280 Sie kennen jaReinhardt so gut wie ich. Die
4007 837 4178 958 1r 20
2403 1088 3985 1251 Uraufführung mag für den soundsovielten fest-
2403 1211 3935 1365 stehen, Hamburg und Frankfurt rüsten sich für
2409 1297 3887 1451 dengleichen Tag, Reinhardt sagt am Vorabend
2407 1403 3931 1554 ab und die Aufführung an den anderen Bühnen
2415 1504 3917 1644 wäre dann doch nicht mehr aufzuhalten. Dies
2423 1614 3995 1759 ein zu argos pisiko. Ich will ehebaldigst
2419 1716 3931 1883 an Reinhardt schreiben und lasse die beiden
2415 1807 3989 1963 Direktoren mit Rücksicht auf die hier darge-
2427 1901 3955 2072 gelegten gründe ersuchen sich noch ein wenig
2421 2058 2857 2188 zu gedulden.
2696 2114 3977 2265 5. Für Ihre eingehenden Ausführungen
2433 2236 3945 2355 über Papiernot und sonstige Schwierigkeiten
2441 2317 3883 2475 bin ich Ihnen sehr dankbar. Muss ich auch
2439 2417 4019 2580 den Vorwurf der Ungeduld als den des Grundfah¬
2439 2540 4001 2676 lers meiner Natur in aller Ergebenheit hin -
2453 2618 3973 2788 nehmen, den der Skepsis lehne ich ab und ich
2453 2710 4029 2877 wünschte nur, dass Sie, lieber Freund, stets mit
2453 2819 4023 2979 der gleichen Bereitwilligkeit meine Erwägun-
2459 2931 3897 3084 gen zu würdigen geneigt wären als ich die
2461 3025 4049 3210 Ihren. Auch diesmal bin ich fern davon die un-
