4461 4058
424 977 1905 1121 Hebernehme und wohlfeil rücksichtsloser Ab
436 1065 1909 1155 schüttelung von Verpflichtungen durch unan
438 1105 1983 1203 gebrachte Nachsicht zu unterstützen. Ich hoffe
436 1167 1841 1259 Sie, verehrter Herr Greimer, und den Verlag
442 1215 1979 1305 in dieser Auffassung auf meiner Seite zu fin-
444 1273 1935 1393 den und bin mit den verbindlichsten Grüssen
923 1325 1567 1419 Ihr sehr ergebener
456 2922 1665 3046 Herrn Leo Greiner,S.Fischer.Verlag.
462 3018 716 3104 Berlin.
2424 778 2868 963 Sider
3538 897 3906 1009 23.3.1922.
2399 1051 3368 1147 Sehr verehrter Herr Greiner
3230 1105 3398 1181 3m
2782 1167 3826 1239 Dass Herr Bartsch es abgelehnt
2406 1199 3944 1291 hat für uns die Gelder vom Alien Property Cu¬
2418 1285 3950 1359 stodian einzukassieren ist einigermassen auf-
2418 1323 3976 1401 falle nd. Felix Bleah Erben antwortete mir neu
2418 1377 3962 1459 lich auf meine die amerikanischen Gelder be-
2414 1437 3896 1497 treffenden Fragen folgendes: 1. Die bei dem
2412 1485 4005 1563 A.P.C. krkiega in Washington erliegenden Beträ-
2412 1541 3932 1607 ge sind noch nicht frei und daher nochnicht
2408 1581 3976 1651 ausgezahlt worden. 2. Wir haben unsere Ansprü
2408 1643 3992 1705 che durch anseren Vertreter in Amerika ordnung
2412 1701 4005 1773 gemäss angemeldet, 3.die Forderung auf Freigabe,
2408 1739 3920 1813 resp. Auszahlung der beim A.P.C. erliegenden
2408 1789 3900 1869 Beträge dürfte nur durch die Person möglich
2402 1839 3366 1931 sein, die sie hinterlegt hat.
2776 1915 4015 2005 Mir ist es natürlich immer lieb,wenn
2399 1967 3990 2061 Herr R. ausgeschaltet werden kann, aber wenn er
2399 2057 3958 2123 sich selbst ausschaltet werde ich bedenklich.
2406 2095 3978 2161 Jedesfalls haben Sie alen Grund die Angelegen-
2399 2151 3946 2221 heit den Herren Braudt & Zirpatrik zu überge-
2406 2189 3960 2261 ben, die sichhoffentlich als verlässlicher er-
2408 2249 3864 2319 weisen werden und ich betone nochmals, dass
2402 2269 4003 2365 wenn die betreffenden Beträge frei werden soll
2406 2359 3954 2420 ten dass sie drüben in der Ihnen schon bkann-
2408 2393 4017 2472 ten Bank hinterlegt werden, ganz in Ihrem Sinn,
2402 2442 3876 2510 der auch Jn diesem Fall auch der meine ist,
2399 2512 3942 2576 werde ich die auf sie entfallende provision
2406 2550 3936 2624 in der Originalvaluta von Ladenburg Thalmann
2399 2610 3964 2676 & Co. aus auf das Konto Verlag s.Fischer,Deut-
2402 2656 3880 2732 sche Bank, Berlin überweisen lassen,wenn Sie
2399 2670 3968 2778 mir nicht eine andere Adresse angeben. Sie in¬
2406 2764 3994 2832 formieren Brandt & Kirpatrik wohl auch des Ge¬
2406 2804 3890 2874 nauern über die bei den A.P.C. erliegenden
2406 2856 3878 2922 Beträge und erwähnen bei dieser Gelegenheit
2399 2880 3984 2982 dass die Creenich-Plagers nach Herrn Bartsohs
2440 2970 3920 3064 ngaben ausser den 300 Dollar,die bei der A.
2500 3008 3820 3082 erliegen, noch eine weitere Summe von
2393 3050 3846 3174 gleichfalls mindestens 300 Dollar entweder
