4417 4039
317 1048 1981 1201 meines Briefes an Direktor Reuker damit Sie auch
1196 1163 1319 1218 arme
323 1194 1985 1268 über diese Angelegenheit völlig informiert seien.
332 1251 1991 1361 Ich habe auch Dr. Reuker gebeten fällige Tantiemen
323 1346 1943 1471 vorläufig bei einer Schweizer Bank zu hinterle-
334 1446 1974 1526 gen (ich weiss noch nicht, welche man mir empfeh-
323 1524 1976 1630 len wird) und erlaube mir zugleich bei Ihnen an¬
319 1617 1947 1757 zufragen, ob Sie das gleiche Verfahren auch hin -
319 1727 1913 1841 sichtlich der auf Ihren Verlag entfallenden 7%
317 1852 1949 1968 in Anwendung gebracht wissen wollen oder ob ich
313 1945 2012 2078 die betreffenden Beträge direkt an Sie überweisen
311 2048 833 2167 lassen soll. W
662 2126 1938 2283 Würde es Ihnen besondere Umstände ma-
326 2245 1847 2365 chen mir die Verrechnungen für die deutschen
317 2355 1938 2475 und für die fremdsprachigen Aufführungen meiner
311 2454 1947 2558 Stücke zu grösserer Uebersichtlichkeit getrennt
328 2549 1902 2653 (wenn natürlich auch zutleich) zu übermitteln?
300 2680 1898 2790 So also diesmal z.B. die holländische Verrech-
309 2773 501 2868 nung.
683 2837 1949 2976 Wenn Sie von Herrn Linden bisher nie
313 2961 1959 3088 eine Garantie verlangt haben, so bitte es natür-
4001 814 4109 960 P7
4132 846 4270 1004 20
3891 894 3989 1044 3
2632 1053 2801 1131 auch
2532 1063 4056 1182 lich bei den „Schwestern" nicht zu tun. Ist
2556 1148 4158 1311 Ihnen vielleicht zufällig etwas überdie bevor-
2568 1264 4058 1393 stehende „Reigen-Aufführung bei Reinhardt
2568 1357 4084 1488 bekannt? Ende Dezember erhielt ich ein Te¬
2570 1446 4145 1602 legramm, dass sie vertragsgemäss Ende Januar
2570 1592 4050 1710 stattfinden werde. Ueber Inszenierung-
2577 1649 4185 1782 Betzung etc. erhielt ich trotz telegraphischer
2572 1776 4162 1917 Aufrage keine Auskunft. War vielleicht in den
2566 1909 3462 2010 Zeitungen etwas zu lesen?
2816 1955 4208 2124 Die Aufführung der „Schwestern“ hier an.
2577 2101 4149 2232 Burgtheater dürfte kaum vor März statt finden.
2583 2211 4031 2319 Bei Reinhardt, wenigstens unseren Kontrakt
2577 2272 3676 2431 zufolge, spätestens 31.März d.J.
2818 2386 4035 2511 Eben sind die zwei neuen Wände vom
2570 2479 4158 2646 Kerr angelangt, lassen Sie sich hiefür wie für
2579 2579 4189 2731 manche andere interessante Sendung der letzten
2577 2678 4109 2856 Zeit herzlichst danken. und seien Sie viel-
2585 2816 3221 2955 mals gegrüsst von
3173 2898 3374 3023 Ihrem
