4416 4088
363 983 1934 1137 Verbindung mit Italien angeknüpft,die mir gün-
367 1092 1887 1179 sti ere Chancen als die bisherigen zu bieten
363 1124 1978 1234 scheint, und vorläufig liegen mir Anerbieten für
369 1194 1908 1278 dinzelne meiner Novellen, sowie für „Anatol“.
373 1236 1946 1329 vor. Frau Vivanti hat mir geschrieben, dass sie
367 1280 1978 1383 das Buch eben übersetzt,um es der Zensur vorzu¬
373 1347 2018 1438 legen, die begreiflicherweise nicht deutsch ver¬
369 1371 2064 1487 steht (genau so wie bei uns) und dass sie mir bald
377 1444 1980 1579 Näheres berichten werde. Ich habe um möglichste
375 1518 1179 1620 Beschleunigung gebeten.
612 1579 2041 1674 Aus Kopenhagen erhielt ich heute durch die
377 1638 1997 1725 Vermittlung der Eidgenössischen Bank 532 Kronen
377 1676 2033 1788 50,umgerechnet auf Frcs. 517.05. Ich Weiss nicht,
382 1752 1921 1830 vofür diese Summe bestimmt ist. Falls es sich
390 1801 2020 1902 nier um eine durch Ihre Vermittlung abgeschlosse
396 1868 2003 1930 e Sache handeln sollte, wie ich annehme, würden
409 1898 2027 1995 wie mir nicht gestatten, dass ich Ihnen die Ihneu
411 1953 2045 2029 ukommende Provision in der Originalvalute Francs
399 2005 1885 2088 .urch die Eidgenössische Bank an eines Ihrer
396 2033 1993 2140 erlliner Konto überweisen liesse? Das wäre doch
420 2096 2045 2187 allen diesen Fällen das weitaus Einfachste für
432 2151 2027 2244 is. Bloch macht es noch einfacher,er zieht sich
420 2210 1936 2288 leich in der Originalvalute sine Perzeute ab
411 2246 2027 2355 nd schickt mir den auf michsntfallenden Anteil.
656 2336 1927 2427 Folgendes wird Sie interessieren.Herr
369 2410 1957 2480 Bartsch hat an den Verlag Karczag geschrieben,
373 2457 1997 2554 Sr Wäre in der Lage die bei der Alian Custodian
369 2505 2005 2604 Inshington erliegenden Beträge mit einem klänen
377 2556 1993 2655 Abzug von 10-20% sofort auszuzahlen bereit sei,
384 2600 2033 2691 Andernfalls müssten die bereffenden Autoren oder
388 2661 2035 2748 Verlage noch 4-6 Wochen warten. Ich entnehme da¬
420 2708 1908 2786 aus, dass der Flüssigmachung der während des
382 2739 2014 2845 Miegs zurückgehaltenen Tantiemen von Seite des
388 2796 2035 2906 M.A.C. keinerlei Hindernisse mehr im Weg stehen.
394 2862 1877 2946 h bitte Sieb daher die Sache nochmals bei
390 2910 1972 3024 Gartsch zu urgieren und insbesondere mit aller
375 2954 2043 3072 margie darauf zu batehen, dass er sich nicht am
375 3018 1858 3106 ###de einfallen lässt nach eigener Umrehnung
460 3032 1938 3169 entuell zum Vorkriegskurse, die Dollars nach
4045 732 4331 869 1:-m2+
2564 930 4152 1082 Europa herüberzusenden, sondern dass er jeden-
2579 1027 4158 1137 falls die für mich bestimmten Tantiemen direkt
2579 1084 4188 1183 an mein Konto in New-York bei Ladenburg Thalman
2579 1126 4184 1236 & Co einzahlen möge. Ich mache auch darauf auf-
2573 1187 4156 1301 merksam, dass die 10% des Vertreters in der mir
2581 1244 4123 1331 vorliegenden Verrechnung vom 22.Okt.1919 be¬
2590 1286 4104 1388 reits ab exogen sind. Es handelt sich um 300
2579 1316 4180 1444 Dollar für die „Komödie der Worte“ und 162 Dol
2585 1381 4186 1506 lar für den „Einsamen Weg“,zusammen 462, abgezo¬
2585 1434 4201 1548 gen 4% bleibt 116. Nachher sind von den Green -
2590 1472 4177 1594 wich Village Players,New-York weitere 300 Dol
2592 1550 4034 1641 lar fällig geworden und von diesen,wie mir
2590 1598 4194 1693 Bartsch seinerzeit schrieb, direkt nach Wishing
2596 1645 4169 1750 ton gezahlt worden. Sie erinnern sich, dass uns
2590 1689 4173 1805 vor etwa 1½ Jahren durch Herrn Bartsch Dollars
2590 1748 4173 1843 zugekommen sind,umgerechnet nach dem Kurse vom
2590 1795 4199 1904 Jahre 1915 etwa. Da die Dollars nach Washington
2587 1851 4199 1953 selbstverständlich in der Originalvaluta einge¬
2592 1896 4180 1997 zahlt worden sind, so wäre jeder Versuch einer
2592 1953 4201 2056 Umrechnung, insbesondere nach einem früheren Ku
2592 2018 3568 2128 milde ausgedrückt, unerlaubt.
2847 2075 4188 2193 Sind einige unserer gemeinsamen Anjel###
2598 2147 4156 2250 heiten indessen weiter gerückt? Insbesondere:
2598 2225 4163 2324 Weites Land,Amerika,Wotieky;  Reigen  (ngl.Aus-
2602 2282 4184 2383 gabe Berlin Mankiewicz; Grüner Kakadu und Para
3444 2326 3747 2402 G.C.M
2602 2345 3140 2440 zelsus Holland?
2834 2408 3541 2547 Mit herz lichem Gruss
3121 2490 3216 2577 Ihr
