4428 3992
565 828 710 953 Votre
369 949 1994 1104 ziell angedeutet, dass die zuständigen Behörden
371 1071 1888 1189 Papier ohneweiters zur Verfügung zu stellen
384 1191 2039 1300 bereit sein dürften,wenn xxxxbetraffendenxxtsxx
378 1298 1956 1428 xxxeinem Teil des Reinertrages Kriegsfürsor-
384 1418 1946 1519 gezwecken zufiel. Sollten Neuauflagen meiner
386 1471 1930 1604 Ces.W. auf andere Weise nicht zu ermöglichen
386 1577 2016 1719 sein, so teile ich Ihnen für alle Fälle mit, dass
390 1674 1989 1824 ich gerne zehn Perzent meines Honorars solchen
627 1785 708 1849 zu
388 1818 1975 1909 Zwecken widmen xxxx bereit wäre. Wie nun im¬
382 1895 1992 2027 mer die Dinge weiterlaufen sollten, es wäre mir
400 1967 2000 2136 jedenfalls eine erfreuliche Aussicht Sie Mitte
388 2119 1779 2210 März wieder in Wien begrüssen zu können.
621 2196 2016 2334 Zum „Weg ins Freie“ möchte ich bemerken,
388 2297 1967 2413 ob man bei den bevorstehenden Neuauflagen die
388 2406 1938 2518 Einbeziehung in Ihre Drei Maß fünfzig - Ausgabe
376 2510 1298 2637 in Erwägung ziehen könnte.
636 2642 2002 2728 Vor etwa drei Wochen telegraphierte ich
388 2726 1895 2819 an Ihren Verlag, dass ich die Aufführung der
396 2838 1892 2931 „Grossen szene“ anlässlich eines Frontgast-
1540 2883 1641 2953 A.M.
407 2912 535 2966 G.C.F.P
388 2926 1936 3025 spiels in Kolmar gerne gestatte. Nun erfahre
394 3030 2047 3164 ich von meinem Schwager, der in dem Stück spielen
2468 1042 4059 1193 sollte, dass keinelei Erledigung erfolgte und
2474 1178 4078 1308 dass er so darauf verzichten musste,in diesem
2468 1298 4090 1436 Einakter aufzutreten. Haben Sie mein Telegramm
2483 1405 3261 1525 damals nicht erhalten?
2652 1471 3995 1608 Moissi als Casanova wärenatürlich sehr
2673 1591 2759 1630 —
2483 1601 4092 1723 wünschenswert,auch ist er von Reinhardt dafür
2479 1692 4028 1828 in Aussicht genommen; unerlässlich erscheint
2479 1793 3923 1952 mir seine Mitwirkung aber in diesem Falle
2485 1923 2695 2025 nicht.
2654 1983 4026 2128 Werden Sie nun aber für meine Casanova-
2485 2107 4064 2229 Novelle enug Papier haben? Und haben Sie die
2483 2202 4140 2357 Frage einer Luzusausgabe schon in Erwägung gem.
2489 2336 2650 2443 gen?
2662 2396 4004 2559 Bitte depeschieren Sie rechtzeig,falls
2485 2520 3506 2654 Sie nach wien kommen sollten.
2999 2623 3387 2763 Herzlichst
3110 2728 3240 2864 Ihr
