4482 3993
376 915 835 1072 tracht kämen.
610 1022 1865 1172 Wie steht es denn nun eigentlich mit
346 1117 1899 1242 Neuauflagen meiner Werke? Am wichtigsten wäre
346 1221 1848 1346 mir der nun schon so lange vergriffene „Weg
359 1336 1901 1480 ins Freie. Sie drucken die 40,-50. Auflage vom
370 1453 1877 1559 „Ketzer" (ich wünsche ihm vom Herzen weitere
359 1525 1971 1650 100,drucken 8 neue Auflagen des „Gänsemännchens“
374 1652 1877 1784 (dem ich das gleiche wünsche) und weiss Gott
367 1733 1939 1873 was noch alles., wonach die Nachfrage kaum viel
361 1829 1839 1971 grösser sein dürfte als nach dem einen oder
361 1939 1903 2105 anderen meiner Bücher; wenn ich diese Perzen-
361 2028 1289 2173 tualität verstehen soll....
663 2128 1807 2238 Vielleicht haben Sie die Güte mir
365 2230 1880 2381 gelegentlich das Pundschau-Honorar für meine
367 2370 1295 2489 Novelle anweisen zu lassen.
856 2432 1240 2557 Herzlichst
1206 2521 1336 2653 Ihr
3534 915 3867 1092 8.7.1918.
2406 913 2748 1075 eschit
2897 1255 3394 1395 Lieber Freund,
2859 1383 3857 1514 Ich bitte das Manuscript der
2396 1482 3954 1601 „Schwestern“, das bei Ihnen in Verwahrung ist,
2391 1586 3865 1731 nun in Druck geben zu wollen. Vorher bitte
2381 1684 3984 1837 in diesem Manuscript die auf beigeschlossenen
2381 1797 4035 1916 Blättern angeführten kleinen Aenderungen durch-
2381 1892 3886 2003 führen zu lassen. Tunlichste Beschleunigung
2381 1981 3993 2100 wäre mir sehr erwünscht. Ich ersuche um Zusen-
2385 2094 3999 2255 dung des Ganzen auf einmal in drei Exemplaren,
2372 2196 3056 2328 etc. wie gewöhnlich.
2587 2296 4071 2413 2) Meinhard und Bernauer werden sich wegen
2393 2398 3995 2540 „Ruf des Lebens“ an Sie wenden,bitte den übli-
2393 2495 3825 2623 chen 10%igen Vertrag mit ihnen zu machen.
2616 2595 3912 2725 3) Fräulein Löwenstamm teilt mir mit,
2379 2731 3974 2822 dass in den letzten Auflagen der Gesammelten
2383 2808 3946 2980 Werke ihre Radierung fehlt. Wenn das stimmen
3566 2905 3738 2977 recht
2379 2907 4082 3018 sollte, was ich eigentlich gar nicht glauben kann,
2387 3011 4086 3152 so ersuche ich das Porträt den künftigen Auflagen
