4424 4007
332 1027 1892 1182 gewahrte isten wollen. Dass er augenblicklich
359 1146 1934 1249 nicht viel mehr tun kann als er tut, das besta-
347 1218 2006 1349 tigen sie ja selbst mit der Bemerkung, dass unter
353 1338 1875 1473 den derzeitigen Umständen die Neuherstellung
364 1448 1938 1560 weiterer Werke in Wien ganz lahmgelegt sei; R.
355 1520 1983 1683 müsste, sich also jedenfalls wie die Dinge heute
361 1651 1915 1776 stehen auf eine rein administrative Tätigkeit
370 1744 1919 1869 beschranken. Aber haben sie überhaupt die Ab-
374 1845 1913 1968 sicht ihm wesentliche Entscheidungen anzuver-
359 1947 1947 2065 traüen? Denken sie daran ihm Annahme oder Ab -
1230 2019 1625 2090 Zu überlassen
385 2046 1955 2177 lehnung von Mahuscripten anzuvertrauen,die Ih¬
370 2156 2019 2255 vom Verlag angeboten werden? Hat er sich nur auf
361 2238 1970 2348 Empfehlungen,Anrepungen zu beschränken, ja, er¬
378 2363 2021 2452 warten sie solche überhaupt von ihm? Diese Dinge
368 2441 2017 2562 sind mir eigentlich nicht vollkommen klar. Möch-
370 2566 1928 2680 ten sie mir gestatten oder vielmehr erschiene
370 2653 1913 2775 es Ihnen wünschenswert, dass ich einmal mit R.
378 2765 1962 2885 über diese Fragen rede, bei welcher Gelegenheit
374 2858 1959 2963 ich ihm se betverständlich nicht verschweigen
376 2959 1991 3111 würde.dass und warum mir einzelne seiner Forde-
2380 924 4067 1163 rungen nicht am Platze scheinen. Ich will natür-
2389 1118 4061 1218 lich nur dann mit ihm sprechen, wenn sie sich ir¬
2382 1228 4067 1351 gend einen Vorteil für Ihre weiteren Beziehungen
2380 1319 4069 1442 mit ihm davon vorsprechen.sonst äussere ihh mich
2391 1404 3972 1526 gar nicht. Bei meiner Meinung, dass sie keinen
2391 1511 4090 1653 fleissigeren und verlässlicheren Beamten bekommen
2384 1628 3018 1757 können, bleibe ich.
2655 1680 3991 1864 Herr Rotter vom Trianontheater hat mir
2380 1816 4069 1991 nochmals wegen des „Reigen“ geschrieben und mir
2386 1917 3995 2033 ganz ungewöhnlich günstige Bedingungen vorge -
2386 2021 4027 2164 schlagen. Zugleich schreibt er mir.dass er sich
2389 2116 4033 2251 auch für den „Ruf des Lepens“ interessiert. So¬
2397 2222 3991 2361 weit ich über Berliner Theaterverhaltnisse un-
2380 2312 4022 2441 terrichtet bin, eignet sich wohl weder das Tria¬
2389 2429 3987 2577 non-noch das Residenztheater für dieses Stück.
2389 2556 2803 2670 nicht wahr?
2630 2617 3993 2746 Neulich sandte ich Ihnen einen auf „Ca-
2389 2716 4075 2843 sanovas Heimfahrt" bezüglichen Antra aus Schwo¬
2395 2830 4027 2959 den ein. Ich denke wohl, dass xxx für das Ueber-
2386 2947 4003 3071 setzungsrecht tausend schwedische Kronen ver¬
