4413 3991
793 777 998 959 Puis
308 1050 1944 1160 mit Helmer - den Geheimrat Zeiss mitteilte, gab
312 1142 1948 1245 dieser seiner persönlichen Gekränktheit überra-
308 1234 1976 1347 schend lebhaften Ausdruck in einem Schreiben,
308 1358 1902 1441 das mich meine Entscheidung, die mich aus Rück-
304 1428 2059 1581 sicht auf Helmer auf Zeiss, so gar keine Rücksicht
1153 1524 1568 1616 une doch vielleicht
570 1520 701 1590 lassen
170 1470 277 1651 Culle
310 1550 1895 1651 nehmen liess, beinahe als etwas zu voreilig ge-
561 1623 653 1697 fest
297 1629 1869 1784 troffen, bedauern liess.Sollte also Helmer,was
297 1734 1961 1852 mir huö höchst erwünscht wäre, von seinem Vertra-
297 1850 1893 1961 ge zurück treten, so wird es mir ein ganz beson¬
293 1944 1959 2061 deres Vergnügen sein, den „Fliederbusch“ an Zeiss
1454 2040 1885 2118 1 1/2 rt
286 2051 1863 2168 z u überlassen, und zwar, um jeder Missdeutung,
297 2140 1863 2275 von welcher seite immer, vorzubeugen, nur gegen
293 2243 1832 2378 die üblichen zehn Perzent Tantieme, aber ohne
295 2372 1096 2489 jede Garantieforderung.
511 2448 1424 2555 Mit verbindlichen Grüssen
902 2557 1535 2695 Ihr sehr ergebener
3435 878 3850 1013 17.10.1917.
2304 849 2686 1066 Thocès
2859 1210 3370 1326 Lieber Freund.
2824 1400 4018 1518 Wenn sie imstande wären meine neue
2452 1520 4027 1625 Novelle „Casanovas Heimfahrt" (die mir werter
2457 1620 4105 1749 ist als manches, was ich geschrieben) um Weihnach
2461 1727 4053 1817 ten herum als Buch erscheinen zu lassen,so wä-
2444 1808 4014 1917 re ich in diesem Fall eventuell auch geneigt,
2452 1935 4051 2029 von einem Vorabdruck überhaupt Abstand zu neh¬
2444 2005 3931 2140 men. Zur Vermeidung von Missverständnissen
2444 2140 4014 2258 möchte ich nur noch bemerken, dass ich die No¬
2457 2230 3974 2337 velle bis zu dieser Stunde (ausser Ihnen für
2441 2326 4046 2465 die „Neue mundschau" absolut niemandem, zu wel-
2452 2406 3990 2544 chem Betrage immer,angeboten habe. Lassen Sie
2448 2522 4040 2645 mich bitte recht bald wissen,ob eine so rasche
2441 2627 4044 2765 Fertigstellung des Buches im Bereich der Mög -
2441 2723 2935 2865 lichkeit läge.
2684 2817 4071 2979 Für Ihre übrigen freundlichen und er¬
2444 2917 3996 3073 freulichen Nachrichten besten Dank.Der buch-
2441 3051 4095 3195 händlerische Erfolg des „Doktor Graesler“ über-
