4432 4040
418 962 1973 1085 Ihnen vor einiger Zeit eine Aufstellung meiner
416 1049 1942 1139 dortigen (durchaus durch Ihren Verlag einkas-
412 1087 1973 1183 sierten) Tantiemen zugesandt. Diese Liste sagt
412 1153 1936 1245 genug. Ohne im Vorhinein von dem Erfolg über-
416 1197 1814 1292 zeugt zu sein möchte ich mich für Italien
414 1249 1942 1328 von Fall zu Fall doch recht gern der Vermitt-
412 1284 1989 1384 lung des Verlags Karczag bedienen, dessen Bezie-
416 1356 1874 1436 hungen und Einflüsse durch das Operettenge-
418 1394 1846 1497 schaft dort ziemlich beträchtliche zu sein
422 1424 1930 1537 scheinen. Da Sie mit den Ihnen durch mich in
422 1499 1965 1579 der letzten Zeit übermittelten zahlreichen An-
428 1545 1971 1633 trägen Resultate zu erzielen nicht in der Lage
426 1599 1914 1679 waren, wird es Ihnen vielleicht nicht unwill-
418 1653 1856 1738 kommen sein, wenn auch dise Angelegenheiten
424 1673 2013 1792 probeweise vom Verlag Karczag in die Hand genom
422 1746 1942 1864 men würden. Riskiert ist ja nicht viel damit.
695 1808 1957 1934 Es wäre mir recht angenehm,wenn nicht
422 1902 1890 1985 nur meine schweizerischen Einnahmen, sondern
428 1940 2005 2035 auch die anderen Auslandseihnahmen (nach Abzug
434 1995 1872 2079 der auf sie entfallenden Provision) an die
428 2033 2003 2161 Eidgenössische Bank in Zürich eingezahlt werden
434 2099 1993 2184 könnten. Wie sich die nordische Gastspielange-
436 2141 1876 2274 legenheit Reinhardt „Grosse Szene endlich
436 2202 1531 2310 aufklären wird bin ich begierig.
934 2266 1545 2400 Herzlich grüssend
1149 2356 1261 2437 Ihr
454 2929 1243 3057 Herrn S.Fischer,Verlag,
446 3027 699 3122 Berlin.
2410 828 2822 984 tischer
3702 922 4072 1032 17.5.1921.
2881 1073 3387 1197 Lieber Freund.
2911 1167 4106 1296 1. Zur amerikanischen Gesammtausgab.
2595 1241 4140 1322 Die Option, die ich der Lasky-Compagnie zuge-
2605 1296 4200 1372 standen habe, bezieht sich nur auf das Auffüh -
2607 1346 4202 1426 rungsrecht und die Verfilmung meiner künftigen
2605 1404 4136 1499 Werke, hieht auf die Buchausgaben. Von dieser
2607 1454 4136 1519 Seite aus sind also keine Schwierigkeiten zu
2605 1513 4032 1579 befürchten. Die Copyright-Situation liegt
2601 1561 4030 1651 meines Erachtens so, dass alle meine Werke
2599 1585 4166 1677 mit Ausnahme „Anatol" und „ Reigen“, für die
2601 1649 4206 1724 seinerzeit die Erlangung des Copyright-Schutzes
2607 1724 4192 1786 versäumt wurde, so lange geschützt sind, als das
2607 1776 4196 1836 Copyright überhaupt gilt. Bitte sagen Sie mir,
2601 1810 4196 1876 wie 1m ge eine solche Frist läuft. Die „Liebe-
2601 1860 4198 1924 lei" hat Entsch damals gleichfalls zu schützen
2607 1912 4192 1987 unterlaseen (was mich,wie Sie wissen,sehr viel
2601 1963 4208 2061 Geld-gekostet hat), das Buch aber als bei Ihnen
2611 2019 4072 2107 erschienen müsste xxxx doch geschützt sein
2605 2071 4212 2143 Aber was hat uns am Ende auch das Copyright ge-
2607 2115 4116 2186 holfen? Haben Sie schon einen Prozess wegen
2613 2165 4132 2240 Verletzung des Copyright in Amerika geführt?
2605 2218 4162 2284 Haben sie einen gewonnen? Boni und Liveright
2601 2252 4188 2350 haben während des Krieges, natürlich ohne mich
2605 2312 4200 2388 zufragen, „Berta Carlau“ veröffentlicht, ferner
2583 2366 4196 2455 den pand „Anatol“, endlich einen Band „Lebendige
2605 2419 4202 2501 Stunden Ich sehe eben, dass „Berta Garlan“ und
2617 2473 4044 2559 „Lebendi ge Stunden schon 1913 erschienen
2611 2521 4100 2595 sind, ferner den „Grünen Makadu 1917. Erst
2601 2555 4138 2642 auf meine Reklamation im Dezember 1920 haben
2605 2617 4056 2698 sie für „Berta Garlan“ und für "natol“ -
2611 2668 4162 2740 75 Dollar gezahlt. Die Vorauszahlung, von Boni
2601 2728 4098 2796 & [l]iveright auf eine eventuelle Gesammtaus-
2611 2748 4214 2856 gabe - im Betrage von 500 ßollar-ist natürlich
2613 2830 4118 2895 Indiskutabel, die Tantième von 10% annehmbar,
2611 2885 4146 2949 Ein paar Zeilen vorher heisst es übrigens in
2611 2935 4068 3017 der Abschrift des Briefes vom 22. April 5%
