4443 3993
2488 971 4112 1106 graphiert mir, dass man ihm den „Kakadu" verbo-
359 1017 1891 1165 Bekannten aus Stockholm Kenntnis erlangt. Wie
2486 1072 4015 1230 ten hat. Haben Sie gegen das „Anatol-Verbot
359 1152 1798 1272 schade, dass die Laufbahn dieses Zyklus in
2486 1213 4077 1317 vor 14 oder 2 Jahren etwas unternommen? Jetzt
359 1268 1988 1369 deutschen Landen seit Monaten (wenn ich von ein
2486 1287 4163 1414 gibt es wohl keinen Einspruch gegen derlei Will
354 1369 1859 1490 paar Aufführungen im Burgtheater,in München
2479 1390 4083 1507 kürlichkeiten? Wer macht diese Sachen eigent¬
359 1466 1988 1568 etc. absehe), abgeschlossen erscheint. So amüsante,
2929 1477 3216 1572 Geronimo
2479 1502 4136 1623 lich? - Vom „Rxxx haben wir im Laufe dieser
359 1580 1888 1692 so leicht spielbare und literarisch doch gar
2462 1595 4157 1753 Zeit noch 6 Exemplare à 5 Kr. verkauft, somit wä.
361 1642 2002 1796 nicht so unbeträchtliche Stücke ; - sollte es dies
2475 1707 4032 1817 ren Ihrer Abrechnung diese 30 Kr. noch zuzu¬
352 1772 1975 1876 mal einer gewissen,Kriegsläuterung heuchelnden,
2475 1817 4028 1926 rechnen und mir bei der nächsten Verrechnung
365 1853 1884 1990 sittlich tuenden Mittelkritik gelungen sein,
2471 1929 4089 2021 in Abzug zu bringen. Wenn Sie die Summe in üb-
365 1967 1988 2072 diesen Komödien vorzeitig den Lebensfaden abzu¬
2462 1998 4055 2142 licher Weise an die Neue freie Presse und ans
367 2040 1910 2201 schneiden? Nicht für immer wollen wir hoffen.
2462 2116 3990 2220 Berliner Tageblatt leiten, bitte ich sie als
363 2205 1863 2296 Auferstehung ist ja xxx leider nur dann ein
2467 2222 3992 2342 Rate zu bezeichnen, eventuell des bisherigen
365 2283 2000 2384 wirkliches Vergnügen, wenn man sie selbst erlebt.
2462 2348 3629 2448 Gesammtertrages Erwähnung zu tun.
371 2389 1973 2494 Ob der Stockholm Erfolg irgendwie in unserem
369 2452 1988 2604 Sinne auszunützen wäre muss ich der Umsicht Ih-
3003 2486 3730 2604 Herzlichst grüb send.
369 2587 1996 2690 res Theatervertriebes überlassen. Es könnte wohl
3256 2589 3382 2713 Ihr
369 2673 1895 2779 ein oder das andere grosse Tagesblatt gerade
378 2794 1926 2857 in dieser Zeit von so was Notiz nehmen,natür-
1844 2851 1948 2918 que les
378 2853 1878 2962 lich in richtiger Form und nicht das, was den
371 2988 1838 3091 Herren eben zu günstig scheint, aus eigener
369 3093 2026 3235 Machtvollkommenheit streichend. Barnowsky tele-
