4443 3993
1269 968 1477 1074 Sussich
262 1018 1821 1180 digen Findruck gemacht hat und überzeugt bin,
262 1165 1814 1249 dass meine Schwägerin sie vollkommen richtig
264 1232 1693 1394 schildert und beurteilt. So gebe ich denn
268 1351 1838 1455 nicht ungern an Sie weiter, was ich auf diesem
271 1453 1797 1557 Weg erfahren; es gibt ja allerlei Zufälle, am
262 1567 1821 1654 Ende fügt es sich früher oder später, dass Sie
262 1639 1890 1784 bei irgend einer Entschliessung sich dieser mai
275 1734 1832 1873 ner Zeilen, und Fräulein Lili Feil zu erinnern
277 1864 892 1981 in die Lage kamen.
628 1968 1280 2096 Herzlichst grssend
838 2085 979 2202 Ihr
240 2262 1756 2433 Vielleicht teilen Sie mir gütigst etwas über
236 2390 1825 2561 den Ausfall der „Comtesse Mizzi“ bei Barnosaki
225 2535 1215 2667 mit und senden mir Referate?
2182 799 2596 979 Fischer
3315 838 3655 981 5.4.1917.
2689 1124 3200 1293 Lieber Freund.
2693 1323 4025 1431 Wie ich ihnen eben telegraphiert habe,
2314 1427 3873 1567 wäre mir im Prinzip ein Schnitzler-Abend bei
2345 1524 4016 1639 Meinhard und Bernauer natürlich erwünscht. Warum
2345 1648 3934 1760 aber will man von den Anatol-Finaktern gerade
2353 1738 3936 1842 den schwächsten „Hochzeitsmorgen“ statt eines
2345 1838 3966 1961 sympathischeren und eigentlich wirksameren, wie
2349 1940 4079 2065 z.B..Weihnachtseinkäufe“ spielen? „Auch „Denkstei
2351 2011 3973 2169 ne" wären in Erwägung zu ziehen,nicht als ein
2349 2146 3973 2267 sonderlich gutes stück, aber als neu für Berlin
2349 2249 4064 2388 und vielleicht eine gute Rolle für die Orska ent-
2349 2362 3901 2470 haltend. Und warum nicht einfach der Anatol-
2349 2453 4085 2570 Zyklus als solcher? Das Verbot ist wohl nicht mehr
2353 2555 4005 2678 wirksam, sonst müsste es sich doch auch auf „Ab-
2353 2659 4077 2776 schiedssouper" und speziell auf „Hochzeitsmorgen!
2349 2760 3895 2879 beziehen. Bliebe es bei der Zusammenstellung
2351 2869 3973 2986 „Abschiedssouper“, „Hochzeitsmorgen“ (oder statt
2349 2983 4042 3096 dessen einer der anderen Anatol-Einakter) „lite-
2349 3070 3951 3196 ratur" - welcher vierter Einakter käme in Be-
