4443 3993
3434 877 3819 1009 23.3.1917.
2410 879 2740 1046 Scher
2912 1135 3428 1244 Lieber Freund.
2814 1320 4122 1472 Von meiner Schwägerin, Frau Steinrück,
2464 1433 4030 1562 werde ich gebeten bei Ihnen anzufragen, ob in
2462 1542 4109 1662 Ihrem verlag zufällig eine stelle frei ist oder
2453 1631 4089 1764 ob im Laufe der nächsten Zeit eine frei werden
2456 1753 4130 1866 könnte. Für diesen Fall möchte ich Sie auf Fräu¬
2460 1844 3978 1953 lein Lili Feix aufmerksam machen, eine junge
2447 1960 4091 2071 Dame. von der Sie vielleicht schon gehört haben,
2449 2034 3972 2160 weil sie durch eineinhalb Jahren das „Forum",
2447 2160 3991 2275 wie sich meine Schwägerin ausdrückt, „selbst-
2449 2253 4196 2419 ständig gemacht hat“, dann bei Georg Müller in itztung
2440 2353 4022 2506 war. Sie ist in allen Verlagsgeschäften ver-
2443 2432 4019 2566 siert.kann stenographieren und maschinschrei-
2438 2569 3995 2677 ben, ist zuverlässig, diskret und intelligent."
2436 2651 4063 2784 So weit meine Schwägerin. Aus Eigenem kann ich
2436 2756 4050 2888 noch hinzusetzen, dass ich persönlich vor eini-
2440 2869 3952 2991 gen Monaten Gelegenheit hatte Fräulein Feix
2434 2993 4026 3102 in Wien kennen zu lernen und dass sie mir ei-
2421 3075 4085 3202 nen ausserordentlich sympathischen und verstän-
