4492 4039
3778 908 4073 1079 12.1912
3031 1188 3530 1345 Lieber Freund.
3043 1284 4270 1503 Gern erteile ich Ihnen die Autorina
2663 1458 4150 1635 tion zum Abschluss eines Vertrages über die
2675 1576 4233 1706 „Schwestern“ mit Ihrem schwedischen Vertreter
4032 1647 4207 1714 G.C.H.F.P.
2669 1664 4266 1836 Linden. Sie werden ja jedesfalls Garantie ver-
2671 1834 2927 1936 langen.
3031 1867 4249 2033 Zugleich erlaube ich mir die Anfra¬
2671 1964 4209 2137 ge, ob das Honorar aus Holland für die Aufführe
2671 2088 4201 2245 rungen des „Bernhardi" bereits angelangt ist
2681 2188 4312 2336 und ob dort eine zuverlässige Kontrolle besteht.
3088 2263 4178 2438 Das Honorar für die Buchausgabe
2683 2395 4178 2535 der „Schwestern“ bitte ich an mein Konto in
2681 2492 3949 2681 der Deutschen Pank xx zu überweisen.
3069 2600 4227 2728 Dies gilt ein für alle Mal,es sei
2700 2695 4255 2876 denn, dass ich gegenteilige Weisungen erteilen
2718 2811 2931 2978 sollte.
3073 2874 4335 3047 Aus verschiedenen Zeichen glaube ich
2779 3018 4327 3144 xxx entnehmen, dass das Interesse An meinem Roman
