4427 4058
490 1088 2045 1219 Und wenn es auch egelegentlich in Privatbrie-
490 1198 2047 1320 fen an Sie geschah, so beweist doch der ganze
490 1309 2072 1452 Charakter unserer Korresponienz und der Umstand
483 1404 2032 1559 dass meine an Sie persönlich gerichteten Fra-
481 1509 2011 1633 gen (ganz selbstverständlicher Weise) häufig
477 1612 1939 1769 genug von Ihrem Bureau beantwortet werden,
487 1715 2017 1839 wie wenig diese meine Briefe als Geheimakten
487 1813 2045 1967 betrachtet werden, als welche sie auch niemals
481 1923 1021 2089 gelten wollen.
618 1973 2011 2137 Nun ersehe ich aber auch aus dem letzten
466 2129 2009 2278 Schreiben Ihres Bureaux, dass Sie Auslandsge-
490 2261 2017 2347 schäfte künftig nur dann für mich übernehmen
502 2330 683 2381 3
487 2326 2028 2477 wollen, wenn ich mich entschlossen wollte Ih-
487 2425 1935 2555 men ein für alle Mal die Behandlung meiner
483 2517 2017 2713 Auslandsange geuheiten einheitlich zu über-
481 2660 733 2774 tragen.
605 2690 2089 2887 Darauf könnte ich zu meinem lebhaften Be-
477 2826 2019 2950 dauern nicht gingehen. Eine solche Abmachung
483 2940 2070 3078 fände ich in einem gewissen Sinn unlogisch und
490 3034 1944 3179 wie alles Unlogische in einem noch höheren
475 3148 1093 3312 Sinn unmoralisch.
3971 828 4293 977 5/t 5 vC
2650 1032 4148 1202 Ich müsste mich, ohne pücksicht auf mei-
2616 1191 4154 1309 nen Vorteil vspflichten Ihnen die Behandlung
2614 1265 4200 1402 aller meiner Auslandsgeschäfte zu überlassen
2603 1370 4192 1507 Sie könnten aber, wie ganz natürlich, doch nicht
2614 1481 4146 1628 die Verpflichtung übernehmen übei alle meine
2610 1570 4154 1723 Werke im Ausland zu gedeihlichen Abschlüssen
2610 1696 3034 1826 zu gelangen.
2816 1715 4217 1912 Lassen Sie mich Ihnen an einigen Beispie
2608 1874 4217 2013 len darlegen, dass die Forderung Ihres Auslands
2608 1979 4181 2133 bureaux nicht nur unbillig, sondern nicht ein-
2721 2057 2900 2139 immer
2614 2093 3391 2244 mal durchführbar wäre.
2807 2124 4112 2322 Am jüdischen Theater 9n New-York wer¬
2620 2274 4308 2423 den stücke von mir gespielt,Bücher erscheinen vor
2620 2377 4163 2526 in einem jüdischen Verlag.Ein Amerikaner, der
2601 2484 4156 2631 mir persönlich diese Mitteilung bringt, macht
2620 2612 4058 2727 sich erbötig ein Schreiben von mir an den
2624 2671 4148 2828 Chefredakteur eines grossen jüdischen Blats
2620 2780 4152 2931 in New-York zu übermittels. Daraufhin erhalte
2643 2864 4194 3049 ich aus Amerika eine Summe zugesandt (von der
2650 3015 4097 3150 ich übrigens bis zu diesem Augenblick noch
2637 3087 4181 3263 nicht weiss, worauf sie zu verrechnen ist) und
