4466 4072
559 1015 646 1113 P.
297 1082 1891 1219 (die zu überwinden übrigens seine Bache wären)
287 1163 1781 1256 entstehen dadurch in keinem Falle; ganz im
287 1192 1875 1312 Gegenteil. Es erfordert eine viel beträchtli¬
293 1252 1823 1370 chere Arbeit, die aus der Ausland eingegange-
293 1283 1885 1418 nen Valuten eist wieder in deutsche Mark umzu¬
305 1354 1864 1462 rechnen, als einfach die dem Autor zustehenden
301 1401 1875 1518 Perzente in der original valuta zuzuführenoder
305 1451 1802 1597 gutzuschreiben. Sie schreibe, der Verleger
336 1505 1781 1628 mäxxxen benötige die fremden Valuten (wenn
305 1530 1906 1673 ich Sie recht verstehe)um soine Betriebsmittel
309 1613 1806 1730 za erhalten. Einverstanden. Aber er könnte
316 1649 1844 1769 sich und müsste sich eben mit den auf seinen
311 1703 1835 1825 Anteil entfallenden Valuten begnügen und die
322 1752 1864 1881 dem Autor gehörigen um so viel geringeren An¬
326 1806 1817 1921 teile selbstverständlich diesem überfassen.
322 1864 1806 1972 Eine Diskussion hierüber sollte meines Er
320 1894 1883 2033 achtens so wenig möglich sein, wie sie am Ende
326 1966 1763 2078 über meinen seinerzeitigen xxxsch Wunsch
322 2008 1873 2134 notwendig war meine Bühnentantiemen in Origi
326 2064 1862 2176 nalvaluten ausgezahlt zu erhalten. Die Ver¬
336 2109 1952 2228 luste, die ich bis zum 1.Juli dadurch erlitten
326 2168 1925 2284 hatte,dass sie mir meine Auslandseinnehmen aus
332 2217 1796 2338 den Büchern in Mark ausbezahlt haben, wird
328 2263 1837 2396 sich ziffermässig für: Erste nur schwerfest
338 2309 1939 2440 stellen lassen. Dass sie nicht unbeträhtlich
332 2369 1848 2494 war wird sich bald ergeben, wenn die von mir
334 2411 1912 2541 erbetene aufstellung über die von Ihnen nach
334 2458 1943 2593 dem Ausland verkauften meiner Bücher ###xxxxxx
343 2529 1904 2637 und über die Tage,an denen diese Verkäufe er¬
343 2564 1910 2693 folgt sind. Diese naten auszuziehen kann doch
343 2629 1842 2741 keine so beträchtlichen Schwierigkeiten ma-
341 2683 1885 2795 chen und es wäre mir begreiflicherweise,von
347 2739 1964 2847 dem finanziellen Teil der Frage ganz abgesehen,
378 2780 1885 2911 höchst interessant zu wissen, naa in welche
355 2836 1968 2952 Länder meine Bücher vorwiegend verkauft werden.
353 2890 1977 3004 Meine Berechtigung hierüber orientiert zu sein,
349 2944 1931 3071 werden Sie hoffentlich nicht inzeifel ziehen.
708 2998 1918 3135 Was Ihre Vorschläge für die Verkäu-
316 3065 1987 3214 fe im Inland anbelangt, habe ich meine Zustimmung
351 3148 1842 3283 an Herrn Hans Jacob schon mitgeteilt. Wenn
3019 490 3341 604 Votre très-Monsieur.
4030 909 4221 1015 22/4
3980 1024 4059 1140 3
2622 1127 4065 1237 Sie bei der Verrechnung der ausländischen
2645 1217 4161 1279 Einnahmen as aus technischen gründen für not-
2622 1258 4123 1337 wendig halten die Tantiemen auch weiterhin
2653 1302 4186 1387 vom Erlös zu verrechnen, so kann ich dagegen
2653 1368 4196 1433 natürlich keine Einwendung erheben, wenn Herr
2647 1422 4179 1491 Hans Jacob, der ja über diese technischen De-
2660 1466 4090 1547 teils bester Bescheid weiss, sich Ihrer An
2658 1528 3285 1624 sicht anschliesst.
2930 1582 4051 1692 Die letztauged iesenen Summen von
2653 1655 4024 1744 10 Billionen vom 9.11. und 38 Millionen
2658 1686 4157 1790 und 300 Milliarden vom 12.11.,sowie 711 Mil
2660 1767 4161 1850 liarden habe ich von der Bank für auswärti¬
2666 1808 4086 1900 gen Handel mit Ausnahme der ersten von 10
2651 1873 3671 1968 Billionen,bestätigt erhalten.
3031 1937 3750 2078 Mit herzlichem Gruss
2662 2610 3471 2734 Herrn r. Fischer, verlag.
2639 2689 2878 2786 Berlin.
