4408 4089
550 1068 2003 1170 Dänemark oder in Schweden doch kaum jemals
587 1152 2096 1227 auf Ihre direkte Intervention zurückzuführen
557 1209 1907 1290 sein dürfte, eher noch könnten es Linden
559 1251 2011 1322 oder Kalckar sein, die gelegentlich bei den
557 1298 2041 1385 dortigen Direktionen einen gewissen Einfluss
559 1361 2041 1428 zu nehmen imstande sind. Und was nun gar Bü¬
550 1402 1972 1483 cher anbelangt, wo einfach ein Pauschalege
555 1434 2078 1538 zahlt wird, so erledigt sich ja die Frage von
559 1507 1995 1584 selbst.Wendet sich irgend ein Verleger di-
557 1550 2078 1631 rekt oder sagen wir durch Linden an mich mit
557 1611 2015 1680 dem Anerbieten mir ein für alle Mal irgend
557 1653 2102 1741 eine Summe für ein Raak
569 1716 2096 1794 setzungsrecht zu zahlen, so wäre es doch völ-
571 1759 1942 1844 „lig unlogisch auch in einem solchen Fall
593 1816 2041 1887 - wenn ich Ihnen nicht die Verhandlungeda-
593 1865 2015 1936 rüber zuzuweisen mir erlaube - eine provi
559 1926 1330 2015 sion an Sie zu zahlen.
802 1968 2072 2082 Die Angelegenheit Reusch gehörtnatür-
552 2027 2009 2165 lich auf ein anderes Blatt. Hier handelt es
591 2123 2048 2192 sich um ein deutsches Gastspiel, Sie führen
559 2165 2066 2253 die Verhandlungen und bemühen sich in derSa-
557 2218 2115 2312 che. So erkläre ich mich denn auch mit Ihren
595 2269 2121 2354 Vorschlägen gern einverstanden und autorisie¬
565 2328 2045 2393 re Sie mit Reusch gegen tausend schwedische
565 2381 2017 2456 Kronen Gärantie und zehnportige Tantiemenn
573 2433 1980 2498 ter der Voraussetzung abzuschliessen, dass
557 2476 1938 2551 ausser dem „Reigen“ auch noch mindestens
563 2517 2076 2606 zwei andere abendfüllende Stücke resp.Einak-
569 2592 2048 2653 terzyklen bei Gelegenheit dieses Gastspiels
559 2626 1993 2706 aufgeführt werden. Und zwar müsste die Auf
552 2685 2017 2758 führung mindestens eines dieser Stücke der
559 2740 1948 2813 Aufführung des.Reigen voran ehen.Auch
550 2789 2031 2858 müsste ich zu der Wahl der Stücke meine Zu
599 2834 2054 2911 stimmung geben. Die Stockho mer Bank, wo das
557 2862 2115 2972 für mich bestimmte Geld einzuzahlen wäre, gebe
565 2935 2119 3018 ich noch an, wenn die Sache zustandekommt. Auch
597 2994 2092 3057 über den Termin des Gastspieles erbitte ich
593 3049 1172 3148 näheee Auskunft.
871 3096 2117 3236 Sie wünschen den Alleinvertrieb mei-
575 3157 2058 3307 ner Werke für Russland. Dass dort allemeine
3695 845 3995 1040 29/5
2632 1016 4095 1164 Werke übersetzt und fast alle meine Stücke
2630 1095 4162 1217 aufgeführt worden sind, ist Ihnen bekannt. Ich
2641 1144 4266 1270 wäre nun sehr gern bereit Ihnen das Recht zu er
2643 1194 4231 1304 teilen, für Russland über Neuausgaben und übr
2643 1247 4231 1365 Neuaufführungen meiner werke zu verhandeln und
2612 1312 4140 1424 abzuschliessen, möchte aber, wie sie begreifen
2608 1355 4203 1469 werden, meine persönlichen Rechte auch indiesem
2620 1402 4199 1523 Falle so weit wahren, dass ich nicht etwa genö-
2624 1456 4255 1564 tigt bin auch in dem an sich schon unwahrschein-
2614 1499 4172 1619 lichen Fall, dass irgend ein russischer Verlag
2618 1556 4142 1682 sich direkt an mich wendet und über irgendei
2624 1613 4146 1731 nes meine Werke pauschaliter abzuschliessen
2624 1662 4237 1783 wünscht,an den Verlag eine provision zu zahlen.
2657 1712 4266 1816 Und was hätte ich zu tun,wenn ein anderer Ver-
2655 1767 4203 1875 la, Karozag, z.B., das Anerbieten irgend eines
2630 1818 4152 1930 russischen Thaaters auf ein bestimmtes Stück
2663 1855 4215 1993 bezüglich mir überweist? In einem solchen Fall
2626 1913 4215 2033 ist es nicht nur schwer,sondern äusserst un-
2632 1970 4186 2082 praktisch mit dem Hinweis abzulehnen, dass man
2669 2031 4103 2135 an einen anderen Verlag fest gebunden ist.
2643 2064 4262 2188 Denn dann pflegt man eben zwischen zwei Stühlen
2643 2123 4211 2232 zu sitzen. Sagen sie mir selbst,verehrter Herr
2643 2175 4160 2297 Greiner, wie diese Dilemmen zu lösen sind. Nur
2675 2224 4192 2338 solche Erwägungen,nicht etwa mangelndes Ver-
2649 2271 4201 2385 trauen zum Verlag Fischer sind es, die mich im
2637 2326 4174 2440 mer wiederzögrn lassen, sogenannte, doch immer
2677 2387 4180 2490 nur einseitig bindende Generalvorträge. abzu
2651 2468 3033 2576 schliessen.
2927 2484 4162 2630 Die norwegischen 140 Kronen von Kal-
3242 2563 4209 2663 in den Originalbanknoten der
2651 2600 3159 2695 kar bitte ich
2655 2630 4217 2754 Bank für auswärtigen Handel freundlichst über
2655 2716 3274 2828 mitteln zu wollen.
2968 2748 4085 2895 Ein Herr Richard Treu wünscht in
2661 2813 4249 2958 Braunschweig zehhmal den.Reigen aufzuführen.
2693 2890 4262 2992 Beiliegend die Briefe. Bitteganz nach eigenem
2659 2913 4290 3045 Ermessen zu verfügen und immer zu bedenken, dass
2702 2990 4288 3090 ich persönlich auf „Reigen“ -Aufführungen ohne
2655 3041 4085 3157 künstlerische Garantien keinen Wert lege.
2974 3100 4229 3276 Die Angelegenheiten Polen Ges.Werke
