<?xml version="1.0" encoding="UTF-8" standalone="yes"?>
<PcGts xmlns="http://schema.primaresearch.org/PAGE/gts/pagecontent/2013-07-15" xmlns:xsi="http://www.w3.org/2001/XMLSchema-instance" xsi:schemaLocation="http://schema.primaresearch.org/PAGE/gts/pagecontent/2013-07-15 http://schema.primaresearch.org/PAGE/gts/pagecontent/2013-07-15/pagecontent.xsd">
    <Metadata>
        <Creator>prov=READ-COOP:name=TrHtr:version=2.1.0:model_id=51170:date=27_07_2023_22:03</Creator>
        <Created>2023-05-02T07:57:37.974+02:00</Created>
        <LastChange>2023-07-27T22:03:25.711+02:00</LastChange>
        <TranskribusMetadata docId="1416739" pageId="54953354" pageNr="263" tsid="131304520" status="IN_PROGRESS" userId="64420" imgUrl="https://files.transkribus.eu/Get?id=SMUPGNZBEWPEKCUTEIYBZHAH&amp;fileType=view" xmlUrl="https://files.transkribus.eu/Get?id=JYORRLGKSXIYEAYSELETZHDC" imageId="44457079"/>
    </Metadata>
    <Page imageFilename="1416739_0263.jpg" imageWidth="4419" imageHeight="4072">
        <ReadingOrder>
            <OrderedGroup id="ro_1711828062826" caption="Regions reading order">
                <RegionRefIndexed index="0" regionRef="tr_2"/>
                <RegionRefIndexed index="1" regionRef="tr_1"/>
            </OrderedGroup>
        </ReadingOrder>
        <TextRegion id="tr_2" custom="readingOrder {index:0;}">
            <Coords points="2471,523 4170,523 4170,1774 2471,1774"/>
            <TextLine id="tr_2_tl_1" custom="readingOrder {index:0;}">
                <Coords points="3157,564 3232,609 3254,609 3298,586 3366,611 3393,593 3413,601 3416,485 3339,467 3312,481 3252,479 3236,458 3215,465 3178,438 3159,446"/>
                <Baseline points="3167,576 3194,579 3239,576 3283,573 3328,573 3373,573 3418,573"/>
                <TextEquiv>
                    <Unicode>1/2</Unicode>
                </TextEquiv>
            </TextLine>
            <TextLine id="tr_2_tl_2" custom="readingOrder {index:1;}">
                <Coords points="3661,1020 3715,999 3727,1008 3756,987 3826,983 3859,987 3872,1004 3905,985 3965,1008 4000,999 4027,1008 4031,902 3983,898 3965,913 3936,896 3919,909 3899,896 3816,911 3775,900 3760,915 3744,902 3725,915 3711,900 3665,907"/>
                <Baseline points="3674,985 3719,982 3764,985 3809,982 3854,979 3898,979 3943,976 3988,976 4033,976"/>
                <TextEquiv>
                    <Unicode>22.1.1923.</Unicode>
                </TextEquiv>
            </TextLine>
            <TextLine id="tr_2_tl_3" custom="readingOrder {index:2;}">
                <Coords points="2459,1051 2542,1045 2587,1018 2600,1030 2651,1026 2666,1039 2699,1026 2726,1043 2784,1010 2813,1032 2839,1032 2837,942 2798,931 2771,929 2751,948 2711,933 2658,942 2625,929 2585,968 2554,940 2503,968 2457,950"/>
                <Baseline points="2471,1009 2516,1009 2561,1009 2606,1009 2650,1009 2695,1012 2740,1009 2785,1006 2830,1015 2845,1018"/>
                <TextEquiv>
                    <Unicode>Rech</Unicode>
                </TextEquiv>
            </TextLine>
            <TextLine id="tr_2_tl_4" custom="readingOrder {index:3;}">
                <Coords points="2519,1270 3471,1264 3508,1247 3510,1189 3031,1169 2905,1212 2519,1208"/>
                <Baseline points="2531,1259 2573,1256 2618,1256 2662,1256 2707,1256 2752,1253 2797,1250 2842,1250 2886,1250 2931,1250 2976,1247 3021,1247 3065,1247 3110,1244 3155,1244 3200,1244 3245,1244 3289,1244 3334,1241 3379,1241 3424,1238 3468,1238 3513,1238"/>
                <TextEquiv>
                    <Unicode>Sehr verehrter Herr Greiner.</Unicode>
                </TextEquiv>
            </TextLine>
            <TextLine id="tr_2_tl_5" custom="readingOrder {index:4;}">
                <Coords points="2908,1400 4149,1392 4167,1305 4012,1338 2908,1348"/>
                <Baseline points="2919,1400 2961,1400 3006,1400 3051,1400 3095,1397 3140,1397 3185,1397 3230,1394 3274,1394 3319,1394 3364,1394 3409,1391 3454,1391 3498,1391 3543,1391 3588,1388 3633,1385 3677,1385 3722,1388 3767,1385 3812,1385 3857,1385 3901,1382 3946,1382 3991,1379 4036,1379 4080,1379 4125,1376 4170,1376"/>
                <TextEquiv>
                    <Unicode>Ihre freundliche Mitteilung über die</Unicode>
                </TextEquiv>
            </TextLine>
            <TextLine id="tr_2_tl_6" custom="readingOrder {index:5;}">
                <Coords points="2530,1462 4016,1446 4031,1392 2530,1402"/>
                <Baseline points="2540,1462 2558,1459 2603,1456 2647,1456 2692,1453 2737,1453 2782,1453 2827,1456 2871,1453 2916,1453 2961,1456 3006,1453 3051,1450 3095,1450 3140,1450 3185,1450 3230,1447 3274,1447 3319,1447 3364,1444 3409,1444 3454,1444 3498,1444 3543,1441 3588,1438 3633,1435 3677,1435 3722,1435 3767,1435 3812,1432 3857,1432 3901,1429 3946,1429 3991,1429 4036,1429"/>
                <TextEquiv>
                    <Unicode>Ueberweisung Ihres holländischen Vertreters</Unicode>
                </TextEquiv>
            </TextLine>
            <TextLine id="tr_2_tl_7" custom="readingOrder {index:6;}">
                <Coords points="2544,1516 4027,1499 4062,1427 2544,1474"/>
                <Baseline points="2555,1513 2588,1510 2633,1510 2677,1507 2722,1504 2767,1507 2812,1504 2856,1504 2901,1501 2946,1501 2991,1501 3036,1507 3080,1504 3125,1501 3170,1501 3215,1501 3259,1498 3304,1501 3349,1498 3394,1495 3439,1492 3483,1492 3528,1489 3573,1489 3618,1489 3663,1486 3707,1486 3752,1486 3797,1486 3842,1486 3886,1483 3931,1480 3976,1483 4021,1480 4066,1477"/>
                <TextEquiv>
                    <Unicode>im Betrage von 54 holl.Gulden an das Komitee</Unicode>
                </TextEquiv>
            </TextLine>
            <TextLine id="tr_2_tl_8" custom="readingOrder {index:7;}">
                <Coords points="2542,1576 4130,1545 4165,1485 2544,1514"/>
                <Baseline points="2555,1561 2558,1561 2603,1558 2647,1555 2692,1555 2737,1555 2782,1555 2827,1552 2871,1552 2916,1552 2961,1552 3006,1552 3051,1552 3095,1549 3140,1549 3185,1549 3230,1546 3274,1549 3319,1546 3364,1546 3409,1543 3454,1543 3498,1543 3543,1540 3588,1540 3633,1540 3677,1540 3722,1537 3767,1540 3812,1540 3857,1537 3901,1534 3946,1534 3991,1531 4036,1531 4080,1531 4125,1528 4170,1528"/>
                <TextEquiv>
                    <Unicode>für die Wiener bestätige ich dankend. Ich hatte</Unicode>
                </TextEquiv>
            </TextLine>
            <TextLine id="tr_2_tl_9" custom="readingOrder {index:8;}">
                <Coords points="2546,1623 4142,1600 4161,1536 2546,1571"/>
                <Baseline points="2558,1615 2600,1612 2645,1609 2689,1609 2734,1609 2779,1606 2824,1606 2868,1606 2913,1606 2958,1603 3003,1603 3048,1603 3092,1603 3137,1600 3182,1600 3227,1600 3271,1597 3316,1597 3361,1597 3406,1594 3451,1594 3495,1591 3540,1594 3585,1594 3630,1594 3674,1591 3719,1588 3764,1588 3809,1588 3854,1588 3898,1585 3943,1585 3988,1582 4033,1582 4077,1582 4122,1582 4167,1585"/>
                <TextEquiv>
                    <Unicode>im Sommer an Direktor van der Lust geschrieben,</Unicode>
                </TextEquiv>
            </TextLine>
            <TextLine id="tr_2_tl_10" custom="readingOrder {index:9;}">
                <Coords points="2546,1669 3934,1658 4078,1633 4080,1592 2546,1621"/>
                <Baseline points="2558,1665 2561,1662 2606,1662 2650,1659 2695,1659 2740,1659 2785,1659 2830,1656 2874,1656 2919,1650 2964,1647 3009,1650 3054,1653 3098,1653 3143,1650 3188,1653 3233,1650 3277,1650 3322,1647 3367,1647 3412,1644 3457,1644 3501,1644 3546,1644 3591,1644 3636,1644 3680,1641 3725,1638 3770,1638 3815,1638 3860,1638 3904,1635 3949,1635 3994,1632 4039,1632 4083,1632"/>
                <TextEquiv>
                    <Unicode>er möge die Tantiemen für die Aufführung der</Unicode>
                </TextEquiv>
            </TextLine>
            <TextLine id="tr_2_tl_11" custom="readingOrder {index:10;}">
                <Coords points="2546,1726 4111,1699 4128,1640 2546,1671"/>
                <Baseline points="2558,1716 2567,1716 2612,1713 2656,1710 2701,1710 2746,1710 2791,1710 2836,1710 2880,1707 2925,1704 2970,1704 3015,1707 3059,1704 3104,1701 3149,1704 3194,1704 3239,1701 3283,1701 3328,1698 3373,1698 3418,1698 3462,1695 3507,1692 3552,1692 3597,1695 3642,1695 3686,1692 3731,1692 3776,1689 3821,1689 3866,1689 3910,1689 3955,1686 4000,1686 4045,1683 4089,1683 4134,1674"/>
                <TextEquiv>
                    <Unicode>zwei „Reigen -Szenen,die ohne Friaubnis statt-</Unicode>
                </TextEquiv>
            </TextLine>
            <TextLine id="tr_2_tl_12" custom="readingOrder {index:11;}">
                <Coords points="2559,1768 3963,1772 4107,1741 4107,1691 2561,1722"/>
                <Baseline points="2570,1761 2588,1761 2633,1764 2677,1764 2722,1761 2767,1761 2812,1758 2856,1758 2901,1758 2946,1758 2991,1755 3036,1755 3080,1755 3125,1755 3170,1752 3215,1752 3259,1752 3304,1752 3349,1749 3394,1746 3439,1746 3483,1746 3528,1746 3573,1743 3618,1740 3663,1740 3707,1740 3752,1740 3797,1737 3842,1737 3886,1740 3931,1740 3976,1740 4021,1737 4066,1737 4110,1728"/>
                <TextEquiv>
                    <Unicode>gefunden hatten, an das Komitee für die wiener</Unicode>
                </TextEquiv>
            </TextLine>
        </TextRegion>
        <TextRegion id="tr_1" custom="readingOrder {index:1;}">
            <Coords points="2558,1732 4224,1732 4224,3168 2558,3168"/>
            <TextLine id="tr_1_tl_1" custom="readingOrder {index:0;}">
                <Coords points="2546,1819 4147,1799 4200,1792 4202,1733 2548,1753"/>
                <Baseline points="2558,1818 2594,1815 2639,1815 2683,1815 2728,1812 2773,1809 2818,1809 2862,1809 2907,1809 2952,1809 2997,1806 3042,1806 3086,1806 3131,1806 3176,1803 3221,1803 3265,1803 3310,1800 3355,1800 3400,1800 3445,1800 3489,1797 3534,1794 3579,1794 3624,1797 3668,1794 3713,1791 3758,1791 3803,1791 3848,1788 3892,1788 3937,1788 3982,1788 4027,1785 4072,1785 4116,1782 4161,1782 4206,1782"/>
                <TextEquiv>
                    <Unicode>Kinder direkt überweisen; es ist mir unerfindlich</Unicode>
                </TextEquiv>
            </TextLine>
            <TextLine id="tr_1_tl_2" custom="readingOrder {index:1;}">
                <Coords points="2546,1885 4188,1846 4188,1792 4041,1788 2548,1817"/>
                <Baseline points="2558,1868 2582,1865 2627,1865 2671,1865 2716,1862 2761,1862 2806,1862 2850,1862 2895,1859 2940,1859 2985,1859 3030,1856 3074,1856 3119,1856 3164,1853 3209,1853 3254,1850 3298,1850 3343,1850 3388,1850 3433,1847 3477,1847 3522,1847 3567,1844 3612,1844 3657,1841 3701,1841 3746,1844 3791,1841 3836,1838 3880,1841 3925,1838 3970,1835 4015,1838 4060,1835 4104,1835 4149,1832 4194,1835"/>
                <TextEquiv>
                    <Unicode>warum er sich eines Vermittlers bedient,noch um</Unicode>
                </TextEquiv>
            </TextLine>
            <TextLine id="tr_1_tl_3" custom="readingOrder {index:2;}">
                <Coords points="2546,1920 4140,1914 4177,1846 2548,1883"/>
                <Baseline points="2558,1919 2570,1916 2615,1919 2659,1916 2704,1913 2749,1913 2794,1913 2839,1913 2883,1910 2928,1910 2973,1913 3018,1910 3062,1907 3107,1907 3152,1907 3197,1904 3242,1904 3286,1901 3331,1901 3376,1901 3421,1901 3465,1901 3510,1901 3555,1898 3600,1901 3645,1898 3689,1895 3734,1895 3779,1892 3824,1889 3868,1889 3913,1889 3958,1889 4003,1889 4048,1886 4092,1886 4137,1886 4182,1886"/>
                <TextEquiv>
                    <Unicode>erfindlicher, aus welchem Anlass und mit welcher</Unicode>
                </TextEquiv>
            </TextLine>
            <TextLine id="tr_1_tl_4" custom="readingOrder {index:3;}">
                <Coords points="2544,1976 4126,1939 4043,1889 2986,1943 2546,1918"/>
                <Baseline points="2558,1973 2564,1970 2609,1967 2653,1967 2698,1967 2743,1967 2788,1967 2833,1967 2877,1964 2922,1964 2967,1964 3012,1961 3056,1961 3101,1958 3146,1958 3191,1958 3236,1955 3280,1952 3325,1952 3370,1952 3415,1952 3460,1949 3504,1949 3549,1949 3594,1949 3639,1946 3683,1943 3728,1943 3773,1943 3818,1943 3863,1940 3907,1940 3952,1937 3997,1940 4042,1940 4086,1937 4131,1934"/>
                <TextEquiv>
                    <Unicode>Berechtigung dieser Vermittler den Wiener Kin</Unicode>
                </TextEquiv>
            </TextLine>
            <TextLine id="tr_1_tl_5" custom="readingOrder {index:4;}">
                <Coords points="2550,2030 3684,2028 4155,1997 4157,1943 2550,1980"/>
                <Baseline points="2561,2024 2594,2021 2639,2018 2683,2018 2728,2018 2773,2015 2818,2015 2862,2015 2907,2015 2952,2012 2997,2012 3042,2012 3086,2009 3131,2009 3176,2009 3221,2006 3265,2006 3310,2003 3355,2006 3400,2003 3445,2003 3489,2003 3534,2000 3579,1997 3624,1997 3668,1997 3713,1997 3758,1997 3803,1994 3848,1991 3892,1991 3937,1991 3982,1991 4027,1988 4072,1988 4116,1988 4161,1988"/>
                <TextEquiv>
                    <Unicode>dern 6 Gulden abgezogen hat. Wenn er die 60 fl</Unicode>
                </TextEquiv>
            </TextLine>
            <TextLine id="tr_1_tl_6" custom="readingOrder {index:5;}">
                <Coords points="2552,2082 4186,2067 4188,1993 2554,2030"/>
                <Baseline points="2564,2071 2582,2068 2627,2068 2671,2068 2716,2068 2761,2065 2806,2065 2850,2062 2895,2062 2940,2062 2985,2062 3030,2062 3074,2062 3119,2059 3164,2059 3209,2056 3254,2053 3298,2056 3343,2056 3388,2056 3433,2053 3477,2053 3522,2050 3567,2047 3612,2050 3657,2047 3701,2044 3746,2044 3791,2044 3836,2044 3880,2044 3925,2041 3970,2038 4015,2038 4060,2038 4104,2038 4149,2033 4194,2027"/>
                <TextEquiv>
                    <Unicode>für mich einkassfert hätte, hätt er es tun dür-</Unicode>
                </TextEquiv>
            </TextLine>
            <TextLine id="tr_1_tl_7" custom="readingOrder {index:6;}">
                <Coords points="2550,2125 4056,2106 4111,2102 4111,2053 2550,2079"/>
                <Baseline points="2561,2122 2594,2122 2639,2119 2683,2119 2728,2119 2773,2116 2818,2116 2862,2113 2907,2116 2952,2116 2997,2113 3042,2116 3086,2113 3131,2110 3176,2107 3221,2107 3265,2110 3310,2107 3355,2107 3400,2104 3445,2104 3489,2101 3534,2101 3579,2101 3624,2098 3668,2098 3713,2098 3758,2095 3803,2095 3848,2095 3892,2098 3937,2095 3982,2092 4027,2089 4072,2089 4116,2089"/>
                <TextEquiv>
                    <Unicode>fen, und müssen; im Falle der Verwendung einer</Unicode>
                </TextEquiv>
            </TextLine>
            <TextLine id="tr_1_tl_8" custom="readingOrder {index:7;}">
                <Coords points="2556,2181 4087,2164 4116,2098 2559,2129"/>
                <Baseline points="2567,2176 2597,2173 2642,2170 2686,2170 2731,2170 2776,2167 2821,2167 2865,2167 2910,2167 2955,2164 3000,2167 3045,2164 3089,2164 3134,2164 3179,2161 3224,2164 3268,2161 3313,2161 3358,2158 3403,2155 3448,2155 3492,2155 3537,2152 3582,2152 3627,2152 3671,2149 3716,2149 3761,2149 3806,2149 3851,2146 3895,2143 3940,2143 3985,2143 4030,2143 4074,2143 4119,2143"/>
                <TextEquiv>
                    <Unicode>Einnahme zu wohltätigem Zweck ist ein solches</Unicode>
                </TextEquiv>
            </TextLine>
            <TextLine id="tr_1_tl_9" custom="readingOrder {index:8;}">
                <Coords points="2550,2230 4008,2207 4047,2158 2552,2181"/>
                <Baseline points="2564,2224 2573,2224 2618,2224 2662,2221 2707,2221 2752,2221 2797,2221 2842,2218 2886,2218 2931,2218 2976,2215 3021,2215 3065,2215 3110,2215 3155,2215 3200,2215 3245,2212 3289,2209 3334,2209 3379,2209 3424,2206 3468,2206 3513,2203 3558,2203 3603,2203 3648,2203 3692,2200 3737,2200 3782,2200 3827,2200 3871,2197 3916,2197 3961,2197 4006,2194 4051,2188"/>
                <TextEquiv>
                    <Unicode>Vorgehen zum mindesten nicht üblich. Es war</Unicode>
                </TextEquiv>
            </TextLine>
            <TextLine id="tr_1_tl_10" custom="readingOrder {index:9;}">
                <Coords points="2550,2294 4087,2265 4153,2253 4153,2199 2552,2230"/>
                <Baseline points="2561,2283 2591,2277 2636,2274 2680,2274 2725,2274 2770,2271 2815,2271 2859,2271 2904,2271 2949,2268 2994,2268 3039,2265 3083,2265 3128,2265 3173,2265 3218,2268 3262,2265 3307,2262 3352,2262 3397,2262 3442,2256 3486,2256 3531,2256 3576,2256 3621,2253 3665,2253 3710,2250 3755,2250 3800,2250 3845,2247 3889,2247 3934,2247 3979,2247 4024,2244 4069,2244 4113,2244 4158,2250"/>
                <TextEquiv>
                    <Unicode>gar nicht notwendig, dass Sie mir von Ihrem Ver</Unicode>
                </TextEquiv>
            </TextLine>
            <TextLine id="tr_1_tl_11" custom="readingOrder {index:10;}">
                <Coords points="2550,2340 4068,2315 4070,2261 2550,2294"/>
                <Baseline points="2561,2328 2597,2328 2642,2325 2686,2325 2731,2325 2776,2325 2821,2322 2865,2322 2910,2319 2955,2319 3000,2316 3045,2316 3089,2316 3134,2316 3179,2316 3224,2313 3268,2313 3313,2313 3358,2310 3403,2310 3448,2307 3492,2307 3537,2307 3582,2304 3627,2304 3671,2301 3716,2304 3761,2304 3806,2301 3851,2301 3895,2301 3940,2298 3985,2298 4030,2298 4074,2304"/>
                <TextEquiv>
                    <Unicode>zicht auf die Provision Mitteilung machten,</Unicode>
                </TextEquiv>
            </TextLine>
            <TextLine id="tr_1_tl_12" custom="readingOrder {index:11;}">
                <Coords points="2552,2391 3975,2369 4052,2352 4054,2307 2552,2340"/>
                <Baseline points="2564,2382 2579,2379 2624,2376 2668,2376 2713,2376 2758,2373 2803,2373 2848,2373 2892,2373 2937,2370 2982,2370 3027,2370 3071,2370 3116,2367 3161,2367 3206,2364 3251,2367 3295,2367 3340,2361 3385,2364 3430,2361 3474,2358 3519,2358 3564,2361 3609,2361 3654,2358 3698,2355 3743,2352 3788,2352 3833,2352 3877,2352 3922,2352 3967,2349 4012,2349 4057,2352"/>
                <TextEquiv>
                    <Unicode>Sie haben meines Wissens in solchen Fällen</Unicode>
                </TextEquiv>
            </TextLine>
            <TextLine id="tr_1_tl_13" custom="readingOrder {index:12;}">
                <Coords points="2552,2443 4136,2412 4188,2406 4190,2344 2552,2387"/>
                <Baseline points="2564,2433 2582,2430 2627,2427 2671,2430 2716,2427 2761,2427 2806,2424 2850,2424 2895,2424 2940,2424 2985,2421 3030,2421 3074,2424 3119,2421 3164,2421 3209,2418 3254,2418 3298,2418 3343,2415 3388,2415 3433,2415 3477,2412 3522,2409 3567,2409 3612,2412 3657,2409 3701,2406 3746,2406 3791,2406 3836,2403 3880,2403 3925,2400 3970,2403 4015,2403 4060,2403 4104,2400 4149,2400 4194,2403"/>
                <TextEquiv>
                    <Unicode>wie ja übrigens ganz selbstverständlich, niemals</Unicode>
                </TextEquiv>
            </TextLine>
            <TextLine id="tr_1_tl_14" custom="readingOrder {index:13;}">
                <Coords points="2559,2486 4111,2466 4167,2461 4169,2408 2559,2441"/>
                <Baseline points="2570,2480 2603,2480 2647,2477 2692,2477 2737,2477 2782,2477 2827,2474 2871,2477 2916,2477 2961,2474 3006,2471 3051,2471 3095,2471 3140,2468 3185,2468 3230,2468 3274,2468 3319,2468 3364,2465 3409,2465 3454,2462 3498,2465 3543,2462 3588,2459 3633,2459 3677,2456 3722,2456 3767,2456 3812,2453 3857,2450 3901,2450 3946,2450 3991,2450 4036,2450 4080,2447 4125,2447 4170,2447"/>
                <TextEquiv>
                    <Unicode>eine Provision berechnet, nicht einmal die Steu-</Unicode>
                </TextEquiv>
            </TextLine>
            <TextLine id="tr_1_tl_15" custom="readingOrder {index:14;}">
                <Coords points="2554,2540 3459,2519 3612,2577 3804,2517 3932,2565 4186,2542 4165,2449 2556,2490"/>
                <Baseline points="2567,2534 2576,2534 2621,2531 2665,2531 2710,2531 2755,2528 2800,2528 2845,2528 2889,2528 2934,2528 2979,2525 3024,2525 3068,2525 3113,2522 3158,2522 3203,2522 3248,2519 3292,2519 3337,2519 3382,2519 3427,2516 3471,2516 3516,2513 3561,2513 3606,2513 3651,2513 3695,2513 3740,2510 3785,2510 3830,2510 3874,2507 3919,2507 3964,2504 4009,2504 4054,2501 4098,2504 4143,2501 4188,2501"/>
                <TextEquiv>
                    <Unicode>erbehörde zieht bei solchen Gelegenheiten etwas</Unicode>
                </TextEquiv>
            </TextLine>
            <TextLine id="tr_1_tl_16" custom="readingOrder {index:15;}">
                <Coords points="2552,2596 2563,2596 2567,2600 2573,2594 2590,2600 2606,2600 2620,2592 2643,2600 2664,2594 2664,2552 2631,2552 2614,2540 2596,2536 2575,2546 2552,2544"/>
                <Baseline points="2564,2588 2609,2588 2653,2588 2668,2591"/>
                <TextEquiv>
                    <Unicode>ab.</Unicode>
                </TextEquiv>
            </TextLine>
            <TextLine id="tr_1_tl_17" custom="readingOrder {index:16;}">
                <Coords points="2926,2687 4180,2670 4182,2594 3630,2625 3281,2571 2926,2631"/>
                <Baseline points="2937,2677 2976,2674 3021,2677 3065,2677 3110,2677 3155,2674 3200,2674 3245,2674 3289,2674 3334,2671 3379,2674 3424,2671 3468,2671 3513,2668 3558,2671 3603,2668 3648,2668 3692,2662 3737,2662 3782,2662 3827,2662 3871,2659 3916,2659 3961,2656 4006,2656 4051,2656 4095,2653 4140,2653 4185,2656"/>
                <TextEquiv>
                    <Unicode>Dass stch Dr. de Koos wegen des Burg</Unicode>
                </TextEquiv>
            </TextLine>
            <TextLine id="tr_1_tl_18" custom="readingOrder {index:17;}">
                <Coords points="2556,2738 4014,2732 4213,2711 4215,2651 3682,2701 3496,2662 2556,2689"/>
                <Baseline points="2567,2737 2606,2737 2650,2737 2695,2737 2740,2734 2785,2734 2830,2734 2874,2734 2919,2734 2964,2734 3009,2731 3054,2728 3098,2728 3143,2728 3188,2725 3233,2722 3277,2719 3322,2713 3367,2719 3412,2719 3457,2719 3501,2716 3546,2716 3591,2719 3636,2713 3680,2716 3725,2713 3770,2710 3815,2707 3860,2707 3904,2710 3949,2707 3994,2710 4039,2707 4083,2707 4128,2707 4173,2704 4218,2704"/>
                <TextEquiv>
                    <Unicode>theatergastspiels mit „Liebelei" an Sie gewandt</Unicode>
                </TextEquiv>
            </TextLine>
            <TextLine id="tr_1_tl_19" custom="readingOrder {index:18;}">
                <Coords points="2563,2800 4219,2763 4219,2713 3950,2705 2565,2738"/>
                <Baseline points="2573,2794 2612,2791 2656,2791 2701,2788 2746,2788 2791,2785 2836,2785 2880,2785 2925,2782 2970,2782 3015,2782 3059,2779 3104,2779 3149,2779 3194,2776 3239,2776 3283,2773 3328,2770 3373,2773 3418,2773 3462,2773 3507,2770 3552,2770 3597,2770 3642,2770 3686,2770 3731,2764 3776,2764 3821,2764 3866,2761 3910,2761 3955,2761 4000,2761 4045,2761 4089,2758 4134,2758 4179,2758 4224,2755"/>
                <TextEquiv>
                    <Unicode>hat, ist xxx umso merkwürdiger, als ich tatsachlich</Unicode>
                </TextEquiv>
            </TextLine>
            <TextLine id="tr_1_tl_20" custom="readingOrder {index:19;}">
                <Coords points="2559,2858 4211,2835 4213,2763 2561,2794"/>
                <Baseline points="2570,2848 2606,2845 2650,2842 2695,2839 2740,2839 2785,2836 2830,2836 2874,2833 2919,2833 2964,2836 3009,2833 3054,2833 3098,2833 3143,2833 3188,2830 3233,2827 3277,2827 3322,2827 3367,2827 3412,2827 3457,2824 3501,2824 3546,2821 3591,2818 3636,2821 3680,2818 3725,2815 3770,2815 3815,2815 3860,2815 3904,2812 3949,2812 3994,2812 4039,2812 4083,2809 4128,2809 4173,2809 4218,2809"/>
                <TextEquiv>
                    <Unicode>persönlich die Sache sowohl im Sommer in Holland</Unicode>
                </TextEquiv>
            </TextLine>
            <TextLine id="tr_1_tl_21" custom="readingOrder {index:20;}">
                <Coords points="2563,2901 3988,2877 4159,2815 2565,2864"/>
                <Baseline points="2573,2901 2597,2895 2642,2895 2686,2892 2731,2889 2776,2889 2821,2889 2865,2886 2910,2886 2955,2886 3000,2886 3045,2883 3089,2880 3134,2877 3179,2880 3224,2877 3268,2877 3313,2877 3358,2877 3403,2874 3448,2877 3492,2874 3537,2871 3582,2871 3627,2871 3671,2871 3716,2871 3761,2868 3806,2865 3851,2865 3895,2862 3940,2862 3985,2862 4030,2862 4074,2859 4119,2850 4164,2848"/>
                <TextEquiv>
                    <Unicode>als im Herbst in Wien besprochen und so ziem -</Unicode>
                </TextEquiv>
            </TextLine>
            <TextLine id="tr_1_tl_22" custom="readingOrder {index:21;}">
                <Coords points="2565,2951 4058,2914 4173,2951 4188,2879 2565,2899"/>
                <Baseline points="2576,2949 2579,2946 2624,2943 2668,2946 2713,2943 2758,2940 2803,2940 2848,2937 2892,2937 2937,2937 2982,2931 3027,2931 3071,2934 3116,2931 3161,2931 3206,2931 3251,2931 3295,2928 3340,2928 3385,2928 3430,2928 3474,2925 3519,2922 3564,2922 3609,2922 3654,2922 3698,2919 3743,2916 3788,2919 3833,2916 3877,2913 3922,2913 3967,2913 4012,2913 4057,2913 4101,2913 4146,2913 4191,2916"/>
                <TextEquiv>
                    <Unicode>lich erledigt habe. Ich habe nicht unterlassen,</Unicode>
                </TextEquiv>
            </TextLine>
            <TextLine id="tr_1_tl_23" custom="readingOrder {index:22;}">
                <Coords points="2569,3011 4101,2976 4103,2920 2571,2951"/>
                <Baseline points="2582,2997 2585,2997 2630,2994 2674,2994 2719,2994 2764,2991 2809,2988 2853,2988 2898,2985 2943,2982 2988,2979 3033,2982 3077,2982 3122,2982 3167,2982 3212,2982 3257,2982 3301,2982 3346,2979 3391,2979 3436,2979 3480,2979 3525,2979 3570,2976 3615,2973 3660,2970 3704,2970 3749,2970 3794,2970 3839,2964 3883,2964 3928,2967 3973,2967 4018,2964 4063,2964 4107,2961"/>
                <TextEquiv>
                    <Unicode>Ihnen meine verwunderung schriftlich kund zu</Unicode>
                </TextEquiv>
            </TextLine>
            <TextLine id="tr_1_tl_24" custom="readingOrder {index:23;}">
                <Coords points="2565,3071 4027,3031 4093,3017 4093,2972 2567,3015"/>
                <Baseline points="2576,3056 2618,3051 2662,3048 2707,3045 2752,3045 2797,3045 2842,3042 2886,3039 2931,3039 2976,3039 3021,3039 3065,3039 3110,3036 3155,3036 3200,3033 3245,3033 3289,3030 3334,3030 3379,3030 3424,3030 3468,3027 3513,3027 3558,3024 3603,3024 3648,3024 3692,3024 3737,3021 3782,3021 3827,3018 3871,3018 3916,3021 3961,3018 4006,3018 4051,3012 4095,3012"/>
                <TextEquiv>
                    <Unicode>geben und werde natürlich die Aufführung der</Unicode>
                </TextEquiv>
            </TextLine>
            <TextLine id="tr_1_tl_25" custom="readingOrder {index:24;}">
                <Coords points="2575,3106 3793,3104 4103,3077 4149,3015 2577,3069"/>
                <Baseline points="2588,3098 2630,3095 2674,3095 2719,3095 2764,3092 2809,3089 2853,3086 2898,3086 2943,3086 2988,3086 3033,3086 3077,3083 3122,3083 3167,3083 3212,3083 3257,3086 3301,3083 3346,3080 3391,3080 3436,3077 3480,3080 3525,3074 3570,3074 3615,3071 3660,3071 3704,3074 3749,3074 3794,3074 3839,3071 3883,3071 3928,3068 3973,3068 4018,3065 4063,3065 4107,3062 4152,3056"/>
                <TextEquiv>
                    <Unicode>„Liebelei“ verbieten,wenn die Bedingungen, die</Unicode>
                </TextEquiv>
            </TextLine>
            <TextLine id="tr_1_tl_26" custom="readingOrder {index:25;}">
                <Coords points="2573,3180 4153,3182 4219,3151 4221,3052 3789,3102 2575,3104"/>
                <Baseline points="2585,3158 2612,3152 2656,3149 2701,3149 2746,3146 2791,3146 2836,3146 2880,3146 2925,3143 2970,3146 3015,3146 3059,3143 3104,3140 3149,3140 3194,3140 3239,3137 3283,3137 3328,3140 3373,3137 3418,3137 3462,3134 3507,3134 3552,3131 3597,3131 3642,3131 3686,3131 3731,3131 3776,3128 3821,3125 3866,3122 3910,3122 3955,3122 4000,3122 4045,3119 4089,3119 4134,3116 4179,3113 4224,3116"/>
                <TextEquiv>
                    <Unicode>ich mit ihm gemein am festgesetzt, nicht aufrecht.</Unicode>
                </TextEquiv>
            </TextLine>
        </TextRegion>
    </Page>
</PcGts>
