4504 4040
409 1008 1958 1130 un und ziehe immerhin noch in Erwägung, ob ich
421 1108 1847 1186 le wenigen deutsch-österre ichischen Bühnen
419 1132 1996 1254 loht etwa doch bei Otto Eirich belassen sollte.
539 1202 1914 1332 8. Mein Vertrag mit Harz-höte mir aller-
421 1272 1978 1379 ings die Möglichkeit mit neuen Auflagen zu ei-
421 1361 1884 1431 um andern Verlag überzugehen, aber ich weiss
421 1371 1988 1479 loht,ob ich diese Möglichkeit in diesem Augen-
425 1437 2002 1543 lick bereits ernstlich in Erwägung ziehen soll.
427 1501 1876 1573 er allem machte mich die Papierfrage bedenk-
425 1507 2008 1629 loh. Es gibt ja doch noch immer einzelne Bücher
425 1593 2040 1695 on mir in Ihrem Verlag, von denen Sie eine gerin-
431 1647 2006 1747 öre Anzahl drucken können als der Nachfrage em
439 1709 1964 1777 räche. Auch der Unstand, dass der Verlag Harz
431 1739 2026 1841 eigen-Angelegenheit (Aufhebung der Beschlag-
427 1807 1962 1880 ihme) prozessual sozusagen weiterführt, liesse
425 1853 1904 1930 inen Abbruch der Beziehungen untunlich er -
425 1894 1932 1974 cheinen. Dass es mir höchst sympathisch wäre
437 1946 1990 2046 ich den „Reigen“ in Ihrer Hut zu wissen, brau-
437 2004 1960 2076 ne ich nicht erst zu sagen. Jedenfalls müsste
437 2052 1950 2132 ine solche Transaktion auf gütlichem Wege ge-
437 2094 1930 2222 chehen. und vielleicht können sie mir da un-
433 2154 1455 2260 erbindliche Vorschläge machen.
675 2200 1958 2356 Dass Sie gegen unautorisierte Auffüh-
439 2238 1835 2378 ingen des „Reigen“ mit voller Strenge ein
437 2340 1912 2431 schreiten, ist ganz in meinem Sinne und ich es
431 2378 1998 2509 ichtige sie hiemit ausdrücklich solche Auffüh-
443 2449 1962 2541 ingen in der Ihnen geeignet scheinenden Weise
437 2523 860 2621 i verfolgen.
637 2573 1994 2691 10. Aus Königsberg erhielt ich ein Bele-
445 2649 1936 2741 ramm,dass dort die erste reichsdeutsche Auf
461 2715 1898 2777 ihrung der „Schwestern" stattgefunden habe.
455 2753 1773 2875 sind gar keine anderen Annahmen erfolgt?
675 2807 1982 2944 11. Referate über Reigen-Aufführungen
451 2887 2026 2986 isbe sondere solche in Wochen-oder Monatsschrif-
455 2948 2012 3050 en, die mir hier gar nicht zugänglich sind, sen-
1465 3006 1547 3062 11
455 3000 1916 3118 an Sie mir vielleicht gelegentlich (13omme) bitte zu
447 3074 1280 3148 Betrag 1.Abrechnung 14.3
449 3096 1966 3192 weisen an mein Konto, Deutsche Bank,München, L
437 3156 1493 3262 bachplatz.-Herzlichst grüssend
3639 848 3997 962 30.5.1921.
2445 940 2861 1066 Lscher
2675 1074 3178 1200 Lieber Freund.
2925 1192 4114 1310 Das englische Manuscript von Marry
2591 1278 4082 1383 Aldis sende ich mit bestem Dank zurück. Ich
2587 1334 4072 1435 kann mir nicht gut denken, dass irgend eine
2587 1385 4046 1479 Bühne das kleine Stück aufführenwird, denn
2593 1423 4080 1527 eigentlich ist es ziemlich indiskutabel und
2603 1479 4014 1575 ich wünschte, dass xxx die Veröffentlichung
2597 1509 4114 1625 wenn irgend möglich unterbliebe. Es ist wohl
2591 1577 4088 1691 anzunehmen, dass auch meine Novelle „Der Tod
2601 1633 4118 1741 des Junggesellen,nach der der Einakter ver-
2603 1683 4058 1783 fertigt ist, in englischer Sprache erschie-
2609 1731 4066 1833 nen ist; vielleicht liesses sich eruieren
2597 1815 3032 1922 wann und wo.
2990 1849 4144 1984 Von Gustaf Linden erhalte ich ein
2605 1944 4104 2044 Schreiben, in dem er mir u.a.folgendes mit -
2615 1970 4072 2080 teilt: „Parazelsus ist jetzt im Frühling in
2615 2028 4144 2148 Gothenburg gespielt und in den letzten Tagen
2609 2096 4038 2194 auch einigemale hier in Stockholm anläss-
2611 2128 4064 2244 lich eines Woissi-Gastpieles. Das lässt
2619 2186 4042 2294 wohl darauf schliessen, dass Moissi selbst
2627 2224 4138 2352 und natürlich in deutscher Sprache den Para-
2621 2288 4168 2394 celsus gegeben hat. Bitte der Sache nachzuge-
2621 2338 4078 2445 hen und meine Rechte in angemessener Weise
2627 2392 3973 2493 zu wahren. Und wie steht endlich unsere
2629 2445 4206 2551 andere skandinvische Affaire mit der Gross
2625 2487 4186 2615 Szene“? ich habe auch persönlich an Holländer
2625 2577 3050 2685 geschrieben.
3002 2627 4136 2727 Beiliegend die gewünschte Ermäch¬
2639 2677 4192 2817 tigung unberechtigte Aufführungen des „Reigen“
2629 2779 3090 2871 zu verfolgen.
3048 2817 4166 2937 Ist Herr Kramer noch immer nicht
2665 2903 4032 3006 azu zu bewegen die Tantièmen fürzdie ge
2651 2948 4214 3052 schlossenen Vorstellungen des „Reigen zu zah
2647 3000 4208 3112 len? Sind wir denn wirklich gegen alle diese,
2645 3052 4076 3188 um mich milde auszudrücken, Inkorrektheite
