4417 4039
426 1061 2072 1232 rekt das betreffende Stück von mir erwerben wol-
418 1169 2079 1315 len, so werde ich natürlich gerne durch Sie resp.
439 1271 2047 1402 Ihren Wertreter abschliessen lassen. Vielleicht
431 1355 2136 1521 können sie mir mitteilen, welches Pauschale für ch,
445 1479 1512 1627 Nansen'sch Stück gezahlt wurde.
912 1589 1892 1756 Mit vorzüglicher Hochachtung
3697 473 4007 613 j'y ai eu le
3593 791 4321 967 Über auszubse Bich
3615 933 4092 1054 9. April 1920.
2596 865 2987 1050 Pener
2999 1194 3498 1336 Lieber Freund.
2813 1319 4083 1449 1. In Abschrift lege ich Ihnen einen
2639 1436 4143 1565 Brief des Ath###aeum bei. Zur Erklärung die-
2647 1529 4143 1657 ne, dass ich bei diesem Verlag meine Ansprü-
2654 1621 4139 1744 che auf ein Honorar für die Buchausgabe der
2654 1735 4041 1841 „Komödie der Worte“ angemeldet hatte und
2637 1822 4164 1947 zwar vor allem mit Berufung auf eine Kundma-
2645 1924 4151 2051 chung des österreichischen Ministerpräsiden
2639 2028 4139 2149 ten vom 19.6.1887 R.G.Bl. 76: „Womit der mit
2632 2123 4158 2257 Ungarn erfolgte Abschluss des Ueberankommens
2630 2225 4126 2369 betreffend den gegenseitigen Schutz des Ur-
2628 2331 3999 2450 berrechtes von Werken der Literatur und
2630 2433 4168 2565 Kunst gegeben wird". Der Brief des Athenaeum
2618 2546 4130 2679 wird auch für Sie nicht ohne Interesse sein.
2626 2637 4102 2770 Wie steht es nun eigentlich mit dem Schutz
2618 2722 4175 2891 reichsdeutscher Autoren in Ungann? Und ferner
2618 2834 4134 2961 Geniessen nichtösterreichische Autoren, wenn
2630 2938 4092 3091 ihre Werke in einem reichsdeutschen Verlag
