4417 3976
3890 820 4155 983 20/8 /5
2376 1015 4091 1213 über die sache vernommen habe. Ob der Dramaturg und
395 1057 2091 1196 gehen ein für alle Mal sicherzustellen. Herr Kra-
1865 1173 2083 1248 gsbrü¬
385 1145 1856 1290 ner ist schon dadurch ununterbrochen vertrau-
2397 1177 4027 1310 Regisseur des Herrn Kramer die richtige Persön-
1863 1228 2074 1301 Gouvernement avec le
427 1271 2040 1399 chig, dass er, der verpflichtet wäre, stets am Be-
2363 1286 4003 1414 lichkeit ist, um bei diesem seinem Chef in einer
417 1333 570 1397 Gouvernement
412 1378 2051 1508 ginn eines Monats die Tantiemen für den vorigen
2371 1389 3931 1500 Streitsahre die Interessen des Verlags Fischer
374 1485 1942 1600 zu bezahlen, Wochen und Monate diese Bezahlung
2363 1495 4072 1606 zu vertreten, erscheint mir unter diesen Umständen
372 1564 2044 1711 hinausschiebt, ganz abgesehen davon, dass er einen
2365 1581 4059 1720 allerdings immer fraglicher. Mirxtfälkxxx
376 1673 2036 1805 Teil der Tantièmen überhaupt nicht zahlt. Es geht
2358 1677 3420 1822 xx Wennhaerxx
367 1790 2038 1908 nicht an sich ein solches Benehmen weiter bieten
2668 1752 4027 1918 5.) Dr. Paul Eger will auf sein Vorrecht
367 1876 2010 2002 zu lassen. Es wäre also wohl das pichtigste dem
2361 1831 3091 1985 bezüglich der „Reigen
3091 1891 4067 2040 — Aufführungen nicht verzich¬
2905 1944 3091 2014 G.C.H.F.P.
367 1959 2053 2074 Prager Landestheater resp. der derzeitigen Direk-
2358 1991 4014 2128 ten. Mir selbst aber scheint, dass die Kammerspie-
374 2087 2000 2196 tion selbstverständlich unter Angabe der Gründe
2350 2061 4029 2237 le in Hamburg gerade für den „Reigen“ viel geeig-
365 2143 2021 2305 sämmtliche Verträge über meine stücke ab 1.Okto-
2348 2183 4038 2341 neta sein dürften als das Deutsche Schauspielhaus.
1651 2252 1771 2314 G.H.F.P
357 2269 1886 2414 ber zu kündigen und Herrn Kramer anzuweisen,
2335 2262 3997 2429 In diesem Sinne will ich ihm noch einmal schrei-
773 2348 998 2410 melner
365 2388 1925 2506 über diejenigen Stücke, die er noch zu spielen
2346 2386 3738 2519 ben. Sind Sie nicht auch meiner Ansicht?
365 2493 2036 2606 wünscht, mit mir persönlich Vertrag zu schliessen.
2690 2470 3907 2649 Hingegen bitte ich ein Exemplar der
1331 2559 1803 2619 mais le prix aitourdreur les aveu-
355 2591 1987 2681 Oder geht es vielleicht an, dass ich automatisch
2343 2581 3973 2726 „Schwestern“ an Dr. Eger nach Hamburg und ebenso
361 2668 2006 2824 oder auf eine sonst juridisch einwandfreie Weise
2343 2702 3956 2831 eines an Geheimrat Zeis in Frankfurt zu senden.
352 2769 2012 2927 persönlich indie von Ihnen geschlossenen Verträ-
2335 2762 4027 2931 . In beiden wällen wäre ausdrücklich zu bemerken,
348 2903 2044 3014 ge eintrete? An Herrn Kramer selbst zu schreiben,
2341 2903 3967 3046 dass das Uraufführungsrecht das Deutsche Volks-
346 2989 1946 3147 unterlasse ich jedenfalls, bis ich Ihre Meinung
2331 3006 3956 3162 thoater in Wien xxx erworben hat und dass die
