4481 4040
586 911 1795 1023 so wiederhole ich mein Ersuchen im
592 999 1827 1062 valle Norbert, wie in allen künftigen
592 1061 1789 1117 mit grösster Energie vorzugehen und
594 1104 1816 1162 überhaupt Ihre Auslandsagenten anzu-
598 1150 1707 1212 weisen, dass nichts ohne Ihr resp.
586 1190 1851 1297 mein Einverständnis entriert oder gar
592 1246 1261 1338 abgeschlossen werde.
838 1274 1848 1375 Wenn wir bei Herrn Cesare Levi
594 1327 1782 1415 im Fall „Einsamer Weg“ auf Garantie
594 1400 1818 1478 verzichten und Ihn nur zur Erlangung
588 1452 1786 1510 einer Garantie bei dem betreffenden
583 1497 1864 1557 Theater verpflichten wollen,so erkläre
588 1546 1879 1628 ich mich damit ohne Präjudiz für künf¬
594 1600 1917 1670 tige Fälle einverstanden,bitte aber den
592 1649 1752 1711 Termin um so kürzer zu bemessen, in
592 1703 1789 1763 dem diese Autorisation zu erlöschen
583 1754 1789 1823 hätte, falls keine Annahme durch ein
592 1806 1838 1885 grösseres italienisches Theater resp.
583 1840 1799 1926 Zahlung einer Garantiesumme erfolgt,
583 1906 1874 1969 sagen wir bis 31. Oktober 1921, Und wie
586 1949 1818 2016 steht es mit den zahlreichen Italie-
586 2001 1874 2093 nischen Liebelei-und Anatol-Angelegen-
577 2052 838 2142 heiten?
821 2065 1818 2170 Ich bestätige den empfang des
1092 2151 1709 2215 hecks und bitte um
611 2145 1055 2230 Amsterdamer
1047 2190 1842 2263 stellung, worauf er sich
579 2194 1055 2263 freundl «che Wy
583 2243 1913 2325 bezieht. Die Uebersetzung Graesler haben
579 2297 1788 2365 Sie mir ja naulich schon direkt ver
577 2338 1877 2430 rechnet. Andere laufende Angelegenhei-
579 2398 1492 2471 ten sind mir nicht bekannt.
907 2470 1608 2582 Mit herzlichem Gruss
562 2809 1119 2916 Herrn S.Fischer,
562 2895 824 2979 Berlin.
3406 474 3566 596 1/1
2387 830 2916 967 F. T.D.C.
3436 892 3918 1014 1.April 1921
2606 1104 3114 1195 Lieber Freund.
2869 1205 4083 1313 Von den Hans Waid'schen Zeichnungen
2621 1242 3939 1349 finde ich insbesondere die drei ersten
2618 1313 4038 1402 sehr schön. Bei der vierten kann ich mich
2618 1368 4070 1445 mit der Auffassung des Casaneva-nicht ganz
2612 1422 4096 1503 befreunden, der da aussieht wie ein 90jähri-
2620 1465 3999 1551 ger Greis. Er ist gewissermassen mit den
2608 1527 4090 1596 erschreckten Augen der Marcolina, aber nicht
2599 1565 4104 1677 mit dem ruhigen Blick des Künstless gesehen.
2606 1626 4040 1703 Ausserordentlich finde ich überall Haltung
2610 1668 3959 1759 und Bewegung der Figuren; auch Luft und
2606 1711 4027 1814 Landschaft sind überall in einer ganz ge¬
2601 1784 4025 1861 heimnisvollen,besonders in dieser Technik
2601 1819 3984 1911 bewunderungswürdigen Weise da. Ich freue
2590 1887 3982 1958 mich sehr über die wohlgelungene Ausgabe
2593 1924 4075 2005 und bitte Sie auch an Hans Madrid meinen herz
2593 1984 4012 2056 lichen Dank zu bestellen. (Die restlichen
2591 2029 4068 2149 Exemplare sind noch nicht an mich gelangt).
2869 2127 3905 2205 Im Auftrage des Herrn Direktor
2584 2166 3972 2263 Wenzler aus Zürich war Herr rechtsanwalt
2591 2222 2717 2293 Dr.
2766 2222 4004 2312 eser bei mir, der mir bestätigte,dass
2591 2284 3972 2357 das züricher Theater ein Monopol hat so
2591 2329 4040 2425 dass tatsächlich Gastspiele an einer wirk-
2582 2363 3886 2455 lichen Bühne dort nicht möglich wären.
2582 2441 4074 2520 Selbstverständlich würden wir auch mit Wenz
2582 2485 4010 2571 ler nur gegen Garantie, die in diesem Fall
2582 2537 3894 2648 von mindestens 2000 Francs und 10% ab-
2573 2582 2970 2676 schliessen.
2882 2698 3924 2790 Bei dieser Gelegenheit bemerke
2571 2730 4014 2841 ich, dass ich mir ein Konto bei der Eidge
2578 2818 3926 2893 nössischen Bank in Zürich habe eröffnen
2569 2850 4038 2942 lassen. Schweizer Einnahmen wären also von
2567 2912 3969 3005 nun an, so weit sie mich betreffen, direkt
2571 2953 3161 3058 dort einzuzahlen.
