4432 3960
354 979 1868 1194 fehlt. Als Drucker ist genannt Kurt Hedrich,
2702 1046 3899 1169 ich erhielt von der Deutschen Bank
362 1100 1944 1281 Wien XII. Könnten sie nicht in einzelnen Buch¬
2424 1126 3989 1273 zugleich mit der Quartalssumme auch einen Be-
362 1218 1899 1404 handlungen in Berlin unauffälligen einblick
2430 1255 3983 1392 trag von 2424 Mark,Wert per 13.2. angewiesen.
376 1314 1948 1478 in die dort zum Verkauf aufliegenden Exemplare
2418 1365 3899 1476 Das ist wohl die Summe für die schwedische
1702 1390 1907 1453 geuen
380 1406 1929 1578 nehmen und nachsehen lassen, ob in sämmtlichen
2418 1449 3278 1582 Uebersetzung „Casandva“?
374 1523 1997 1692 Exemplaren der Drucker genannt ist Besteht nicht
2745 1543 3904 1676 Die 2600 Mark für die Neuauflagen
928 1639 1136 1704 nach dem
374 1613 1972 1803 sogar ein Gesetz, das die Auflagenzahl in jedem
2422 1647 3989 1794 bitte ich an mein Wiener Konto-zu überweisen.
386 1707 1886 1905 zum Verkauf gelangenden Buch angemerkt sein
2739 1735 3865 1868 Darf ich um freundliche Auskunft
2886 1833 3554 1919 von meinen Konto in
2430 1866 4034 1956 bitten, ob ich von der Deutschen Bank immer ei¬
390 1872 601 1993 muss?
605 1931 1927 2091 Die Abrechnung über das 1. Quartal 1918
2434 1956 3969 2081 ne beliebige summe an mein Konto hieher über
399 2031 2021 2201 habe ich erhalten. Es wundert mich, dass das Pra-
2436 2066 4081 2183 weisen lassen kann oder ob eine gesetzliche Li¬
932 2132 1980 2260 ndestheater mit dem „Bernhardi“
2440 2179 3090 2307 mitierung besteht?
854 2183 944 2291 La
934 2242 1038 2289 G.C.F.P
411 2201 750 2299 ger Deutso
443 2256 746 2318 uusuus-
413 2242 1997 2418 noch nicht darin figuriert. Nach der Ihnen be¬
2790 2240 3987 2369 Es kommt mir eine Kritik über eine
413 2352 1905 2495 kannten Kontroverse zwischen Kramer und mir
2859 2348 4079 2504 ###gesetzung von „Frau Beste und ihr
2859 2387 2990 2463 ber
2446 2363 2865 2487 ungarische U.
425 2426 1940 2589 würde es sich wohl empfehlen die Tantiemen -
2448 2463 3983 2596 Sohn zu. Die Üllebessetzung stammt von Elemer
701 2551 1022 2630 falls sie
423 2532 2046 2685 bezahlung zur vertragsmässig festgesetzten Zeit
3405 2542 3499 2612 sie
2442 2575 4016 2704 Paizs,erschienen ist die Uebersetzung im Ver-
433 2634 1913 2784 noch nicht erfolgt sein sollte, zu urgieren.
2440 2669 4024 2806 lag für Weltliteratur.Ladenpreis Kr.11.- Er -
452 2739 2031 2892 (An mich bitte die betrefffane Summe natürlich
2459 2767 4026 2910 innern Sie sich, dass wir je eine Autoriaation
435 2824 2013 2978 erst bei der nächsten fälligen Quartalsabrech-
2455 2876 3006 3021 erteilt hätten?
2822 2972 4126 3125 In der Sache Rosenbaum ist noch keine
427 2965 1157 3119 nung zu verrechnen).
2455 3068 3789 3219 weitere Verständigung an mich gelangt.
2624 3174 3452 3344 Mit herzlichem Gruss Ihr
