4471 4071
344 1079 1934 1284 Überlassen, die Liste habe ich nicht zur Hand, Sie er
377 1156 1938 1319 halten Sie demnächst. Von der Schweiz war zwischen
372 1214 1910 1381 mir und FrlöHerz überhaupt nicht die Rede, vielmehr
383 1242 1998 1416 ich habe es ausdrücklich abgelehnt den Verlag Karesag
390 1310 1868 1465 mit meiner alleinigen Vertretung in irgend einem
412 1344 2002 1504 Lande zu betrauen, sondern ihm abgesehen von jener
390 1403 1949 1570 Liste/ nur anheimgestellt mich von eventuell an ihn
429 1454 2002 1621 gelangenden Anträgen in Kenntnis zu setzen. Wie Sie
429 1498 1923 1667 sich erinnern hat man sich von Italien aus direkt
1363 1555 1940 1641 wegen amt meiner
463 1592 1414 1716 an St iniager ( Verlag Karczas..
399 1610 1921 1769 stücke gesandt. Ich hatte dem Verlag Fischer eine
443 1652 2031 1808 ganze Anzahl von Briefen aus Italien die sich direkt
443 1714 1987 1863 an mich wandten, zu weiterer Behandlung übermittelt,
454 1742 2057 1907 es kam nichts zustande und ich ersuchte Sie daraufhin
447 1793 2033 1962 mir das Material wieder zurückzustellen,was Sie auch
456 1850 1984 1998 taten. Ein einziger Fall  Raggio sohien zu einem
423 1921 1910 2046 Resultate führen zu wollen, ich schaltete diesen
458 1929 1958 2095 daher aus und bat Sie diese Angelegenheit selbst
432 1982 2000 2158 zu Ende zu bringen. Ich weiss nicht,ob es bisher ge
2489 2017 4244 2086 sieren wird. Hat sich Ihr Herr Damez zu diesem Fall schön
434 2046 1998 2196 schehen ist. Mir ist es genau so unangenehm einen
2491 2075 4110 2147 geäussert. Sie hatten seinerseit Verhandlungen wegen
438 2095 2000 2233 Antrag,ner von Karczag aus an mich geleitet wird,an
2489 2132 4216 2200 cechischer Aufführungen des Reigen, die sich zerschlugen.
443 2154 1912 2297 Ihren Verlag weiterzugeben, als es mir unangenehm
474 2174 2174 2346 wäre einen Antrag, der an Sie kommt,an Karesag überweisen
2498 2180 4081 2242 Was aber Herrn Krauer anbelangt,so mussten wir doch
2517 2229 4191 2293 endlich etwas höchst Energisches unternehmen, um diesen
445 2240 2033 2399 zu müssen. Sie wissen ja, dass in jenen Fällen, wo man
2495 2273 4064 2339 unmöglichen Menschen zur Raison zu bringen. Das ist
454 2284 2077 2447 sich direkt an mich wendet, ich, von seltenen Ausnahmen
463 2330 2218 2500 abgesehen,solche Anträge an Sie weiterleite. So sympathisc
2491 2313 4224 2414 oben das Schlimme* was auf anderm Gebiete ein Individuum
2491 2370 4042 2447 geschäftlich, gesellschaftlich menschlich unheilbar
456 2385 1958 2548 tisch,so bequem, so seitersparend es für mich wäre
2511 2399 4282 2493 kompromittieren musste, gilt im überarich-geschäftlichen
496 2436 2022 2588 cas ginze Ausland immer und ein für alle Mal einem
2489 2471 4035 2544 Verkehr immer noch für erlaubt  so wie einmal das
465 2511 1969 2647 einzigen Verlag zum Vertrieb zu übergeben;- meine
467 2524 2139 2687 bisherigen Erfahrungen sprechen wahrhaftig nicht dafür.
2495 2528 3876 2603 Betrügen beim Pferdeverkauf unter Offizieren.
465 2588 2108 2742 Ein Bahnonverlag tut ja im Allgemeinen nichts anderes,
2793 2590 4244 2713 Bitte sagen Sie mir,wann Sie nach Berchtesgaden
474 2652 2070 2788 kann Ja. kaum etwas anderes tun als einfach die Anfra
2478 2667 4057 2733 kommen und wie lange Sie dort zu bleiben gedenken.
478 2696 2029 2848 gen und Anerbietungen abwarten, die an ihn gelangen
2487 2727 4094 2786 Ich durfte gegen Ende August nach Baiern fahren
476 2744 1976 2892 Seinen Vertretern im Ausland fehlt es meistens an
2487 2773 4103 2861 es wäre mir in jeder Beziehung höchst erwunscht,wenn
487 2760 2132 2940 Uebersicht,an lnitiative und die ausländischen Direk.
2487 2824 3993 2905 ich Sie wieder einmal sehen und sprechen könnte.
491 2846 1951 2991 toren und Theaterunternehmungen wiesen sehr wohl
487 2868 2077 3044 dass Sie diesen Vertretern bieten könn dürfen,was so
2885 2898 3513 3002 Mit herzlichen Gruss
1788 2934 1995 3009 Die Ur
489 2969 1749 3090 viel, und besonders so wenig sie wollen.
3097 2978 3202 3050 Ihr
487 2969 2064 3141 heberrechtsverhältnisse sind wenig geklärt und auöh
529 3028 2117 3189 die Autoren sehen,was ihnen aus dem Ausland zukommt,
489 3086 2033 3242 nicht so sehr als das ihnen gebührende Honorar, soo
498 3123 2070 3295 dern als einen Lotteriegewinnst an. Doch dies führt
2436 3108 2791 3235 Eheärrelisch
3872 967 4046 1081 2/8
2456 1101 4112 1183 schon ins Allgemeine und über den speziellen Fall, der
2458 1178 4130 1247 mich diesmal zu meinen Aeusserungen veranlaest,dürftam
2462 1220 4161 1297 wir nun im Reinen sein. An den Verlag Karosag schreibe
2458 1280 4130 1341 ich noch heute und werde ganz nach Ihrem Wunsch in die
2465 1328 3791 1425 von ihm arrogierten Kompetenzen eingseifen.
2724 1403 4134 1513 Ich erhielt von der Eidgenössischen Bank in
2484 1456 2943 1540 Zürich tausend
2989 1476 4136 1544 rungs angewiesen, doch weiss xon nicht
2495 1495 4211 1588 worauf diese Summe zu verrechnen ist. Wohl Vorschuss für
2491 1575 4163 1643 den "Reigen Zürich' Ich möchte bei dieser Gelegenheit
2489 1625 4127 1700 nochmals frügen, ob es nicht möglich wäre, dass Sie die
2515 1672 4103 1736 auf Ihren Verlag entfallende Breutssen immer gleich
2491 1722 4174 1799 in Abzug bringen, so dass dann die langweilige Verrech
2489 1777 4176 1830 nung am Quartalschluss wegfallen könnte' Auch aus Valu
2495 1828 4167 1896 tagründen schiene es mir sowohl in Ihrem als in meinem
2500 1874 3271 1967 Interesse am richtigsten.
2793 1940 4200 2044 Ich sende hier eine Notiz ein, die Sie interes
