4386 3994
2956 1037 3087 1119 auch
351 1060 1913 1175 zu fragen, sondern auch, dass sie es gratis tun
2472 1070 4104 1193 "Reigen" -Sache an Bloch wenden? Dann müsste ich
2468 1158 4071 1318 ihm wohl auch den Vertrieb für die anderen Län¬
353 1173 1872 1308 dürfen, worüber man sie doch einmal aufklären
2460 1277 4032 1402 der, In-und Ausland,geben, was bei seinen guten
346 1302 597 1408 müsste.
2468 1380 4045 1509 Beziehungen zu den ausländischen Bühnen immer-
523 1378 1976 1505 Nach weiteren Nachrichten, die Aufführungen
353 1437 1878 1626 des „Reigen“ in Russland betreffend, soll in
2460 1472 4020 1597 hin zu bedenken wäre. Darf ich Sie bitten mir
351 1570 1937 1728 Moskau des Künstlerische Thater (Stanislawsky)
2468 1597 4010 1704 gelegentlich die Gutachten über den „Reigen“,
357 1663 1939 1794 die szenen gepielt haben. Ob nun ida oder dort
2454 1665 4010 1800 die noch in Ihren Händen sind, zurückzusenden.
357 1810 1988 1896 jedenfalls ist der „Reigen in sehr vielen russi-
2636 1808 4084 1904 Die Bühnenvertriebgeldernbitte ich diesmal
353 1868 1909 1986 schen Städten im Laufe der letzten zwei Jahre
2462 1868 4038 1984 an die Deutsche Bank zu überweisen. Die Abrech-
2466 1982 4049 2116 nung erhalte ich wohl bald. Vor 2 oder 3 Mona-
357 1962 1925 2093 aufgeführt worden. Sie haben doch wohl einen
1972 1968 2085 2112 m
361 2066 1902 2218 vertreter in Russland. Möchten Sie sich nicht
2468 2070 4020 2204 ten schrieben Sie mir, dass der Betrag für die
357 2194 1902 2306 durch ihn erkundigen xxxx und eventuell, was
2462 2171 4059 2298 schwedische Uebersetzung von „Casanova“ an die
344 2267 1931 2382 keineswegs aussichtslos erscheint, meine Rechte
2456 2282 3952 2425 Deutsche Bank geleitet worden sei. Ich habe
353 2370 1898 2480 wahren lassen? Man könnte ja diesem Vertreter
2460 2405 3954 2513 aber bisher noch keine Bestätigung von dort
371 2478 1982 2620 (oder einen Andern) für seine Bemühung eine hohe
2462 2501 2788 2612 erhalten.
346 2575 1943 2733 Provision, sagen wir 20% zusichern. Es fliessen
2587 2567 4092 2724 Ich werde in diesem Brief eben unterbrochen
351 2669 1759 2839 ja jetzt so viele Rubel aus Russland nach
2460 2702 4104 2835 durch einen neuen „Reigen“-Antrag für Wien,über
346 2778 1902 2944 Deutschland und zu weniger harmlosen Zwecken.
2454 2800 4057 2899 den ich schon morgen schlüssig werden muss. Ein
346 2880 1970 2991 Uebrigens glaube ich Ihnen ja schon geschrieben
2454 2880 3971 3011 Sommergastspiel des Deutschen Volkstheaters,
346 2977 1964 3089 zu haben, dass ich neulich von Bloch, Moskau, Tan-
2456 3007 4094 3145 in dem eigens adoptierten mittleren Konzerthaus-
344 3087 1937 3198 tiemen erhielt. Oder soll ich mich etwa in der
2462 3091 3926 3253 Saal. Beginn Mitte Mai.Sobald ich mich ent
