4471 4071
3364 896 3733 995 26.9.1921.
2340 963 2921 1103 uscher
2452 1135 2958 1247 Lieber Freund.
2722 1192 4050 1308 1. Beste, dank fü ichrichten über
2498 1259 4109 1373 Herrn Dezez und Kramer, die weiter nicht überra¬
2511 1316 4071 1416 scheid wirke n. Ich bitte also alle Prager Ange
2509 1359 4109 1471 legenheiten in bekannter Weise weiterzu verfol-
2523 1414 4048 1525 gen. Leider ist es mir nicht mehr möglich ge¬
2513 1465 4046 1582 wesen die übrigen deutsche Bühnen in der Ce¬
2517 1513 4052 1621 choslowakei und Jugoslawien dem Karczag schen
2549 1550 4152 1664 achtbereich zu entziehen. Doch ist das praktisch
2527 1621 3995 1716 wirklöch bedeutn, slos, da es sich ja nur um
2517 1664 4067 1792 gelegentliche Aufführungen in Städten zweiten
2519 1725 4026 1822 bis vierten Ranges handelt,die von Ihnen res
2521 1753 4154 1875 Eirich geschlossenen Verträge selbstverständlich
2519 1820 4060 1928 weit: Flaufen und ich mir überdies ausbedungen
2523 1877 4105 1985 habe, dass aus dem Umstand irrtümlicher Zahlun¬
2527 1903 4142 2037 gen solcher Bühnen an Eirich keinerlei Weiteru
2559 1972 4020 2066 en erfolgen. Im übrigen h be ich dem Verlag
2535 2019 4103 2129 Karczag, wie Sie auch schon wissen, nichts wei¬
2537 2062 4109 2175 ter gestattet als mit einzelnen meiner älteren
2533 2119 4134 2236 Stücke in solchen vändern, wo der Verlag Fischer
2537 2165 4146 2275 im Laf der Jahre keinerle Abschluss zu erzie-
2533 2222 4119 2330 len vermochte, Versuche der Plazierung zu unter
2537 2273 4146 2389 nehmen, auch in die an Fällen ist ein Abschluss
2543 2336 4087 2448 nur mit meiner ausdrücklichen Genehmigung ge¬
2549 2368 4152 2486 stattet und ausdrücklich stgestellt,dass, wenn
2543 2415 4172 2535 inders durch den Verlag Fischer irgend ein Antr###
2537 2478 4071 2592 xichx an mich gelangt ich ohneweiters berech
2551 2525 4123 2641 tigt bin auch durch die xxx Verlag abschliessen
2549 2592 4067 2691 zu lassen. Zwei fellos hat Karczag durch sein
2549 2624 4077 2748 Operettengeschäft da u dort bessere Verbin-
2551 2685 4091 2785 dungen als Sie und d ich mir ja für das Aus¬
2557 2740 4038 2842 land freie Hand vorbehalten habe,bestent ja
2557 2754 4136 2892 wirklich kein Anlass, dass ich Chs noen, die sich
2555 2828 4128 2941 da um dort durch die Vermittlung Karczags er-
2561 2882 4166 3002 geben könnten, unbenützt lasse. Eben hat er über
2563 2929 4142 3051 „Reisen in Rumänien recht jünstig abgeschlos¬
2568 2988 4168 3098 sen. Herr Alfred Weiss, nach dem Sie sich erkun-
2570 3041 4046 3144 digen, hat sich auf meine Veranlassung schon
2568 3094 4146 3193 vor Monaten an Sie gewandt. Ich ha be Ihnen da¬
2570 3118 4184 3248 mals auch seine an mich gerichteten Briefe über
2570 3195 4178 3299 sandt. Er erhielt von Ihnen,wie er mir schrieb,
