4348 4040
149 1030 1914 1223 auch aus sämtlichen Kritiken hervorgeht, bejammernawürdig
158 1182 923 1290 schlecht gespielt worden.
523 1230 1818 1356 6. Die Theatervertriebssumme für das zweite
174 1262 1942 1416 Quartal bitte an mein Honto Daulache Bank, Berlin, Depositen
188 1336 1760 1483 kasse P. zu senden. Bei ganz flüchtiger Durchsteht
204 1379 1946 1517 der Abrechnung fällt mir auf, dass Hamburg "Reigan fehlt."
207 1414 1983 1563 Wie ist das zu erklären. Es haben ja auch im letzten Vier¬
207 1483 1953 1616 teljahr dort ziemlich zahlreiche Aufführungen des "Reigen
204 1602 647 1698 stattgofuncen.
544 1593 1884 1753 7. Den kleineren Thostern bitte Reigen nach
204 1655 1937 1818 wie vor nicht zu gebtatten. Inder Cechoslowakei habe ich
213 1730 1900 1882 es Karlsbad etc. verbieten lassen. Nun veranstalten die
216 1786 1788 1930 dortigen Direktionen einfach Vorlesungen im Theater
218 1806 1905 1990 ohne jede Autorisation. Ich lasse dagegen einschreiten.
262 1907 1462 2031 Bitte auch jode Vorlesung zu verbieten.
672 1958 1923 2157 Ist die Angelegenheit "Liebelei" Italien
220 2033 730 2187 Raggio, goordnet:
714 2107 1235 2263 Herzlichen Gruss
872 2217 989 2302 Lnr
2247 897 2534 1012 Pisches
3298 925 3973 1060 Alt-Aussee, S.S.1921.
2479 1095 2933 1209 Lieber Freund.
2664 1184 3952 1299 Solbstverständlich beruht jene Mitteilung
2297 1255 3858 1345 des Verlags Karoxeg an Kantoraxiex bestenfalls auf
2309 1287 4152 1402 einem Missverständnis. Sie wissen ja, zum mindesten hab ich
2332 1349 3950 1450 ich es oft genug gesagt, daos ich das Ausland mir vor
2341 1402 4019 1503 behalte und von Fall zu Fall je nach den Anträgen, die
2336 1460 3957 1542 an mich gelangen, und je nachdem auf welchem Wege sie
2341 1519 3959 1597 zu mir gelangen, die Anträge selbst erledige oder den
2345 1563 3922 1655 betreffenden Uebermittlern zur weiteren Verhandlung
2345 1588 3986 1705 überlasse. Was Eirich anbelang isteht es ƒ Sie könnten
2341 1650 4053 1753 auch das in früheren Briefen von mir nachlesen folgen-
2348 1680 4083 1799 dermassen: Fräulein Herz hat bei dem verstorbenen Eirich
2348 1756 3934 1857 alle meine Geschäfte gefahrt. Nach dem Tode Eirichs
2350 1786 4041 1905 ging sie zur Firma Karczag über. Ich hielt es für rich
2359 1861 3922 1951 tig die Agenden weiterhin ihr au überlassen und be
2359 1912 3957 2004 liess nur Deutsch-Oesterreich dem jungen Eirich,wo
2350 1953 3934 2052 rüber ich mich mit ihm aufs Gütlichste verständig
2359 1983 4002 2109 habe. Ich möchte bei dieser Gelegenheit einzugen, dass
2359 2072 3943 2164 die Witwe Eirich bisher noch immer nicht zu bewegen
2357 2079 4037 2210 war mir die Abrechnungen aus der Verlassenschaft ihres
2362 2155 4039 2254 verstorbenen Manns, noch viel weniger die für mich dort
2366 2201 4090 2311 noch erliegenden Summen zu überweisen. Ich habemich nun
2368 2265 3943 2359 durch meinen Advokaten an den Notar gewandt, der die
2371 2293 3980 2403 Verlassenschaft zu verwalten hat; bisher gleichfalls
2368 2355 3945 2465 vergeblich. Der Verlag Karcag hat also (durch Frl
2368 2403 4138 2511 Herz' ganz offiziell die Succaaichasianten, Cechoslowakei
2375 2456 4019 2554 Jugoälawien in der Hand: Durch sein Operettengeachäft
2368 2508 4014 2635 ist der Verlag Karczag überdies imstande, insbesondere
2403 2561 4002 2660 auf dem Balkan, allerlei zu erreichen und vielleicht
2375 2614 4035 2708 auch zu kontrollieren,was der Einflussphäre des Ver
2380 2646 3931 2770 lags Fischer sich leicht entziehen könnte. Auch in
2375 2674 3980 2811 den weetlichen Ländern, insbesondere Italien und Spa
2375 2761 3902 2871 nien, sind die Beziehungen des Verlags Karesag von
2382 2791 3996 2915 reicherer und aussichtsvollerer Art als es die Ihren
2382 2862 3906 2974 sein dürften. So hat er neulich mit Spanien einen
2385 2883 4053 3016 Vortrag über den Anatal (wohlgemerkt Aufführungsrecht)
2394 2963 4037 3062 zu den von mir gewünschten Besiegungen abgeschlossen.
2389 3025 3957 3110 Nun habe ich knapp vor meiner Abreise FrlöHers pro
2401 3080 3970 3181 beweise fur Italien und Spanien auf eine ganz be
2389 3105 3922 3241 schränkte Zeit den Vertrieb einiger meiner Stücke
