4427 4058
3477 1023 3875 1143 23.10.1920.
2564 1267 2663 1366 An
2838 1336 3449 1447 S. Fischer, Verlag,
2978 1391 3849 1516 Theaterabetilung,Ausland,
678 1425 769 1531 G.C.P.
3662 1482 3912 1598 Berlin.
2877 1581 4086 1685 Vor kurzem erhielt ich einen Antrag
2574 1634 4076 1750 von B. Cutti, Mailand, das italienische Ueber-
2562 1693 4194 1809 seitzungsrecht des „Anatol“ und das Aufführungs¬
2570 1768 4054 1839 recht betreffend. Er schlug vor die Teilung
2570 1809 4062 1890 der Tantiemen 50 3/8 für ihn, 50% für mich ab
2570 1864 4113 1951 züglich 10% der Societa degli Autori), Ausfüh-
2570 1916 4090 2002 rung des Kontraktes durch die Sozietät, vier-
2574 1945 4153 2046 teljährige Verrechnung. Spesen der Uebersetzun¬
2574 2014 4030 2097 und Kopien trägt Herr Cutti. Ich habe mich
2578 2081 4050 2158 geneigt erklärt auf dieser Basis zu verhan-
2578 2109 4133 2196 deln resp. abzuschliessen unter der Bedingung
2574 2174 3971 2259 einer vorherzuzahlenden Garantie von min
3256 2213 4125 2306 Hiezu hat mir ein mit den
2580 2239 3238 2298 destens 1000 Lire.
2584 2278 4058 2351 italienischen Verhältnissen sehr vertrauter
2578 2339 4084 2428 Mann, Direktor Steininger, drin endst geraten.
3045 2389 3331 2452 raavant ee ee
2921 2399 4044 2521 Ueber „Anatol“ kann ich Ihnen al
2574 2485 4032 2560 so heute noch nichts sagen; im Prinzip aber
2604 2535 3997 2619 wäre ich sehr gerne bereit Ihnen das Ver-
2594 2564 4074 2659 triebsrecht über einige meiner dramatischen
2590 2631 4074 2714 Werke über die wir uns noch einigen müssteh
2586 2680 4042 2763 für die Dauer eines Jahres für italien und
2590 2730 4066 2814 Südamerika in italienischer Sprache zu über
2590 2793 4072 2866 lassen. Natürlich zu den üblichen,erst neu-
2590 2836 4141 2919 lich zwischen uns für Auslandsbetrieb festge¬
2590 2885 4103 2968 stellten Bedingungen: 15% Provision für Sie.
2586 2948 4105 3025 Die Veränderungen, die Sie diesmal vorschlagen,
2594 2994 4117 3080 sind mir nicht recht verständlich, insbesonde
2596 3053 4109 3120 re der Unterschied zwischen der Tantiemenbe-
2590 3100 4135 3203 rechnung bei Werken, die in den ersten 6 Mona¬
