4461 4058
3471 844 3830 944 13.3.1922.
2393 776 2927 983 Pieter
651 1006 1958 1108 An das Puppantheater in Frankfurt habe
2475 1004 3434 1156 Sehr xxx rehrter Herr Greiner
419 1076 2007 1186 ich mich persönlich um nähere Auskunft gewandt.
2726 1131 4021 1248 Meine Stellungnahme zu der unentschie
653 1158 1991 1254 Meine Karte, das Projekt Genasch heref -
2523 1205 4050 1309 denen Haltung diverse: Behörden und Direktor
415 1238 1999 1318 fend, haben sie wohl erhalten und teilen gewiss
2525 1258 4037 1373 ren zu der Aufführung des „Reigen“,wovon Sie
423 1293 2030 1383 meine Ansicht, dass eine Auslandstournee mit dem
2529 1293 4074 1431 mir Mitteilung machten, möchte ich dahin präsi
427 1338 2022 1416 „Reigen allein ohne ein anderes meiner Stücke,
427 1390 2007 1502 inopportun erschiene und daher nicht gestattet
2531 1408 2789 1492 sieren:
2740 1443 3988 1568 Man kann ein sehr anständiger Mensch
425 1451 839 1552 werden darf.
2537 1509 3980 1644 sein und sich gegen die Aufführung des „Ré
659 1504 2034 1615 Ist Ihnen bekannt,ob die „Schwestern“ in
2539 1550 4093 1683 gen erklären, man kann ein Schublak sein und
419 1593 1979 1671 Ungarn, für die Dr. Marton eine kleine Garantie
2541 1624 3984 1726 für die Aufführung des.Reigen eintreten.
427 1644 1761 1757 gezahlt hat, schon gespielt worden sind?
2551 1650 4056 1782 Ich beurteile die Menschen ebenso wenig hach
2549 1712 4027 1821 ihrer Einstellung zur Aufführungsmöglohkeit
669 1718 1940 1835 Ist wegen der „Schwestern“ in Holland
2543 1773 3883 1892 des „Reigen" als nach ihrer Konfession.
423 1794 1470 1874 mit Beziehung auf jenes vermut
1525 1792 1933 1870 che Plaglat,
429 1841 2077 1933 über das ich Ihnen neulich schrieb, etwas eruiert
2746 1825 4033 1985 Einem Polizeipräsidenten aber, der die
2549 1917 4027 2036 Aufführung des „Reigen“ zwar verbieten,aber
431 1911 696 2003 worden?
2549 1962 4033 2087 doch gern um das of izielle Verbot herumkom
669 1962 1911 2073 Es besteht nun doch wie ich eben an
2559 2016 4033 2141 men mochte, kann ich nur raten von einem Amt
423 2057 1911 2130 Herrn Fischer geschrieben, eine gewisse Wahr
2555 2069 4019 2178 zurückzutreten, zu dem ihm die meines Erach
429 2104 1929 2184 scheinlichkeit für meine Reise nach Schweden
2553 2116 4037 2247 tens notwendigste Einung, nämlichder Mut der
1860 2139 1962 2182 G.C.
439 2153 2022 2223 und Holland. Es würde mich sehr freuen anlass-
2562 2157 3933 2291 eigenen Meinung fehlt, der in diesem Fall
2568 2213 4095 2321 nicht einmal besonders löwenmässig sein müss
427 2198 2024 2289 lich meines Aufenthaltes in Berlin einmal auch
2568 2245 4123 2379 te. Was den hiraktor anbelangt, so bestand für
431 2262 2028 2334 mit Ihnen persönlich über unsere diversen Ange-
435 2286 2052 2418 legenheiten reden und Ihnen für Ihre vielfachen
2568 2311 4123 2434 ihn,ebenso wie für sämmtliche andere Direkto
2572 2352 4138 2486 ren keinerlei Nötigung das Stück zur Aufführung
433 2364 1392 2459 Bemühungen danken zu können.
2570 2434 3992 2533 anzunehmen. Wenn er aber einen Vertrag ab
698 2442 1780 2527 Mit den verbindlichsten Grüssen
2574 2442 4070 2596 schloss, so hat er ihn natürlich zu erfüllen
2578 2508 4123 2623 oder die Konventionalstrafe zu bezahlen. Di-
1004 2504 1671 2615 Ihr sehr ergebener
2572 2568 4101 2697 plöätische Verhandlungen zwischen direktoren
2576 2601 4132 2744 und Behörden kümmern den Autor nicht im Aller
2576 2676 4023 2806 geringsten, asxistxxsackaxxx und meiner
2580 2709 4111 2851 Ansicht nach hat auch der Verlag hierauf két
2586 2779 4037 2884 ne Rücksicht zu nehmen. und ich für meinen
2596 2822 4037 2943 Teil lehne es in jedem Falle ab Männer, die
2586 2871 4050 2997 sich in leitender und varantwortungsvoller
2592 2929 3992 3052 Stellung befinden, in ihrer von Tag zu Tag
2596 2970 4062 3112 überhandnehmenden Neigung zu leichtfertigen
421 3140 1599 3268 Herrn Leo Greiner,S.Fisohr,Verlag,
690 3222 965 3311 Berlin.
