4408 4041
3426 916 3799 1025 19.9.1921.
2249 808 2687 1015 Fischer
314 1058 1775 1143 Geduld zu haben. Wenn er nicht unverzüglich
2486 1096 2973 1187 Liebe F Freund.
304 1135 1878 1187 zahlt, entziehen sie ihm doch alle Stücke, even
310 1179 1842 1254 tuell wäre auch ein allgemeiner Boykott durch
2762 1163 4050 1275 ein Telegramm bezüglich Ziegels haben
298 1224 1769 1311 zusetzen. Nachsicht absolut nicht am Platz.
2523 1238 4138 1333 Sie emalten.Zur Unterstützung seines Ansuchens
2531 1287 4034 1374 habe ich mich neben anderen Gründen auch auf
580 1293 1899 1396 6. Von Dr. Marton ist mir die Summe von
2537 1343 3939 1429 Fürsprache meines bei Ziegels engaierten
946 1376 1807 1435 zugekommen, ich nehme an
318 1352 936 1455 5000 Kronen (ung.
2557 1388 4042 1477 Freundes Paul Marx berufen. Doch ha be ich aus
310 1400 1876 1508 dass sie sich auf das Aufführungsrecht für die
2537 1445 4040 1530 drücklich betont, dass ich di Verpflichtungen
3712 1487 4075 1554 digen schon
375 1475 1033 1570 schwestern bezieht.
2539 1499 3718 1576 der Kammeriele bezüglich des „Rei
3712 1534 3817 1583 G.C.
2535 1538 4063 1631 darum für eine allen andern v oran ehende hal¬
713 1540 1765 1631 Wie steht die Angelegenheit der
2537 1583 4138 1672 te,, weil es ja gerade der „Reigen war, der da s
308 1627 1828 1716 schwdischen (oder auch dänischen?) "Parazel¬
2531 1643 4065 1736 Theater aus einer sehr prekären Lage gerettet
314 1676 1275 1775 sus-Aufführungen mit Moiss?
2537 1698 4038 1777 hat. Es ersch iene mir also etwas lacherlich,
2543 1734 4079 1830 wenn die nichtgezahlten Reinen-Tanniemen dazu
620 1732 1937 1866 8. Ist die Angelegenheit "Berta Carlan"
2539 1797 4071 1890 benützt würden,um an andere Autoren Tantiemen
322 1820 1102 1927 Spanien we tergediehen!
3088 1856 3272 1949 le feuilleur de ses
2539 1872 2946 1963 auszuzahlen.
606 1901 1939 1990 9. Wie steht es mit dem Gastspiel „Rei-
2742 1917 4020 2034 Mein verstümmeltes Telegramm enthielt
310 1947 1937 2028 gen" in Holland? resp. mit der gleichzeitigenxxx
2537 1998 4052 2101 die Verständigung, dass Krauer die Reigen-Tan
308 2030 1818 2107 Aufführung eines andern Stücks voh mir durch
2697 2042 4134 2144 xxx irrtümlich an den Verlag Karczag ausbe-
314 2081 1023 2170 das gleiche Ensemble.
2545 2083 2658 2136 tie
2543 2099 4117 2190 zahlt habe. Ich habe dafür Sorge getragen, dass
2543 2156 4057 2243 Prag auch vom Verlag Kalczag aus verstandigt
586 2150 1923 2249 10. Beiliegend ein Brief des Dir Arnim.
1712 2213 1816 2255 4.
2545 2198 4085 2298 werde, xxxx as seien die Tantiemenzahlung
304 2225 1868 2292 Ich habe ihm geschrieben, dass ich dag en bin.
2543 2257 4020 2348 direkt an mein Konto der Zivnostenska Banka
2551 2304 4107 2389 zu entrichten und die Abrechnungen an Sie, Ver-
580 2310 1913 2405 11. Unberechtigte Aufführungen und ins-
2549 2357 4152 2440 lag Fischer, zu senden. Ich bitte Sie also,falls
1390 2369 1844 2444 Reigen, bitte
316 2379 1384 2446 sondere auch Vorlesungen des
2555 2409 3996 2494 diese Abrechnung noch nicht an Sie gelangt
308 2438 1741 2525 auch weiterhin unnachsichtige zu verfolgen.
2551 2450 4002 2553 sein sollte, die Direktion um eine solche zu
2555 2508 4115 2596 erstchen. Denn auch bei Karczag ist meines Wi¬
1583 2490 1840 2579 visionen
586 2500 1664 2612 12. Ich xxx hme an, dass die Provi¬
2549 2559 4097 2662 sens keinerlei Abrechnung eingelangt. sondern
1657 2567 1842 2640 Ce n e
310 2571 1664 2640 von den direkt an mich gelangten Honoral
2573 2590 4176 2695 nur eine Verständigung des Prager Vertreters von
310 2622 1886 2703 immer genau nach dem Stand der Valuta berechnet
2553 2650 4105 2750 Karczag, dass Krmmer für den „Reigen“ einen Be
310 2689 1809 2748 werden, der dem Tag entspricht.an welchem die
2561 2727 4061 2812 trag. (Ich glaube 15.00 c. Kr.) bezahlt habe.
308 2727 1807 2831 direkten Honorare an mich ausgezahlt wurden.
2762 2790 4105 2896 Es liegt mir ferner ein Brief des Herrn
582 2796 1880 2918 13. Hat sich Herz Harz schon mit Ihnen
2776 2867 4034 2950 an den Verlag Karczag vor,in dem es
298 2859 1343 2979 in Verbindung gesetzt?
2557 2885 2715 2950 ow
2561 2902 4140 2999 heisst, dass der Dramaturg des Deutschen Landes
2561 2970 4146 3062 theaters, Herr Hans Desez, der Revoluchi Scena
575 2938 1911 3076 14. Haben sie die Angelegenheit mit Ri-
2561 3033 4046 3094 das Aufführungsrecht des „Reigen überlassen
304 3027 1337 3108 chard Specht im Auge behalten?
2565 3066 4174 3187 habe. Darf ich bitten sich mit Herrn Deren wegen
527 3090 719 3147 w-
565 3104 1345 3234 Mit herzlichen Grüssen
1029 3185 1118 3264 Ihr
