4417 3976
458 944 999 1121 Kronen handelt.
551 1076 2009 1214 Ueberdies aber sind auch die Tantieren für
463 1204 2040 1340 „Professor Bernhardi“ vom 8.u.16.5. noch nicht
454 1315 2075 1433 bezahlt, dazu kam noch eine Aufführung des „Ana¬
456 1410 2028 1534 tol" am 4.7. und „Abschiedssouper“ am 3.7.. Ver-
446 1522 2038 1644 traglich ist die Direktion verpflichtet in den
1165 1592 1311 1660 sack
446 1629 2057 1735 ersten 10 Tagen des kuf den betreffenden Auf +
440 1695 2084 1838 führungen folgenden Monats die Tantissen zu ver¬
442 1823 1916 1966 rechnen und zu bezahlen, was also neuerdings
432 1894 1953 2036 nicht geschehen ist. Ich kann nichts anderes
434 2001 2051 2143 tun, als Sie bitten die derzeitige Direktion des
434 2104 1976 2243 Prager Theaters ein letztes Mal zur Erfüllung
425 2187 2032 2336 ihrer Vortragspflichten aufs Dringendste auf zu-
1538 2311 2187 2414 prévenim esfales las blicte
427 2315 2061 2447 fordern und wenn xxxxxxxxx das/hiort geschickt
423 2408 1982 2544 mit der Kündigung der Vertrage vorzugehen. Ich
421 2501 2036 2643 wiederhole nochmals, dass es hier keineswegs auf
419 2629 2005 2767 die verhältnismässig geringfügigen Beträge an-
409 2724 2059 2864 kommt, sondern auf das Prinzip. Von der erfolgten
415 2833 2036 2938 wündigung und deren Gründen werde ich die daran
399 2910 1949 3033 interessie ten Kreise in der mir geeignet er-
407 3027 1906 3180 scheinenden Weise zu unterrichten wissen. So
3979 878 4175 1039 4/3 18
2495 1068 4078 1220 lange ich mit Theatern zu verhandeln habe, ist
2497 1196 4029 1328 mir eins so absichtsvolle Nachlassigkeit, wie
2497 1295 4054 1435 diejenige,die die derzeitze Prager Direktion
2480 1404 4064 1543 in ihren kontraktlichen Verpflichtungen gegen
2484 1505 4027 1654 mich an den Tag legt, noch nicht vorgekommen.
2482 1613 3985 1747 Die Vermuthung, dass es anders gekommen wäre,
2484 1706 4041 1869 wenn ich dem Wunsch des Herrn Direktors Folge
2476 1811 4078 1945 leistend, ihm den Bernhardi' zu 7% statt zu 10
2478 1904 3461 2053 überlassen hätte, liegt nahe.
2738 2013 4066 2146 Selbstverständlich behalten Sie weiter
2472 2131 3992 2249 das Abschlussreckt mit München und Frankfurt
3329 2222 3692 2300 (1) â¢â  n tous les ai-ciit :t ai
2461 2222 4074 2375 sowie lere 7###ige Provision. Mein ersuchen mich
2472 2309 4035 2464 von Anträgen aus München und Frankfurt vorher
2461 2437 4054 2561 in Kenntnis zu setzen, möchte ich aber aufrecht
2457 2552 4113 2664 e halten, hauptsämblich wegen meiner persönlichen
2947 2620 3323 2695 einigen Min
2464 2637 4087 2769 Beziehungen zu xxxan diesen Stadten wirkenden
2753 2713 3459 2790 Ostermück, Zuss, Heelmer)
2468 2746 4023 2887 pühnenleiter. Ich hoffe Ihnen damit keine zu,
2459 2839 3907 2976 grosse Mühe zu verursachen. Ihre Bemerkung
2453 2943 4109 3073 betreffend die drohende Unterbilanz hat sich ein
2451 3056 4023 3197 wenig befremdet. Die Provision von 7% hat mir
