4481 4040
1003 567 1089 634 Sr
496 965 1996 1101 Als Ganzes abzuschliessen, absolut nicht tan-
502 1091 782 1180 gieren.)
666 1166 1787 1255 Herrn Direktor Kramer den.Reiger
504 1221 2002 1302 für 8% zu überlassen sehe ich absolut keinen
502 1271 1931 1375 Grand. Je fester er überzeugt ist, dass der
508 1306 2002 1399 „Reigen“ ihm eine finanzielle Hilfe bedeuten
498 1369 1966 1446 würde, eine umso geringere Rolle spielen die
514 1414 1935 1495 2% die er mir abziehen will;- die nebstbei-
514 1474 1903 1556 für ihn nur ein Fünfzigstel, für mich aber
508 1495 1982 1586 ein Fünftel der regullaren Einnahme vorst
508 1574 1980 1645 len würde. Wieviel von meinen Einnahmen ich
514 1611 1962 1702 Unterstützungszwecken und welchen UnterstÜ¬
518 1663 2019 1743 tzungszwecken ich sie zuzuenden gedenke, blei-
514 1714 1903 1793 be mir vorbehalten. Operetten sind gewiss
510 1759 1980 1846 noch viel zugkräftiger als der Reigen. Wenn
518 1812 1911 1895 Kramer diese zu 8% erhält, so soll er eben
520 1858 1944 1946 sie spielen. Als Herr Kramer vor bald zwei
510 1911 1919 2000 Jahren den „Bernhardi“ zu 8.anfangs sogar
518 1972 2015 2055 zu 6 % haben wollte (damals mit der Begrün-
518 2019 2025 2104 dung, dass er noch nie so grosse Einnahmen ge
512 2065 1840 2163 macht habe und daher ohnedies sehr viel
520 2116 1899 2195 auf mich entfalle) hat er mir angedeutet,
524 2151 1958 2250 dass er im Fall meines Entgegenkommns noch
526 2222 1984 2309 sehr viel Stücke von mir, sogar einen Zyklus
528 2271 2002 2352 geben wolle. Ich bestand auf 10% und von ei¬
528 2319 1919 2411 nem Zyklus oder dergleichen war weiterhin
526 2362 2035 2445 nicht mehr die Rede, Darauf, dass er gerade den
524 2419 1994 2518 Reigen von mir aufführt lege ich auch nicht
524 2486 1377 2581 den allergeringsten Wert.
729 2539 1927 2644 Mit Ihrem Abschluss Polen- „Liebelei
530 2606 1978 2695 bin ich ganz einverstanden. Ueber den „Ref-
544 2640 2019 2786 „gen“, Polen ver handle ich eben persönlich mit
536 2730 1117 2809 Direktor Szyfman.
737 2778 2041 2882 Was Prag anbelangt möchte ich auch noch
530 2858 2009 2937 beserken, dass ich auch auf eine Kaution im
546 2914 1966 2992 Falle eines „Reign - Vertrags absolut nicht
532 2961 2029 3036 verzichtn kann. Die Gründe stehen jedermann,
538 3008 1992 3089 auch dem dutschen Bühnenverin, wenn er sich
536 3075 1696 3158 dafür interessiert, zur Verfügung.-
723 3130 1409 3223 herzlichen Grüssen
1215 3176 1328 3243 Ihr
3792 908 4127 1018 6.3.1921.
2512 932 2987 1054 Fischer
2667 1137 3174 1239 Lieber Freund.
2896 1255 4204 1369 1. Die cechische Reigen-Sache ist also
2679 1342 4202 1432 Ihrem Wunsch entsprechend von mir rückgängig
2687 1393 4161 1481 gemacht worden und der von Ihrem Vertreter
2687 1446 4167 1535 abgeschlossene Vertrag bleibt in Kraft. Ich
2685 1497 4066 1596 hoffe wenigstens,dass er es tut. Denn es
2689 1537 4202 1665 scheint ja, dass deutsche Bühnenwerke vorläu¬
2693 1584 4204 1682 Tig in der Cechoslowakei auf Schwierigkeiten
2693 1647 4206 1740 stossen. Jedenfalls bitte ich sofortige Zah¬
2693 1700 4167 1785 lung der Ganantie summe zu verlangen, so dass
2691 1761 4066 1846 wir nicht etwa einseitig gebunden waren.
2892 1838 4169 1927 2. Wie ich lese ist Herrn Kramer die
2693 1905 4210 1994 Prager Aufführung des „Reigen“ verboten wor¬
2693 1948 4204 2045 den. Jedenfalls aber scheint eine Aufführung
2693 2005 4255 2094 schon stattgefunden zu haben oder sie war min
2699 2045 4212 2145 destens schon (für den 1.März) angesetzt,und
2701 2086 4251 2189 so scheint Kramer tatsächlich neuerdings sich
2705 2159 4214 2236 unterfangen zu haben ein Stück von mir aufs
2705 2197 4273 2293 Repertoir zu setzen ohne die vorher verlangten
2699 2262 4249 2354 Bedingungen erfüllt zu haben. Ich ersuche Sie
2703 2309 4129 2409 daher die Sugelegenheit, auch wenn die Auf
2705 2366 4186 2445 führung nicht stattgefunden hat,aus prinzi-
2705 2411 4261 2506 piellen Gründen mit aller diesem Herrn Kramer
2705 2455 4287 2543 gegenüber gebotenen Energie durch alle Instan-
2705 2508 4115 2602 zen weiterzuführen. Es geht nicht an,dass
2705 2569 4046 2667 solche Sitten im geschäftlichen Verkehr
2711 2610 4161 2703 zwischen Direktoren und Autoren resp. Ver-
2713 2683 3542 2760 triebsstellen einreisst.
2953 2732 4202 2858 3. Vor einiger Zeit verhandelten Sie
2715 2815 4234 2904 wegen einer Uebersetzung des „Weg ins Freie
2723 2866 4283 2961 ins Spanische. Sie schlossen gegen eine Garan
2723 2927 4245 3016 (oder Pauschall) Summe von 4-0 Pesos ab.
2717 2977 3826 3101 sind diese schon an Sie gelangt?
