4408 4089
340 992 2046 1128 so grotesk lächerliches Niveau heraüdrück 22 Einmal
338 1119 1957 1251 hatte ich 25.dann 20, dann 15% vom Ladenpreis
346 1195 2020 1357 des brosch. Expl.; ich war genötigt auf alle diese
379 1327 2007 1455 Vertragsänderungen einzugehen,da Sie sonst un-
381 1412 2031 1526 ter der force majeur der bestehenden Verhältnis
355 1485 2059 1654 se, meine Bücher überhaupt nicht mehr hätten dru-
357 1583 1964 1730 cken können,- ich habe aus demselben Grund auf
362 1678 2013 1845 die Vorauszahlungen bei Erscheinen neuer Aufla-
362 1793 2003 1957 gen verzichtet und habemich nun endlich i mVer-
377 1894 1940 2037 trauen auf Ihre Einsicht und Royalität mit xxx
370 1990 2037 2159 der Beteiligung am Verlagserlös einverstandener-
372 2102 1981 2243 klärt, möchte aber nun doch bitten mir über das
379 2204 2061 2362 Verhältnis von Verlagserlös und Ladenpreis arith-
379 2306 2083 2444 metisch genauere Erklärungen zu geben. Soll ich es
381 2392 2083 2561 für denkbar halten, dass auch andere Ihrer bekann-
379 2501 2046 2672 teren Autoren so miserabel dran sind?Sie schrie-
379 2604 2033 2752 ben mir schon etliche Male als Antwort auf miss-
379 2719 2083 2869 trauische Fragen, dass sie nicht allen Ihren Auto-
383 2812 2100 2988 ren gleiche Bedingungen geben könnten. Ich erlaube
383 2929 2005 3070 mir heute (auch nicht zum ersten Mal)mit aller
381 3027 2059 3193 Entschiedenheit zu erwidern, durch keine Kalkula-
394 3115 2044 3302 tion der Welt werden Sie mir beweisen, dass ich
3693 760 3893 924 2 8/1
2449 976 4139 1134 Verfasser von 25-80 bei Ihnen in grossenteils
2459 1085 4031 1228 zukixx sehr zahlreichen Auflagen erschienenen
2459 1180 4059 1342 Büchern, von der Gesammtausgabe nicht zu reden,
2464 1286 4103 1438 was geschäftliche Behandlung anlangt, hinter ir-
2472 1377 4137 1552 gend einem andern Autor Ihres verlags zurückge¬
2483 1481 4222 1665 setzt werden dürfte.Es wird unerlässlich sein, dass
2492 1539 4150 1738 wir uns vor dem 15. Dez. über diesen Punkt gründ-
2490 1678 4165 1845 lich aussprechen und einigen. Denn angesichts der
2483 1784 4165 1938 aus der letzten Zeit vorliegenden Resultate- sei
2492 1890 4189 2050 es nun, dass kein Mensch mehr meine Bücher kauft,
2451 1992 4150 2178 oder dass der Vertrieb (siehe Ihr Leipziger Sor-
2507 2096 4133 2254 timent und andere Erfahrungen) zu wünscha übrig
2509 2200 4068 2358 lässt, oder dass die Honorarberechnung auf die
2518 2297 4120 2468 fragwürdige Gründlage des Verlagserlös basiert
2511 2407 4124 2579 ist - möchte ich am liebsten, wenn es technisch
2524 2507 4196 2661 durchführbar wäre, den Verkauf meiner Bücher ganz
2524 2600 4198 2780 sistieren lassen, jedenfalls aber von der Heraus-
2533 2698 4204 2895 gabe neuer Bücher (ein Fall, der immerhin in ab -
2546 2810 4235 2968 sehbarer Zeit näher rücken könnte) abstrahieren so
2540 2910 4222 3061 lange die allgemeinen und besonderen Verhältnisse
2533 2964 4252 3154 im Buchhandel so jammervoll bleiben, dass ein Autor
2542 3076 4237 3273 meines Ranges und Namens sich eine Akontozahlung
