4443 3993
3522 863 3904 982 19.3.1917.
2303 872 2652 1060 Oschel
2897 1141 3403 1267 Lieber Freund.
2855 1294 4067 1425 Der Direktor, dessen Anerbieten be-
2443 1344 4023 1517 züglich des „Einsamen Wegs“ Sie mir mitteilen
2445 1457 3994 1628 gilt in geschäftlichtücken Dingen,wie Ihnen
2449 1588 4061 1722 wohl bekannt sein dürfte, nicht mit Unrecht als
2431 1699 4015 1831 recht unverlässlich und ein Abschluss mit ihm
2433 1806 4015 1910 ohne xxxx vorher zahlbare Garantie - und
2433 1896 4036 1998 wenn der Krieg noch 20 Jahre dauert - wäre ei-
2424 1981 4025 2132 ne Unvorsichtigkeit,vor der wir uns hüten müs-
2422 2100 3871 2232 sen. Aber auch abgesehen davon glaube ich
2418 2209 3925 2320 nich t, dass das Pesidenztheater (so weit mir
2420 2289 3990 2414 seine tradition bekannt ist) der richtige Bo-
2406 2424 3990 2546 den für den „Einsamen Weg“ oder überhaupt für
2397 2498 4015 2612 meine Stücke wäre, und ob man dort den Stil für
2406 2606 4080 2750 die Darstellung des „E.W.“ fände (wobei ich noch
2406 2734 3944 2857 gar nicht an die schöne versunkene Brahmzeit
2404 2838 3892 2951 zurückdenken will, und ob das Bublikum des
2401 2932 4082 3066 Residenztheaters xxxxetwan für ein Stück die.
2401 3047 3984 3177 ser Art zu gewinnen wäre. Gegenüber Barnowsky
