4421 4071
3604 1020 3841 1155 3.1920.
2736 1249 2961 1399 An den
2755 1337 3581 1522 Theatervertrieb S. Fischer.
3585 1551 3830 1699 Berlin.
2734 1663 3913 1812 Ich habe den derzeitigen Verleger des
2406 1786 3962 1943 „Reigen", Herrn B.Harz, ersucht Ihnen vorläufig ein
2415 1911 4112 2070 nutzend Exemplare unberschnet zur Verfügung zu stellen.
2402 2044 4015 2184 Die nächsten sollen sie zum Buchhändlerpreise erhal-
2406 2152 4044 2311 ten, den Ihnen ja dann auch die Bühnen zu bezahlen ha-
2404 2258 2753 2425 ben werden.
2781 2366 3943 2504 Von Versendung von Leseexemplaren, zum
2396 2489 3966 2645 mindesten im Inland, würde ich in diesem Falle ganz
2402 2597 3926 2770 prinzipiell absehen. Die Direktoren können ja der
2429 2743 3816 2887 Ausfall der Uraufführung in Berlin abwarten, e
2432 2840 3995 2990 sich kontraktlich binden. Ich wiederhole neuerdings
2527 2931 4027 3107 en ersuchen den „Reigen" bis auf Weiteres ohne mei
2446 3056 3926 3206 Ausdrückliche Genehmigung keiner Bühne zu überlassen.
