4427 4058
3933 786 4232 946 1o3e
3918 919 4029 1021 11
1960 985 2064 1096 10
2519 1000 4106 1181 Scheck als Vorschuss ein. Was hätte Ihr Bureau
532 1025 2104 1212 die Zusicherung weiteren Eintretens für meinen
2519 1150 3513 1287 mit solch einer Sahe zu tun?
543 1181 1948 1322 Interossen Hätte ich diese Angelegenheit,
2617 1245 4049 1380 Eine ausländische Firma bietet (oder sa-
526 1293 2012 1443 die wahrscheinlich nur auf perümlichem Wege
2519 1374 3952 1493 gen wir vorläufig böte) mir eine grössere
528 1391 2058 1563 so rasch zu einem günstigen Resultat geführt
2522 1447 4060 1607 Summe für das Optionsrecht auf meine künftig
528 1497 1761 1626 hat, Ihrem Bureau überweisen sollen?
2519 1538 4037 1686 erscheinenden stücke. Nehmen wir selbst den
634 1576 2124 1740 Ein polnisch er Direktor äussert den Wunsch
2507 1665 4093 1831 Fall an, irgend ein Bureau übernähme gegen die
534 1694 1971 1850 über ein bestimmtes Stück nicht mit einem
2455 1748 4126 1921 übliche Provision die Kontrolle und Einkassi-
534 1811 2002 1915 deutschen Verlag, sondern direkt mit mir zu
2486 1858 4106 2018 rung der für die betreffenden Stücke in jenen
534 1894 2073 2023 verhandeln und abzuschliessen., Hätte ich dem
2534 1946 4112 2118 Land auszubezahlende Tantiemen, dürfte dieses
536 2004 1526 2170 Manu die Türe weisen sollen?
1576 2052 1727 2124 G.C.F.P.
2526 2070 4124 2214 Bureau auch auf eine Provision für die Optio-
630 2089 2033 2247 Ein Amerikaner bringt mir die Nachricht,
2540 2172 3977 2301 summe Anspruch machen? Ond so weiter. Die
534 2197 2043 2330 dass in einem New-Yorker Blatt eine Novelle
2546 2253 3995 2409 Reihe liesse sich noch durch manche seelle
532 2305 2066 2461 von mir in englischer Sprache erschienen sei
2549 2372 3654 2522 und fiktive Beispiele vermehren.
532 2411 2112 2528 und sagt mir zu mir das darauf entfallende Ho¬
2715 2470 4130 2601 Aber lassen sie uns zu Ende kommen. Noch-
538 2526 2118 2659 norar zu verschaffen.Eine solche Angelegenheit
2567 2546 4114 2704 mals.Ihnen meine Auslandsgeschäfte en bloque
543 2609 2039 2723 irgend einem Rureau zu überlassen, bedeutete
2580 2677 3796 2819 zu übertragen, bin ich nicht bereit.
528 2698 2085 2858 für nichts als eine überflüssige Verzögerung.
2761 2740 4149 2894 Doch würde ich einwilligen Ihnen (in Ab
671 2808 2056 2954 Ein amerikanischer Verlag teilt mir mit,
2619 2885 4176 3018 änderung der Vorschläge meines letzten Briefes
532 2931 2039 3037 dass ein Privatdruck eines meiner Bücher (es
2692 2966 4174 3131 jedem Falle, also auch wenn Pauschalsummen
538 3018 2089 3139 handelte sich in diesem Fall um den „Reigen“)
2605 3077 4058 3257 eingehen und keine Verrechnungen notwendig.
526 3126 1939 3278 demnächst erscheine und sendet mir einen
