4428 3992
2377 1002 4013 1151 Sie den üblichen 10%igen Vertrag zu schliessen.
408 1034 537 1141 G.H.F.P.
2414 1123 3863 1271 In denjenigen Fällen,wo die „Grosse Szene“
302 1112 1936 1260 abgesehen.worüber von Fall zu Fall  zu entschei-
2425 1249 4021 1343 (oder ein anderer Einakter des Zyklus „Komödie
308 1230 1834 1386 den wäre, wollen wir von einer Versendung vor
3876 1295 4039 1375 men.
2407 1332 3945 1453 der Worte“) anderen einaktern von mir zuge-
311 1358 2007 1460 der Uraufführung,ob diese nun in Berlin,Wien oder
2407 1443 3910 1588 sellt wird, wollen wir gegen die Lastrennung
304 1438 1886 1599 anderswo stattfinden sollte,absehen,da solche
313 1519 1877 1662 vorzeitige Versendungen, wie sich immer wieder
2407 1549 3183 1708 nichts mehr einwenden.
2644 1638 3987 1777 Die Eingabe wegen des Papiers habe ich
317 1655 1962 1812 zeigt, praktisch vollkommen wertlos sind. Sollten
2416 1738 3991 1844 neulich unterschrieben und wünschte nun recht
317 1745 1994 1905 Sie das Manuscript von Reinhardt acht Tage nach
2425 1836 3989 1953 sehr von einem günstigen Fortschreiten dieser
326 1831 2027 1977 empfang dieses Briefes noch nicht erhalten haben,
322 1940 1977 2094 so haben Sie vielleicht die Güte es telefonisch
2422 1940 3391 2109 Angelegenheit zu vernehmen.
3000 2057 3372 2183 Herzlichst
326 2057 1849 2212 zu reklamieren, eventuell es holen zu lassen.
569 2138 1897 2305 In wenigen Tagen trifft meine für die
3346 2159 3480 2301 Ihr
322 2253 2018 2398 Neue Rundschau bestimmte Novelle „Casanovas Heim-
337 2344 1979 2477 fahrt' bei Ihnen ein.Lesen Sie die Novelle doch
2425 2366 3978 2535 Darf ich mir auf gelegentliche Zusmüdung der
335 2479 2010 2603 auch auf die Möglichkeit einer Luxusausgabe hin
2422 2483 4006 2640 Kerr'schen Gesammelten Werke Hoffnung machen?
341 2542 1929 2687 durch, für die es sich in ganz besonderem Masse
1879 2616 2083 2713 punkt.
332 2694 1992 2846 eignen dürfte. Mehr darüber in geeighten Zeiten.
608 2789 1879 2879 Martersteig lässt mich durch Stieler
352 2839 2096 3000 um meine Zustimmung zu einem heiteren Abend Litera¬
350 2985 1947 3096 tur-Comtesse Mizi - Grosse Szene ersuchen. Ich
337 3046 1938 3228 habe meine Einwilligung gern gegeben und bitte
