4443 3993
3524 874 3870 1026 7.3.1917.
2361 824 2797 993 Fischer
2978 1145 3473 1269 Lieber Freund.
2905 1247 4169 1429 Der österr.ung.Generalkonsul in Bre-
2484 1401 4077 1518 men hat sich telegraphisch direkt an mich ge-
2489 1504 4101 1630 wandt und ich habe natürlich in Anbetracht des
2489 1603 4055 1703 wohltätigen Zweckes meine Zustimmung gegeben.
2493 1678 4101 1815 Was die Tantiemenfrage in solchen Fällen anbe-
2484 1797 4172 1907 langt,so wollen wir's von nun an immer so halten,
2484 1896 4169 2006 dass wir zu Gunsten des betreffenden Kriegs- oder
2484 2004 4079 2119 anderen Fürsorgezwecks auf die Hälfte des uns
2484 2106 4255 2249 zustehenden Anteils verzichten; damit wird erreicht,
2482 2198 4061 2297 dass nicht ohneweiters ein vollständiger Ver-
2484 2302 4130 2414 zicht auf den Autoranteil angenommen und ausge-
2484 2407 4064 2542 sprochen wird, was mir unter den gegenwärtigen
2484 2520 4178 2610 Verhältnissen aus praktischen und aus prinzipiel-
2489 2628 4167 2749 len Gründen nicht richtig schiene; und wir tragen
2471 2700 4178 2819 doch immerhin das Unsrige zu der guten Sache bei
2460 2802 4189 2954 meist sogar in höherem Masse als der Ersteher ei-
2476 2921 4050 3055 nes Eintrittsbillets. - Was die „Grosse Szene“
2473 3035 4123 3165 im Speziellen anbelangt, so bleibt es natürlich
