4419 3994
1536 785 1881 985 Etit
3189 866 3584 1001 1.10.1917.
2161 811 2517 1006 Fischer
23 935 1830 1194 Woller Sie der Wunsch des Hein Rudolf A het durch
34 1061 1798 1325 für und einiger meiner Bücher an die in der bei
2677 1171 3199 1318 Lieber Freund.
34 1180 1883 1410 guetorienes kant angegebene Aduno erfüllen?
2661 1375 3812 1511 Wie ich ihnen schon telegraphiert
698 1364 1688 1522 Herzlieut juperr she
2305 1458 3812 1596 habe stelleich natürlich weitere Versendung
1189 1472 1780 1731 Thos R. ye
2315 1559 3952 1718 des „Fliederbusch“ Ihrem Ermessen anheim; nicht
2312 1683 3828 1823 zu vergessen, dass in München das Hoftheater
2312 1777 3933 1920 das Stück schon erworben hat (dort bitte keine
2324 1869 3931 2039 Garantie verlangen). In Hamburg hat das Deutsche
2315 1979 3961 2099 Schauspielhaus das verrecht, so dass ein anderes
2328 2103 3869 2223 Theateur in Betracht kommt, wenn das Schau¬
2324 2193 3897 2326 spielhaus refusiert. In Frankfurt a.M. glaubte
2324 2285 3867 2441 ich mich trotz Zeis, der mir neuerdings tele-
2324 2377 3943 2514 graphierte, für Hellmann entscheiden zu sollen.
2338 2478 3982 2652 (2000 Mark Garantie). Von Carantie kann im All-
2328 2597 4005 2723 gemeinen, wo Sie es für richtig finden,abgesehen.
2322 2696 3950 2859 werden, unter 10% keinesfalls heruntergegangen.
2335 2804 3874 2925 Dass Prag immer nur 5% zahlt, ist ein Irrtum,
2331 2919 3894 3040 bei flüchtiger Durchsicht Ihrer Abrechnungen
2333 2997 3897 3157 fand ich eben „Einsamer Weg“ mit 7¾. Ich bat
