4428 3992
33 123 125 195 er
2235 852 2327 947 7
3686 852 4028 982 Gld 17
2318 918 2678 1058 fischer
2340 1063 3894 1205 Mit schwedischen Vertrag Fliederbusch einzer.
2349 1137 3909 1249 standen Freiexemplare unter denen ja auch die
2353 1199 3861 1297 für Wiener Presse bestimmten bitte Graesler-
2356 1236 3944 1350 Liste entsprechend Kreuzband versenden wie üb-
2347 1299 3946 1398 lich sodass sie vierzehnten November wien ein-
2356 1337 4019 1462 treffen Die für mich bestimmten vorläufig sechs-
2353 1383 4052 1508 unddreissig Exemplare gebunden bitte sofort even-
2364 1440 4047 1558 tuell ein Dutzend Kreuzband absenden Wenn Nevelle
2362 1505 3960 1602 erst Feber als Buch erscheinen könnte entfällt
2369 1543 3955 1654 für mich jeder Anlass Vorabdruck zu verzichten
2369 1569 4128 1707 Mit Vorabdruck Friedensschluss abwarten unerwünscht
2362 1639 4060 1755 Hingegen frage an ob Ihren vorletzten Brief rich-
2369 1703 3922 1810 tig auslege, wenn Ihnen eventuell freistellte
2367 1746 3927 1856 Novelle mit der noch Immer nichts unternommen
2378 1781 4041 1904 erstes Quartal achtzehn gegen Honorarzahlung bei
2369 1880 3589 1992 Friedensschluss zu veröffentlichen.
2949 1966 3164 2044 Gruss
3219 2049 3633 2165 Schnitzler.
2419 2371 3239 2483 Abs.Dr.Arthur Schnitzle
2487 2402 3510 2562 Wien XVIII.Sternwartestr. 71.
