4115 3993
178 1025 1688 1131 4 Mark für die Hovelle in Aussicht. Wann soll
182 1112 1761 1237 die Hovelle in der N.R. erscheinen? Bie tele-
184 1212 1659 1350 graphierte mir frühestens Juli; das schiebe
182 1342 1603 1464 sich also dann auch weiter hinaus als wir
191 1433 468 1564 dachten.
358 1524 1732 1647 Ich hoffe, die Kur in Loschnitz tut Ihnen
180 1628 1727 1754 gut. Sie werden ja Gelegenheit haben zifferer
184 1732 1632 1835 zu Pfingsten in Berlin zu sehen, vielleicht
176 1823 1634 1966 kommt die Pilialangelegenheit doch noch in
186 1928 474 2069 Ordnung.
481 1964 864 2160 Herzlichst
831 2057 944 2254 Ihr
2067 835 2376 1044 Tische
3300 922 3668 1098 17.6.1818.
2753 1193 3275 1286 Lieber Freund!
2618 1346 3882 1477 Besten Dank für die Mitteilung Mein-
2237 1388 3774 1582 hard und Bernauer betreffend. Ich werde mich
2216 1510 3795 1669 mit den Direktoren in persönliche Verbindung
2220 1665 3774 1794 setzen und einen eventuellen Abschluss Ihrem
2225 1719 2836 1848 Verlag mitteilen.
2604 1785 3703 1997 Der Erfolg der „Marionetten“ in
2225 1912 3795 2059 Dresden wird möglicherweise ausser dem Neuen
2225 2015 3650 2193 Theater in Frankfurt npoch andere Theater
2225 2129 3830 2280 veranlassen sich um das Stück zu bewerben. Man
2216 2229 3745 2392 sollte diesen Bühnen nahelegen den „Wurstl“
2225 2374 3799 2504 nit mit irgend einem gleich hältigen anederen
2276 2452 3761 2604 Stück, sondern mit einem Einakter desselben
2218 2543 3821 2659 Verfassers zur Aufführung zu bringen. Der „Ma¬
2220 2637 3774 2809 rionetten“-Zyklus als solcher..Puppenspieler
2216 2738 3824 2883 „Cassian", „Grosser Wurstl“ hat vielleicht ge-
2214 2846 3879 2962 ringere Erfolgdehancen als eine andere Zusammen
2225 2947 3763 3088 stellung, für die etwa „Kakadu“, „Grosse Szene
2227 3049 3788 3167 " Frau mit dem Dolch",, Literatur" u.a. in Be¬
