4434 4040
1445 711 1546 806 1
362 879 2093 1045 steller selbst bei vorheriger Bezahlung auf xxx
370 954 2040 1088 tuierung vergeblich warten mussten, so ist hiefür
379 1012 2055 1141 Ihr und des Herrn Greiss Misstrauen gegenüber ein¬
379 1064 1915 1200 zelnen portimentern und Buchhändler, die sich
383 1118 2005 1256 vielverlangte Werke zum Teil auch auf Vorrat an-
381 1139 2061 1303 schaffen mochten, keine ganz ausreichende Entschul¬
388 1206 2018 1346 digung. Ich glaube, die Schädigung des Autors ist
388 1271 1923 1400 eine weit geringere, wenn der Buchhändler an
396 1307 1951 1447 seinen (des Autors) Werken gelegentlich einmal
398 1359 2078 1508 etwas zu viel verdient, als wenn er sie, damit dies
405 1413 2085 1542 um Gotteswillen nicht geschehe. überhaupt nicht ge-
403 1460 1962 1596 liefert erhält. Ihre Gesicht, lieber Freund, und
396 1525 1932 1650 Herrn Greiss Korrektheit in allen Ehren; ich
405 1549 2091 1691 bleibe bei der Ansicht, dass alle Beteiligten auch
405 1617 2085 1751 der Verlag Fischer selbst, bei einer etwas grösse-
409 1676 1777 1841 ren Weitherzigkeit besser fahren würde.
713 1734 2081 1872 Vielen Pank für Ihre freundliche Antwort
405 1820 2018 1936 bezüglich Herrn Glücksmann. Wie hoch würde sich
420 1878 1990 2001 also in diesem Falle der Preis eines Exemplars
424 1917 2016 2044 Gesammtausgabe für ihn belaufen? Ferner was für
426 1964 2016 2098 differenz wäre zu bezahlen, wenn Fräulein Löwen-
422 2003 2102 2143 stamm die Ergänzungsbände auch in Halbleder gelie-
426 2068 1994 2208 fert erhielte, falls solche überhaupt auf Lager
426 2182 622 2268 sind?
857 2231 1465 2341 Herzlich grüssend
1146 2300 1253 2378 Ihr
450 2737 1249 2864 Herrn 3.Fischer,Verlag.
450 2843 713 2925 Berlin.
3631 911 4000 1019 16.3.1923.
2578 928 2832 1070 P.S.
2757 1103 3726 1234 Sehr verehrter Herr Greiner.
2931 1238 4112 1346 Wenn sie freundlichst meine Briefe
2587 1303 4180 1419 nachlesen wollen, so werden Sie finden, dass ich
2628 1381 4185 1467 mit keiner Stelle in Amerika korxxxandixxxx
2589 1426 4221 1521 wegen „Weiten Land“ korrespondiere und dass ich
2602 1486 4230 1557 thuen langst mitgeteilt habe. wer sich in dieser
2597 1527 4170 1617 Sache an mich gewandt habe. Es war das Foreign
2630 1583 4109 1663 Dress Service, das sich, wie mir scheint, von
2843 1605 2931 1648 C. S.
2593 1620 4219 1725 Berlin aus mit mir in Verbindung setzte und dem
2604 1682 4211 1777 ich sofort mitteilte, dass das „Weite Land“ ver-
2597 1734 4236 1816 geben sei, resp. dass eine noch nicht abgelaufene
2602 1783 4243 1874 Option dafür bestehe. Es fand sich dann der Wie-
2595 1835 4200 1919 ner vertreter des Foreign Press Service persön-
2602 1885 4213 1973 lich bei mir ein, dem ich gleichfalls sagte, dass
2602 1936 4148 2018 ichx über das Welte Land für Amerika bis auf
2602 1973 4252 2072 Weiteres verfügt sei. Wenn ich mich recht erinne
2604 2044 4252 2115 re nannte ich in beiden Fällen auch den Namen des
2602 2098 4219 2167 Herrn Wottitzky. Ich schrieb Ihnen ferhervor ei-
2600 2115 4273 2216 nigen Wochen, dass sich Herr Korff an mich mit dem
2608 2188 4252 2268 Vorschlag an mich gewendet hatte, das „Weite Land“
2606 2244 4193 2330 englisch in mmerike zu spielen, wo rauf ich ihm
2610 2283 4211 2369 die Adresse des Herrn Wotitzky gab. Herr Korff
2606 2339 4183 2434 hat diese Adresse an die Schauspielerin weiter
2610 2391 4219 2505 gegeben, die in Amerika eventuell die Genia spie
2608 2453 4159 2537 Ten soll. Nun war gestern zufällig eine halbe
2602 2496 4187 2587 Stunde vor Eintreffen Ihres Briefes der Gatte
2604 2552 4129 2617 dieser Schauspielerin, ein New-Yorker Arzt,Dr
2610 2569 4252 2696 Hoffmann bei mir, der In kürzester Zeit Nachricht
2608 2656 4159 2729 von seiner Gattin erwartet,was sie bei Herrn
2610 2688 4254 2770 W. ausgerichtet hat. Der Name der Schauspielerin
2608 2750 4051 2841 ist mir in diesem Augenblick entfallen, sie
2608 2793 4213 2873 spielt jetzt bei Velasco glaube ich seit Mona
2621 2856 4161 2925 ten in einem Stück von Bataille, Es gibt also
2612 2884 4275 2987 in diesem Augenblick keinen Menschen in Amerika,
2619 2953 4204 3041 der auch nur das leineste Recht hätte über das
2625 3009 4170 3080 „Weite Land“ mit Umgehung von Wotitzky zu ver
2612 3043 4213 3170 handeln. Vor allem sollte doch W. uns den Kon¬
