<?xml version="1.0" encoding="UTF-8" standalone="yes"?>
<PcGts xmlns="http://schema.primaresearch.org/PAGE/gts/pagecontent/2013-07-15" xmlns:xsi="http://www.w3.org/2001/XMLSchema-instance" xsi:schemaLocation="http://schema.primaresearch.org/PAGE/gts/pagecontent/2013-07-15 http://schema.primaresearch.org/PAGE/gts/pagecontent/2013-07-15/pagecontent.xsd">
    <Metadata>
        <Creator>prov=READ-COOP:name=TrHtr:version=2.1.0:model_id=51170:date=27_07_2023_22:01</Creator>
        <Created>2023-05-02T07:57:14.056+02:00</Created>
        <LastChange>2023-07-27T22:01:53.426+02:00</LastChange>
        <TranskribusMetadata docId="1416739" pageId="54952406" pageNr="56" tsid="131304210" status="IN_PROGRESS" userId="64420" imgUrl="https://files.transkribus.eu/Get?id=BHAWLNPFKMIZMVNTZGOMCABP&amp;fileType=view" xmlUrl="https://files.transkribus.eu/Get?id=QQFOXSSSHYHNDWYHRZSLIZHP" imageId="44456132"/>
    </Metadata>
    <Page imageFilename="1416739_0056.jpg" imageWidth="4425" imageHeight="3992">
        <ReadingOrder>
            <OrderedGroup id="ro_1711827902669" caption="Regions reading order">
                <RegionRefIndexed index="0" regionRef="tr_1"/>
            </OrderedGroup>
        </ReadingOrder>
        <TextRegion id="tr_1" custom="readingOrder {index:0;}">
            <Coords points="459,1038 4090,1038 4090,3291 459,3291"/>
            <TextLine id="tr_1_tl_1" custom="readingOrder {index:0;}">
                <Coords points="2415,1181 2662,1118 2823,1157 3307,1104 3928,1116 3950,999 3525,977 2963,1056 2848,1001 2417,1056"/>
                <Baseline points="2428,1124 2431,1124 2476,1124 2521,1121 2565,1121 2610,1118 2655,1118 2700,1115 2744,1115 2789,1115 2834,1115 2879,1115 2923,1112 2968,1112 3013,1115 3058,1112 3102,1109 3147,1109 3192,1106 3237,1103 3281,1103 3326,1100 3371,1100 3416,1097 3460,1097 3505,1097 3550,1094 3595,1094 3639,1091 3684,1091 3729,1088 3774,1088 3818,1088 3863,1091 3908,1094 3953,1094"/>
                <TextEquiv>
                    <Unicode>müsste natürlich nur die Gewissheit haben.</Unicode>
                </TextEquiv>
            </TextLine>
            <TextLine id="tr_1_tl_2" custom="readingOrder {index:1;}">
                <Coords points="2415,1266 2931,1266 3165,1211 3920,1226 3962,1209 3966,1102 3543,1165 3432,1129 2417,1181"/>
                <Baseline points="2428,1229 2446,1226 2491,1223 2536,1223 2580,1223 2625,1220 2670,1220 2715,1220 2759,1220 2804,1217 2849,1217 2894,1217 2938,1214 2983,1214 3028,1214 3073,1214 3117,1211 3162,1208 3207,1211 3252,1208 3296,1205 3341,1205 3386,1202 3431,1202 3475,1199 3520,1196 3565,1193 3610,1193 3654,1193 3699,1193 3744,1190 3789,1190 3833,1190 3878,1187 3923,1187 3968,1184"/>
                <TextEquiv>
                    <Unicode>dass der Verlag selbst, Sie, lieber Freund, ei-</Unicode>
                </TextEquiv>
            </TextLine>
            <TextLine id="tr_1_tl_3" custom="readingOrder {index:2;}">
                <Coords points="451,1246 676,1278 967,1238 1102,1280 1434,1220 1927,1222 1927,1139 1557,1072 453,1131"/>
                <Baseline points="462,1241 498,1238 543,1238 587,1238 632,1235 677,1235 722,1232 766,1235 811,1232 856,1229 901,1229 945,1229 990,1229 1035,1229 1080,1229 1124,1226 1169,1226 1214,1223 1259,1223 1303,1220 1348,1220 1393,1217 1438,1217 1482,1217 1527,1214 1572,1214 1617,1214 1661,1211 1706,1214 1751,1211 1796,1211 1840,1208 1885,1208 1930,1205"/>
                <TextEquiv>
                    <Unicode>erhalten) habe. Daraufhin teilte ich Ihnen</Unicode>
                </TextEquiv>
            </TextLine>
            <TextLine id="tr_1_tl_4" custom="readingOrder {index:3;}">
                <Coords points="2425,1369 3109,1313 3968,1317 3970,1242 3606,1209 3064,1276 2427,1254"/>
                <Baseline points="2437,1327 2452,1327 2497,1324 2541,1324 2586,1324 2631,1324 2676,1321 2721,1321 2765,1318 2810,1315 2855,1318 2900,1315 2944,1315 2989,1315 3034,1312 3079,1312 3123,1309 3168,1306 3213,1306 3258,1306 3302,1306 3347,1303 3392,1300 3437,1300 3481,1300 3526,1300 3571,1297 3616,1297 3660,1294 3705,1294 3750,1291 3795,1291 3839,1288 3884,1288 3929,1285 3974,1282"/>
                <TextEquiv>
                    <Unicode>nen solchen Schritt meinerseits in entschie-</Unicode>
                </TextEquiv>
            </TextLine>
            <TextLine id="tr_1_tl_5" custom="readingOrder {index:4;}">
                <Coords points="445,1381 793,1387 953,1333 1658,1339 1851,1319 1853,1272 447,1294"/>
                <Baseline points="459,1339 471,1339 516,1339 560,1339 605,1336 650,1336 695,1336 739,1333 784,1333 829,1330 874,1330 918,1330 963,1330 1008,1327 1053,1327 1097,1324 1142,1324 1187,1324 1232,1324 1276,1321 1321,1321 1366,1318 1411,1318 1455,1315 1500,1315 1545,1315 1590,1315 1634,1315 1679,1312 1724,1312 1769,1312 1814,1309 1858,1306"/>
                <TextEquiv>
                    <Unicode>meine Absicht mit, mich bei der deutschen</Unicode>
                </TextEquiv>
            </TextLine>
            <TextLine id="tr_1_tl_6" custom="readingOrder {index:5;}">
                <Coords points="2429,1452 3816,1428 3821,1323 3307,1313 3054,1371 2902,1321 2825,1375 2431,1383"/>
                <Baseline points="2440,1426 2482,1429 2527,1426 2571,1426 2616,1426 2661,1423 2706,1423 2750,1420 2795,1420 2840,1420 2885,1417 2929,1417 2974,1417 3019,1414 3064,1411 3108,1411 3153,1411 3198,1411 3243,1411 3287,1408 3332,1408 3377,1408 3422,1405 3466,1402 3511,1402 3556,1402 3601,1399 3645,1396 3690,1396 3735,1396 3780,1393 3824,1390"/>
                <TextEquiv>
                    <Unicode>dener Weise befürworten würde. Die Sache</Unicode>
                </TextEquiv>
            </TextLine>
            <TextLine id="tr_1_tl_7" custom="readingOrder {index:6;}">
                <Coords points="447,1497 1266,1424 1865,1456 1913,1442 1915,1377 449,1385"/>
                <Baseline points="459,1441 489,1438 534,1438 578,1438 623,1438 668,1438 713,1438 757,1435 802,1435 847,1432 892,1432 936,1432 981,1429 1026,1429 1071,1426 1115,1426 1160,1426 1205,1426 1250,1423 1294,1423 1339,1423 1384,1423 1429,1423 1473,1420 1518,1420 1563,1420 1608,1420 1652,1417 1697,1414 1742,1414 1787,1411 1831,1411 1876,1411 1921,1411"/>
                <TextEquiv>
                    <Unicode>Kriegswirtschaftsstelle um die gleiche Be¬</Unicode>
                </TextEquiv>
            </TextLine>
            <TextLine id="tr_1_tl_8" custom="readingOrder {index:7;}">
                <Coords points="2435,1555 2587,1586 2929,1521 3889,1523 3893,1420 3272,1412 3137,1468 2743,1493 2437,1464"/>
                <Baseline points="2446,1530 2464,1530 2509,1530 2553,1527 2598,1527 2643,1527 2688,1524 2732,1524 2777,1521 2822,1521 2867,1521 2911,1518 2956,1518 3001,1518 3046,1515 3090,1515 3135,1515 3180,1515 3225,1515 3269,1515 3314,1512 3359,1509 3404,1509 3448,1506 3493,1506 3538,1503 3583,1503 3628,1500 3672,1497 3717,1497 3762,1497 3807,1494 3851,1494 3896,1494"/>
                <TextEquiv>
                    <Unicode>scheint mir so wichtig, dass sie selbst bei</Unicode>
                </TextEquiv>
            </TextLine>
            <TextLine id="tr_1_tl_9" custom="readingOrder {index:8;}">
                <Coords points="459,1571 694,1598 1100,1541 1222,1588 1394,1529 1782,1517 2020,1549 2047,1450 845,1517 459,1491"/>
                <Baseline points="471,1554 483,1551 528,1545 572,1545 617,1542 662,1542 707,1539 751,1539 796,1536 841,1536 886,1536 930,1536 975,1533 1020,1533 1065,1530 1109,1530 1154,1527 1199,1527 1244,1527 1288,1527 1333,1524 1378,1524 1423,1521 1467,1521 1512,1521 1557,1521 1602,1521 1646,1518 1691,1518 1736,1515 1781,1518 1825,1515 1870,1512 1915,1515 1960,1512 2004,1512 2049,1518"/>
                <TextEquiv>
                    <Unicode>günstigung zu bewerben mit dem Hinweis darauf,</Unicode>
                </TextEquiv>
            </TextLine>
            <TextLine id="tr_1_tl_10" custom="readingOrder {index:9;}">
                <Coords points="2423,1677 2724,1630 3926,1628 3930,1529 3521,1519 3414,1563 3129,1521 3048,1574 2425,1586"/>
                <Baseline points="2437,1634 2455,1634 2500,1632 2544,1634 2589,1632 2634,1629 2679,1629 2723,1629 2768,1626 2813,1626 2858,1626 2903,1623 2947,1623 2992,1620 3037,1617 3082,1617 3126,1617 3171,1617 3216,1614 3261,1614 3305,1614 3350,1614 3395,1611 3440,1608 3484,1608 3529,1605 3574,1602 3619,1602 3663,1599 3708,1599 3753,1599 3798,1599 3842,1596 3887,1593 3932,1596"/>
                <TextEquiv>
                    <Unicode>nur geringer Aussicht auf Erfolg meines Er-</Unicode>
                </TextEquiv>
            </TextLine>
            <TextLine id="tr_1_tl_11" custom="readingOrder {index:10;}">
                <Coords points="453,1646 1980,1642 2031,1628 2033,1557 455,1602"/>
                <Baseline points="465,1646 471,1649 516,1646 560,1646 605,1646 650,1643 695,1643 739,1640 784,1640 829,1637 874,1634 918,1634 963,1634 1008,1634 1053,1632 1097,1632 1142,1632 1187,1629 1232,1629 1276,1629 1321,1629 1366,1626 1411,1626 1455,1623 1500,1623 1545,1623 1590,1620 1634,1620 1679,1617 1724,1617 1769,1617 1814,1617 1858,1617 1903,1617 1948,1614 1993,1614 2037,1614"/>
                <TextEquiv>
                    <Unicode>dass ich der deutschen Kriegsfürsorge aus dem</Unicode>
                </TextEquiv>
            </TextLine>
            <TextLine id="tr_1_tl_12" custom="readingOrder {index:11;}">
                <Coords points="2431,1754 3851,1733 3948,1705 3950,1642 3143,1618 2858,1685 2433,1673"/>
                <Baseline points="2443,1739 2476,1739 2521,1736 2565,1736 2610,1733 2655,1730 2700,1730 2744,1727 2789,1727 2834,1724 2879,1724 2923,1724 2968,1721 3013,1721 3058,1721 3102,1718 3147,1715 3192,1715 3237,1712 3281,1712 3326,1712 3371,1709 3416,1709 3460,1709 3505,1706 3550,1706 3595,1706 3639,1703 3684,1703 3729,1700 3774,1700 3818,1700 3863,1697 3908,1697 3953,1700"/>
                <TextEquiv>
                    <Unicode>achtens unbedingt unternommen werden müsste.</Unicode>
                </TextEquiv>
            </TextLine>
            <TextLine id="tr_1_tl_13" custom="readingOrder {index:12;}">
                <Coords points="449,1804 837,1798 938,1741 1917,1735 1940,1622 1309,1703 1098,1634 926,1638 765,1705 451,1693"/>
                <Baseline points="462,1748 465,1748 510,1745 554,1745 599,1745 644,1745 689,1748 733,1745 778,1742 823,1739 868,1739 912,1736 957,1736 1002,1733 1047,1733 1091,1733 1136,1733 1181,1733 1226,1730 1270,1730 1315,1730 1360,1730 1405,1727 1450,1727 1494,1727 1539,1727 1584,1724 1629,1721 1673,1721 1718,1721 1763,1718 1808,1718 1852,1718 1897,1718 1942,1718"/>
                <TextEquiv>
                    <Unicode>Ertrag meiner Werke ebensoviel (wenn nicht</Unicode>
                </TextEquiv>
            </TextLine>
            <TextLine id="tr_1_tl_14" custom="readingOrder {index:13;}">
                <Coords points="2641,1847 3863,1824 3909,1814 3912,1719 3685,1719 3515,1774 3311,1723 3153,1778 2643,1776"/>
                <Baseline points="2652,1828 2661,1831 2706,1828 2750,1828 2795,1828 2840,1828 2885,1825 2929,1825 2974,1825 3019,1822 3064,1822 3108,1819 3153,1819 3198,1819 3243,1819 3287,1819 3332,1814 3377,1814 3422,1814 3466,1814 3511,1811 3556,1808 3601,1808 3645,1808 3690,1805 3735,1805 3780,1805 3824,1802 3869,1799 3914,1799"/>
                <TextEquiv>
                    <Unicode>Aber es handelt sich ja nicht allein</Unicode>
                </TextEquiv>
            </TextLine>
            <TextLine id="tr_1_tl_15" custom="readingOrder {index:14;}">
                <Coords points="457,1891 991,1895 1414,1828 1851,1863 2020,1832 2022,1776 1242,1798 1005,1743 900,1796 459,1814"/>
                <Baseline points="471,1849 504,1849 548,1849 593,1849 638,1849 683,1849 727,1846 772,1843 817,1843 862,1840 907,1840 951,1840 996,1840 1041,1837 1086,1837 1130,1834 1175,1834 1220,1834 1265,1834 1309,1831 1354,1831 1399,1828 1444,1828 1488,1828 1533,1828 1578,1825 1623,1822 1667,1822 1712,1822 1757,1822 1802,1822 1846,1822 1891,1819 1936,1819 1981,1819 2025,1822"/>
                <TextEquiv>
                    <Unicode>mehr) gewidmet habe, als der österreichischen.</Unicode>
                </TextEquiv>
            </TextLine>
            <TextLine id="tr_1_tl_16" custom="readingOrder {index:15;}">
                <Coords points="2435,1954 3012,1986 3956,1919 3958,1820 3905,1810 3361,1814 3238,1869 3149,1826 2682,1861 2439,1830"/>
                <Baseline points="2449,1942 2485,1939 2530,1939 2574,1936 2619,1936 2664,1933 2709,1933 2753,1930 2798,1930 2843,1927 2888,1930 2932,1927 2977,1924 3022,1924 3067,1924 3111,1921 3156,1921 3201,1918 3246,1918 3290,1918 3335,1918 3380,1918 3425,1918 3469,1915 3514,1912 3559,1912 3604,1909 3648,1906 3693,1906 3738,1903 3783,1903 3827,1903 3872,1900 3917,1900 3962,1897"/>
                <TextEquiv>
                    <Unicode>um meine Gesammelten Werke, sondern um aller-</Unicode>
                </TextEquiv>
            </TextLine>
            <TextLine id="tr_1_tl_17" custom="readingOrder {index:16;}">
                <Coords points="457,1990 1921,1944 1974,1871 1610,1828 1521,1903 457,1901"/>
                <Baseline points="468,1951 498,1951 543,1951 587,1951 632,1948 677,1948 722,1945 766,1945 811,1945 856,1942 901,1942 945,1942 990,1942 1035,1939 1080,1939 1124,1939 1169,1939 1214,1939 1259,1936 1303,1936 1348,1933 1393,1933 1438,1930 1482,1933 1527,1930 1572,1930 1617,1927 1661,1927 1706,1927 1751,1927 1796,1924 1840,1924 1885,1921 1930,1921 1975,1918"/>
                <TextEquiv>
                    <Unicode>Sie antworteten mir, dass ein solches Gesuch</Unicode>
                </TextEquiv>
            </TextLine>
            <TextLine id="tr_1_tl_18" custom="readingOrder {index:17;}">
                <Coords points="3630,1962 3802,1956 3841,1974 3871,1958 3950,1960 4023,1984 4073,1962 4073,1923 3976,1909 3909,1934 3843,1911 3794,1940 3776,1927 3630,1934"/>
                <Baseline points="3642,1948 3687,1954 3732,1951 3777,1954 3821,1957 3866,1957 3911,1957 3956,1954 4000,1954 4045,1954 4078,1954"/>
                <TextEquiv>
                    <Unicode>lui medne.</Unicode>
                </TextEquiv>
            </TextLine>
            <TextLine id="tr_1_tl_19" custom="readingOrder {index:18;}">
                <Coords points="2437,2079 2569,2037 3206,2061 3968,2016 3936,1962 3624,1952 2439,1984"/>
                <Baseline points="2449,2043 2452,2043 2497,2040 2541,2037 2586,2037 2631,2034 2676,2034 2721,2034 2765,2031 2810,2031 2855,2031 2900,2028 2944,2025 2989,2025 3034,2025 3079,2025 3123,2022 3168,2022 3213,2019 3258,2019 3302,2016 3347,2016 3392,2016 3437,2013 3481,2013 3526,2013 3571,2010 3616,2010 3660,2007 3705,2007 3750,2004 3795,2004 3839,2004 3884,2001 3929,2001 3974,2001"/>
                <TextEquiv>
                    <Unicode>lei meiner früher erschienenen und bevorste-</Unicode>
                </TextEquiv>
            </TextLine>
            <TextLine id="tr_1_tl_20" custom="readingOrder {index:19;}">
                <Coords points="457,2065 1929,2055 1968,1966 1719,1942 1489,1986 1331,1934 1171,1996 680,1982 457,2025"/>
                <Baseline points="468,2055 495,2055 540,2052 584,2052 629,2049 674,2049 719,2046 763,2046 808,2046 853,2046 898,2046 942,2043 987,2043 1032,2043 1077,2043 1121,2043 1166,2040 1211,2040 1256,2037 1300,2037 1345,2034 1390,2034 1435,2031 1479,2031 1524,2034 1569,2031 1614,2028 1658,2028 1703,2028 1748,2028 1793,2028 1837,2025 1882,2022 1927,2019 1972,2022"/>
                <TextEquiv>
                    <Unicode>meinerseits keine Aussicht auf Erfolg haben</Unicode>
                </TextEquiv>
            </TextLine>
            <TextLine id="tr_1_tl_21" custom="readingOrder {index:20;}">
                <Coords points="2447,2099 2461,2101 2471,2093 2510,2105 2520,2097 2536,2109 2550,2095 2571,2101 2593,2093 2607,2105 2619,2093 2660,2095 2660,2053 2619,2065 2583,2037 2571,2037 2548,2043 2520,2065 2508,2055 2500,2063 2488,2057 2461,2073 2447,2073"/>
                <Baseline points="2458,2094 2485,2091 2530,2091 2574,2091 2619,2088 2664,2088"/>
                <TextEquiv>
                    <Unicode>neuen</Unicode>
                </TextEquiv>
            </TextLine>
            <TextLine id="tr_1_tl_22" custom="readingOrder {index:21;}">
                <Coords points="2443,2166 3426,2120 3940,2156 3944,2008 3651,2075 3446,2033 3022,2075 2900,2035 2445,2095"/>
                <Baseline points="2455,2145 2470,2145 2515,2142 2559,2139 2604,2139 2649,2136 2694,2136 2738,2136 2783,2133 2828,2133 2873,2130 2917,2130 2962,2130 3007,2127 3052,2127 3096,2124 3141,2124 3186,2124 3231,2121 3275,2121 3320,2121 3365,2118 3410,2118 3454,2118 3499,2115 3544,2115 3589,2112 3633,2112 3678,2109 3723,2109 3768,2106 3812,2106 3857,2103 3902,2103 3947,2106"/>
                <TextEquiv>
                    <Unicode>henden Bücher. Sie schrieben mir, und versi-</Unicode>
                </TextEquiv>
            </TextLine>
            <TextLine id="tr_1_tl_23" custom="readingOrder {index:22;}">
                <Coords points="459,2196 1905,2152 1925,2047 1620,2045 1448,2105 461,2105"/>
                <Baseline points="471,2157 498,2157 543,2154 587,2154 632,2154 677,2154 722,2154 766,2151 811,2151 856,2151 901,2151 945,2148 990,2148 1035,2148 1080,2148 1124,2145 1169,2145 1214,2142 1259,2142 1303,2139 1348,2139 1393,2139 1438,2139 1482,2136 1527,2136 1572,2133 1617,2133 1661,2130 1706,2130 1751,2127 1796,2127 1840,2127 1885,2127 1930,2127"/>
                <TextEquiv>
                    <Unicode>könnte. Ich bin jicht so persistisch als</Unicode>
                </TextEquiv>
            </TextLine>
            <TextLine id="tr_1_tl_24" custom="readingOrder {index:23;}">
                <Coords points="2435,2294 2856,2237 4029,2241 4047,2128 2439,2205"/>
                <Baseline points="2449,2246 2482,2243 2527,2240 2571,2240 2616,2240 2661,2237 2706,2237 2750,2237 2795,2237 2840,2237 2885,2234 2929,2231 2974,2231 3019,2231 3064,2228 3108,2228 3153,2225 3198,2225 3243,2222 3287,2222 3332,2222 3377,2222 3422,2219 3466,2216 3511,2219 3556,2216 3601,2213 3645,2213 3690,2210 3735,2210 3780,2207 3824,2207 3869,2204 3914,2204 3959,2204 4003,2201 4048,2201"/>
                <TextEquiv>
                    <Unicode>cherten mir auch mündlich, dass Ihnen für meine</Unicode>
                </TextEquiv>
            </TextLine>
            <TextLine id="tr_1_tl_25" custom="readingOrder {index:24;}">
                <Coords points="465,2269 1899,2261 1936,2142 1456,2142 1321,2209 467,2211"/>
                <Baseline points="477,2258 507,2255 551,2255 596,2258 641,2255 686,2255 730,2255 775,2252 820,2249 865,2249 909,2246 954,2246 999,2246 1044,2246 1088,2246 1133,2243 1178,2243 1223,2243 1268,2240 1312,2240 1357,2237 1402,2237 1447,2237 1491,2234 1536,2234 1581,2231 1626,2231 1670,2231 1715,2231 1760,2231 1805,2228 1849,2228 1894,2228 1939,2228"/>
                <TextEquiv>
                    <Unicode>Sie; ich kann mir absolut nicht denken, dass</Unicode>
                </TextEquiv>
            </TextLine>
            <TextLine id="tr_1_tl_26" custom="readingOrder {index:25;}">
                <Coords points="815,2310 1272,2291 1353,2314 1391,2291 1646,2289 1646,2253 1489,2235 1248,2265 815,2267"/>
                <Baseline points="826,2297 847,2300 892,2300 936,2297 981,2297 1026,2297 1071,2297 1115,2294 1160,2294 1205,2294 1250,2294 1294,2291 1339,2288 1384,2291 1429,2288 1473,2285 1518,2285 1563,2285 1608,2282 1652,2279"/>
                <TextEquiv>
                    <Unicode>jenen bereits angeführten</Unicode>
                </TextEquiv>
            </TextLine>
            <TextLine id="tr_1_tl_27" custom="readingOrder {index:26;}">
                <Coords points="2441,2401 2643,2364 2775,2395 2955,2338 3877,2342 3893,2237 2445,2285"/>
                <Baseline points="2455,2345 2464,2345 2509,2342 2553,2342 2598,2342 2643,2342 2688,2339 2732,2339 2777,2339 2822,2336 2867,2336 2911,2339 2956,2336 3001,2333 3046,2333 3090,2330 3135,2327 3180,2327 3225,2324 3269,2324 3314,2324 3359,2321 3404,2321 3448,2321 3493,2321 3538,2318 3583,2315 3628,2315 3672,2315 3717,2312 3762,2312 3807,2309 3851,2309 3896,2309"/>
                <TextEquiv>
                    <Unicode>Novelle genug Papier zur Verfügung stände.</Unicode>
                </TextEquiv>
            </TextLine>
            <TextLine id="tr_1_tl_28" custom="readingOrder {index:27;}">
                <Coords points="473,2409 686,2407 783,2358 1812,2350 1871,2338 1873,2273 819,2326 475,2296"/>
                <Baseline points="486,2357 489,2359 534,2359 578,2357 623,2357 668,2357 713,2357 757,2354 802,2357 847,2354 892,2354 936,2351 981,2348 1026,2348 1071,2348 1115,2345 1160,2345 1205,2345 1250,2342 1294,2342 1339,2342 1384,2342 1429,2339 1473,2339 1518,2339 1563,2336 1608,2336 1652,2333 1697,2333 1742,2333 1787,2330 1831,2330 1876,2330"/>
                <TextEquiv>
                    <Unicode>die B.K.W.St. sich Gründen verschliessen</Unicode>
                </TextEquiv>
            </TextLine>
            <TextLine id="tr_1_tl_29" custom="readingOrder {index:28;}">
                <Coords points="898,2407 981,2407 997,2417 1031,2405 1048,2419 1080,2421 1143,2415 1155,2403 1193,2421 1232,2415 1230,2364 1145,2362 1120,2348 1108,2358 1027,2358 1009,2368 971,2352 898,2364"/>
                <Baseline points="909,2395 954,2401 999,2398 1044,2398 1088,2398 1133,2398 1178,2401 1223,2404 1235,2401"/>
                <TextEquiv>
                    <Unicode>überdies</Unicode>
                </TextEquiv>
            </TextLine>
            <TextLine id="tr_1_tl_30" custom="readingOrder {index:29;}">
                <Coords points="2443,2490 2997,2433 3877,2453 3918,2443 3922,2336 3471,2324 3297,2387 2904,2358 2445,2403"/>
                <Baseline points="2455,2443 2491,2443 2536,2443 2580,2443 2625,2443 2670,2443 2715,2440 2759,2437 2804,2437 2849,2437 2894,2434 2938,2434 2983,2434 3028,2431 3073,2428 3117,2428 3162,2428 3207,2425 3252,2425 3296,2425 3341,2422 3386,2422 3431,2422 3475,2422 3520,2419 3565,2419 3610,2416 3654,2413 3699,2413 3744,2413 3789,2413 3833,2413 3878,2413 3923,2419"/>
                <TextEquiv>
                    <Unicode>Genug? Wieviel? Würde es auch für dreissig</Unicode>
                </TextEquiv>
            </TextLine>
            <TextLine id="tr_1_tl_31" custom="readingOrder {index:30;}">
                <Coords points="469,2463 669,2512 805,2455 1911,2459 1938,2368 1181,2423 471,2411"/>
                <Baseline points="480,2461 507,2461 551,2458 596,2458 641,2458 686,2458 730,2458 775,2455 820,2455 865,2452 909,2452 954,2452 999,2452 1044,2452 1088,2449 1133,2449 1178,2449 1223,2449 1268,2446 1312,2443 1357,2443 1402,2443 1447,2440 1491,2440 1536,2440 1581,2437 1626,2437 1670,2434 1715,2434 1760,2434 1805,2434 1849,2431 1894,2431 1939,2428"/>
                <TextEquiv>
                    <Unicode>würde, die sich durch die juristische Erwä-</Unicode>
                </TextEquiv>
            </TextLine>
            <TextLine id="tr_1_tl_32" custom="readingOrder {index:31;}">
                <Coords points="2453,2579 4005,2542 4025,2451 3192,2435 2985,2494 2455,2498"/>
                <Baseline points="2464,2556 2506,2550 2550,2547 2595,2547 2640,2544 2685,2544 2729,2541 2774,2541 2819,2539 2864,2539 2908,2536 2953,2536 2998,2533 3043,2533 3087,2527 3132,2527 3177,2527 3222,2527 3266,2527 3311,2527 3356,2524 3401,2524 3446,2521 3490,2521 3535,2521 3580,2518 3625,2518 3669,2515 3714,2515 3759,2515 3804,2512 3848,2512 3893,2509 3938,2509 3983,2509 4027,2509"/>
                <TextEquiv>
                    <Unicode>Auflagen reichen (nun welche Eventualität man</Unicode>
                </TextEquiv>
            </TextLine>
            <TextLine id="tr_1_tl_33" custom="readingOrder {index:32;}">
                <Coords points="469,2595 708,2617 827,2565 1487,2542 1733,2575 2039,2546 2041,2453 1442,2447 1181,2504 1098,2461 471,2536"/>
                <Baseline points="480,2568 522,2568 566,2565 611,2565 656,2562 701,2559 745,2559 790,2559 835,2556 880,2553 924,2553 969,2553 1014,2550 1059,2550 1103,2550 1148,2547 1193,2547 1238,2547 1282,2547 1327,2544 1372,2544 1417,2544 1461,2544 1506,2541 1551,2541 1596,2539 1640,2539 1685,2539 1730,2539 1775,2536 1819,2536 1864,2533 1909,2533 1954,2533 1998,2530 2043,2530"/>
                <TextEquiv>
                    <Unicode>gung ergänzen und verstärken liessen, dass ich</Unicode>
                </TextEquiv>
            </TextLine>
            <TextLine id="tr_1_tl_34" custom="readingOrder {index:33;}">
                <Coords points="2459,2686 3916,2637 3952,2544 2461,2581"/>
                <Baseline points="2470,2655 2479,2658 2524,2649 2568,2649 2613,2649 2658,2646 2703,2643 2747,2643 2792,2640 2837,2640 2882,2640 2926,2640 2971,2637 3016,2637 3061,2634 3105,2631 3150,2628 3195,2628 3240,2628 3284,2628 3329,2625 3374,2625 3419,2622 3463,2619 3508,2619 3553,2619 3598,2619 3642,2616 3687,2616 3732,2616 3777,2613 3821,2613 3866,2613 3911,2610 3956,2610"/>
                <TextEquiv>
                    <Unicode>ja immerhin denken müsste)? Und wäre dieses</Unicode>
                </TextEquiv>
            </TextLine>
            <TextLine id="tr_1_tl_35" custom="readingOrder {index:34;}">
                <Coords points="469,2706 684,2716 799,2658 1982,2662 2016,2587 1600,2558 1218,2617 471,2621"/>
                <Baseline points="480,2661 501,2664 545,2664 590,2667 635,2664 680,2664 725,2661 769,2661 814,2658 859,2655 904,2655 948,2655 993,2655 1038,2652 1083,2652 1127,2652 1172,2649 1217,2649 1262,2649 1306,2649 1351,2646 1396,2646 1441,2643 1485,2646 1530,2643 1575,2643 1620,2640 1664,2640 1709,2640 1754,2640 1799,2640 1843,2640 1888,2637 1933,2637 1978,2634 2022,2634"/>
                <TextEquiv>
                    <Unicode>in genau demselben Rechtsverhältnis zu Ihrem</Unicode>
                </TextEquiv>
            </TextLine>
            <TextLine id="tr_1_tl_36" custom="readingOrder {index:35;}">
                <Coords points="2459,2757 3499,2730 3598,2763 3960,2722 3962,2645 3430,2627 3153,2686 2461,2692"/>
                <Baseline points="2470,2747 2488,2750 2533,2750 2577,2747 2622,2747 2667,2744 2712,2744 2756,2744 2801,2741 2846,2741 2891,2738 2935,2738 2980,2738 3025,2735 3070,2735 3114,2732 3159,2729 3204,2729 3249,2729 3293,2729 3338,2726 3383,2726 3428,2726 3472,2723 3517,2721 3562,2721 3607,2721 3651,2721 3696,2718 3741,2718 3786,2718 3830,2715 3875,2715 3920,2715 3965,2715"/>
                <TextEquiv>
                    <Unicode>Papier dann nicht wieder älteren Werken von</Unicode>
                </TextEquiv>
            </TextLine>
            <TextLine id="tr_1_tl_37" custom="readingOrder {index:36;}">
                <Coords points="473,2819 813,2813 963,2755 2047,2763 2047,2688 1976,2670 475,2710"/>
                <Baseline points="486,2765 531,2762 575,2765 620,2765 665,2762 710,2762 754,2759 799,2759 844,2759 889,2759 933,2759 978,2753 1023,2756 1068,2756 1112,2753 1157,2753 1202,2750 1247,2750 1291,2750 1336,2750 1381,2750 1426,2747 1470,2747 1515,2744 1560,2744 1605,2744 1649,2741 1694,2741 1739,2741 1784,2738 1828,2738 1873,2738 1918,2738 1963,2738 2007,2735 2052,2732"/>
                <TextEquiv>
                    <Unicode>Verlage stehe wie Hauptmann, dass der deutsche</Unicode>
                </TextEquiv>
            </TextLine>
            <TextLine id="tr_1_tl_38" custom="readingOrder {index:37;}">
                <Coords points="2459,2862 3717,2823 3818,2862 4063,2829 4065,2755 3135,2734 2868,2801 2461,2815"/>
                <Baseline points="2470,2852 2503,2852 2547,2852 2592,2849 2637,2846 2682,2846 2726,2846 2771,2846 2816,2843 2861,2843 2905,2843 2950,2840 2995,2837 3040,2837 3084,2834 3129,2834 3174,2837 3219,2834 3264,2831 3308,2831 3353,2831 3398,2828 3443,2828 3487,2825 3532,2825 3577,2825 3622,2822 3666,2822 3711,2822 3756,2819 3801,2822 3845,2819 3890,2819 3935,2816 3980,2813 4024,2816 4069,2819"/>
                <TextEquiv>
                    <Unicode>mir entzogen, die vergriffen sind und neue Auf-</Unicode>
                </TextEquiv>
            </TextLine>
            <TextLine id="tr_1_tl_39" custom="readingOrder {index:38;}">
                <Coords points="473,2920 799,2916 906,2860 2010,2866 2073,2856 2075,2799 475,2819"/>
                <Baseline points="486,2867 513,2867 557,2867 602,2867 647,2864 692,2864 736,2861 781,2861 826,2861 871,2858 915,2858 960,2855 1005,2855 1050,2855 1094,2855 1139,2855 1184,2855 1229,2855 1273,2852 1318,2852 1363,2852 1408,2849 1452,2849 1497,2846 1542,2846 1587,2846 1632,2843 1676,2843 1721,2843 1766,2840 1811,2840 1855,2840 1900,2840 1945,2840 1990,2840 2034,2840 2079,2837"/>
                <TextEquiv>
                    <Unicode>Buchhandel und alles,was damit zusammenhängt,</Unicode>
                </TextEquiv>
            </TextLine>
            <TextLine id="tr_1_tl_40" custom="readingOrder {index:39;}">
                <Coords points="1814,2896 1863,2910 1952,2896 1970,2914 2035,2900 2051,2912 2095,2904 2095,2866 2061,2854 2022,2870 1950,2858 1887,2866 1873,2852 1853,2868 1814,2858"/>
                <Baseline points="1825,2894 1870,2894 1915,2894 1960,2891 2004,2894 2049,2894 2094,2894 2100,2894"/>
                <TextEquiv>
                    <Unicode>Votre beaucoup de mon amié.</Unicode>
                </TextEquiv>
            </TextLine>
            <TextLine id="tr_1_tl_41" custom="readingOrder {index:40;}">
                <Coords points="1236,2918 1260,2923 1276,2908 1286,2904 1329,2906 1329,2874 1317,2872 1313,2876 1305,2876 1290,2858 1284,2858 1276,2866 1270,2864 1258,2874 1248,2864 1238,2864"/>
                <Baseline points="1247,2897 1288,2894 1333,2894"/>
                <TextEquiv>
                    <Unicode>G.H.F.P.</Unicode>
                </TextEquiv>
            </TextLine>
            <TextLine id="tr_1_tl_42" custom="readingOrder {index:41;}">
                <Coords points="851,2912 864,2910 870,2916 884,2908 894,2912 910,2908 916,2912 922,2906 932,2910 947,2910 947,2866 926,2868 918,2864 914,2866 906,2860 900,2866 880,2864 872,2870 862,2864 851,2864"/>
                <Baseline points="862,2897 907,2897 951,2897"/>
                <TextEquiv>
                    <Unicode>G.C.H.P.</Unicode>
                </TextEquiv>
            </TextLine>
            <TextLine id="tr_1_tl_43" custom="readingOrder {index:42;}">
                <Coords points="2459,3003 3232,2935 4087,2963 4089,2880 4025,2850 2463,2866"/>
                <Baseline points="2473,2959 2479,2959 2524,2956 2568,2953 2613,2953 2658,2953 2703,2950 2747,2947 2792,2947 2837,2947 2882,2944 2926,2941 2971,2941 3016,2938 3061,2938 3105,2935 3150,2935 3195,2935 3240,2932 3284,2932 3329,2932 3374,2932 3419,2932 3463,2929 3508,2926 3553,2926 3598,2926 3642,2923 3687,2923 3732,2923 3777,2923 3821,2920 3866,2920 3911,2920 3956,2920 4000,2917 4045,2920 4090,2929"/>
                <TextEquiv>
                    <Unicode>lagen erfordern? Ich will Ihnen einen Vorschlag</Unicode>
                </TextEquiv>
            </TextLine>
            <TextLine id="tr_1_tl_44" custom="readingOrder {index:43;}">
                <Coords points="487,3020 702,3028 813,2969 1984,2961 1954,2896 489,2925"/>
                <Baseline points="498,2974 513,2974 557,2971 602,2968 647,2968 692,2965 736,2965 781,2965 826,2962 871,2962 915,2962 960,2962 1005,2959 1050,2959 1094,2959 1139,2956 1184,2959 1229,2956 1273,2953 1318,2953 1363,2953 1408,2953 1452,2950 1497,2950 1542,2947 1587,2947 1632,2947 1676,2944 1721,2944 1766,2944 1811,2941 1855,2941 1900,2938 1945,2938 1990,2941"/>
                <TextEquiv>
                    <Unicode>gerades durch mich profitirt hat wie durch</Unicode>
                </TextEquiv>
            </TextLine>
            <TextLine id="tr_1_tl_45" custom="readingOrder {index:44;}">
                <Coords points="2461,3078 3622,3038 3707,3086 3960,3058 3964,2957 3234,2937 2902,3005 2463,3001"/>
                <Baseline points="2473,3061 2491,3061 2536,3061 2580,3058 2625,3058 2670,3055 2715,3055 2759,3055 2804,3055 2849,3055 2894,3055 2938,3052 2983,3049 3028,3049 3073,3046 3117,3043 3162,3040 3207,3040 3252,3040 3296,3040 3341,3037 3386,3034 3431,3034 3475,3034 3520,3034 3565,3031 3610,3031 3654,3031 3699,3028 3744,3028 3789,3028 3833,3031 3878,3028 3923,3025 3968,3031"/>
                <TextEquiv>
                    <Unicode>zur Erwägung geben. Benützen Sie das Papier,</Unicode>
                </TextEquiv>
            </TextLine>
            <TextLine id="tr_1_tl_46" custom="readingOrder {index:45;}">
                <Coords points="479,3131 856,3121 947,3068 1927,3076 2057,3052 2059,2979 1519,2951 1345,2957 1280,3016 481,3024"/>
                <Baseline points="492,3070 495,3070 540,3070 584,3070 629,3070 674,3070 719,3067 763,3067 808,3064 853,3064 898,3061 942,3064 987,3061 1032,3061 1077,3061 1121,3061 1166,3058 1211,3058 1256,3058 1300,3058 1345,3055 1390,3055 1435,3055 1479,3052 1524,3052 1569,3052 1614,3049 1658,3049 1703,3046 1748,3046 1793,3049 1837,3046 1882,3046 1927,3043 1972,3043 2016,3040 2061,3043"/>
                <TextEquiv>
                    <Unicode>irgend einen deutschen Autor. Ich habe Anlass</Unicode>
                </TextEquiv>
            </TextLine>
            <TextLine id="tr_1_tl_47" custom="readingOrder {index:46;}">
                <Coords points="477,3189 1076,3232 1187,3165 1988,3167 2018,3086 1739,3060 1588,3117 1497,3066 991,3068 845,3121 477,3129"/>
                <Baseline points="489,3177 501,3174 545,3174 590,3174 635,3171 680,3171 725,3171 769,3168 814,3168 859,3168 904,3168 948,3165 993,3165 1038,3165 1083,3168 1127,3168 1172,3162 1217,3162 1262,3162 1306,3159 1351,3159 1396,3159 1441,3156 1485,3156 1530,3153 1575,3153 1620,3153 1664,3153 1709,3150 1754,3150 1799,3150 1843,3150 1888,3147 1933,3147 1978,3144 2022,3144"/>
                <TextEquiv>
                    <Unicode>zu der Erwartung, dass ein solches Gesuch auf</Unicode>
                </TextEquiv>
            </TextLine>
            <TextLine id="tr_1_tl_48" custom="readingOrder {index:47;}">
                <Coords points="473,3333 775,3283 1181,3309 1268,3264 1780,3305 1990,3272 1992,3194 1770,3151 1644,3224 475,3220"/>
                <Baseline points="486,3281 516,3278 560,3278 605,3278 650,3275 695,3275 739,3272 784,3272 829,3272 874,3269 918,3269 963,3266 1008,3269 1053,3269 1097,3269 1142,3269 1187,3266 1232,3266 1276,3264 1321,3264 1366,3261 1411,3261 1455,3261 1500,3261 1545,3258 1590,3258 1634,3258 1679,3258 1724,3255 1769,3255 1814,3252 1858,3252 1903,3252 1948,3249 1993,3255"/>
                <TextEquiv>
                    <Unicode>diplomatischem Wege Unterstützung fände und</Unicode>
                </TextEquiv>
            </TextLine>
        </TextRegion>
    </Page>
</PcGts>
