4391 3991
30 104 159 195 0
190 1109 1814 1276 bekräftigt. Wenn Sie es sich aber nun im Allge-
190 1236 1737 1348 meinen oder in einzelnen Fällen so z.B. jetzt
210 1301 1869 1481 bei meiner Novelle vorbehalten wollen das Buch
203 1458 1761 1566 nicht wie ursprünglich gedacht zum Ladenpreis
207 1513 1850 1699 von 4 Mark, sondern teuerer zu verkaufen und die-
212 1623 1877 1797 ses Plus als Aufschlag anzusehen,von dem sie wie
210 1742 1852 1864 der nur statt 25% 10% an den Autor zu zahlen ge-
214 1826 1856 1979 denken,so heben sie ja damit ganz einfach die in
216 1926 1759 2078 Ihrem Zirkular gemachte Zusage wieder auf und
220 2036 1725 2188 tun im Grunde nichts anderes als das Honorar
220 2133 1790 2288 für den Autor hern nterzusetzen. Würde also der
224 2224 1752 2374 „Casanova“ statt 4 5 Mark kosten,so erhielte
226 2330 1864 2465 ich nicht mehr 25, sondern 20% und je teuerer Sie
233 2461 1767 2575 das Buch ansetzen, umso schlechter käme ich im
231 2550 1883 2669 Verhältnis weg. Inwiefern ich „davon einen Vorteil
222 2628 1769 2766 habe' sehe ich wirklich nicht recht ein. Dass
229 2762 1860 2880 sich die Herstellungskosten der Bücher ausseror-
229 2823 1913 2969 dentl ich verteuert haben ist mir natürlich be¬
231 2923 1905 3071 kannt, auch dass die Vertriebsspesen erheblich ge-
224 3024 1526 3202 wachsen sind. Der leinband kommt in Soesem
2290 1075 3962 1232 menhang ja gar nicht in Betracht, da ja der Autor
2290 1181 3970 1312 niemals Perzente von ihm bezog. Und es zeigt sich
2305 1314 3938 1437 ja auch, dass die höheren einbandspesen durchaus
2292 1384 3991 1553 auf den Käufer überwälzt werden. Jedenfalls wehrt
2290 1488 3934 1630 sich irgendetwas ön mir - und ich glaube nicht,
2290 1608 3970 1750 dass es Habsucht ist, wenn ich sehe, dass in einer
2290 1693 3983 1847 Zeit. wo alle beim Buchhandel interessierten Ele¬
2292 1795 3947 1955 mente ihre Preise heraufzusetzen genötigt sind,
2296 1907 3993 2059 gerade der Autor derjenige sein soll, der xxx
2296 2010 3845 2152 zur Herabsetzung seiner Ansprüche varanlasst
2290 2108 3945 2262 wird. Tun Sie mir den Gefallen, lieber Freund, neh¬
2286 2203 3949 2332 men sie das, was ich hier sage, nicht am Ende wie-
2290 2305 3953 2459 der für den Ausdruck eines Mangels an Vertrauen.
2298 2400 3989 2565 Ich habe das völligste Vertrauen, muss ich es wird
2290 2504 3892 2666 lich wiederholen zu der Vortrefflichkeit Ihrer
2296 2607 3949 2770 Absichten, zu Ihrem verlegerischen Genie zu ihren
2300 2715 3998 2865 persönlichen Sympathie und Hochschätzung für mich,
2294 2853 3938 2978 aber ich muss es mir nun einmal vorbehalten, da
2305 2916 3862 3050 wir doch eben alle nur fehlbare Menschen sind
2298 3014 3824 3202 Ihnen von Fall zu Fall ein Bedenken geschüh.
