4413 3991
403 1073 1945 1239 Absurdum sein mag, endgiltig begraben wollen.
655 1149 2011 1333 Dass Sie morgen noch nicht da sein kön-
414 1282 2024 1422 nen tut mir recht, umso mehr freue ich mich auf
420 1378 1904 1523 die Aussicht Sie doch noch im Laufe dieses
420 1497 1983 1636 Monats nach so langer Zeit wiederzusehen. Kün-
433 1582 1994 1738 digen sie sich nur rechtzeitig an, Ihre Briefe
435 1653 1960 1832 hieher laufen noch immer vier bis fünf Tage.
766 1815 1638 1949 Mit herzlichsten Grüssen
1092 1919 1220 2022 Ihr
3442 911 3847 1004 21.12.1917.
2371 887 2890 1105 scher
2862 1230 3361 1363 Lieber Freund.
2757 1337 4037 1538 Ihr Verlag teilt mir mit, dass sowohl
2423 1540 4062 1659 die erste wie die zweite Serie der ges.Werke in
2418 1638 4088 1761 Leder und Halbleder vollständig vergriffen sind.
2420 1740 3988 1855 Sie waren so gütig mir zuzusagen, dass Sie mir
2418 1838 4030 1966 eventuell das von mir Gewünschte aushilfsweise
3845 1892 4043 1956 Même
2418 1943 4126 2051 aus Ihrer Privatbibliothek zur Verfügung/könnten.
2423 2028 4137 2143 Mir fehlt von der Halbleder-Ausgabe-die Abteilung
2382 2147 4028 2263 der Theaterstücke,von der Ganzlederuasgabe die
2427 2239 4026 2378 erzählenden Schriften. Können Sie einen dieser
2423 2348 4090 2465 Prgänzungsteile leicht entbehren, so wäre ich für
2420 2440 3979 2576 gütige Zusendung sehr dankbar.-Wie steht nun
2427 2570 3973 2678 eigentlich die Papierangelegenheit? Ich habe
2414 2670 4099 2768 seit Ihrer Abreise nichts mehr von der Sache ge-
2444 2764 2653 2855 hört
2587 2855 4071 2983 In diesen Tagen wird Herr Prof. Karl
2423 2958 4105 3107 Techet die Anfrage an Sie stellen, ob Sie geneigt
2465 3071 4122 3205 wären in neues Buch von ihm in Verlag zu nehmen.
