2386 3961
2024 907 2120 1005 5
483 1017 1991 1165 dass Sie mir die im Laufe der nächsten Zeit
487 1115 2144 1254 fälligen Summen mir oder meiner Bank (wie diese
487 1252 1745 1350 mir rät) in Mark bar zusenden mögen.
695 1337 2169 1466 Ebenso wie im vorigen Jahr möchte ich auch
483 1412 2140 1570 heuer Ihre Aufmerksamkeit auf die Weihnachtska-
1679 1493 1914 1570 G.C.F.M
493 1504 2099 1670 taloge aus Leipzig lenken, von denen mir dismal
493 1631 2092 1772 eine grosse und eine kleine Ausgabe vorliegen.
324 1624 443 1805 Pr.
487 1716 2126 1864 Die kleine weiss von meinen in Ihrem Verlag er-
487 1845 2144 1972 schienenen Gesammelten Werken gar nichts; ebenso
489 1945 2140 2076 existiert für diesen Katalog nicht ein einziges
480 2057 1949 2157 meiner Stücke, in den pomanen etc. sind nur
489 2153 2061 2284 „Weg ins Freie“, sowie „Masken und Wunder“ no-
483 2234 2120 2382 tiert.Der grosse Katalog konstatiert allerdings
480 2352 2053 2494 das Vorhandensein der Ges.W., bei den Theater-
487 2463 2003 2577 stücken ist nur „Bernhardi“, bei den Romanen
483 2577 1999 2679 etc. nur „Beate" zu finden. Anderen Autoren
487 2654 2086 2804 wird in ähnlicher Weise mitgespielt,dafür wer-
489 2746 2101 2904 denssie eine ganze Anzahl von Namen und Werken
480 2858 2057 3001 verzeichnet finden, deren Bedeutung sowohl für
489 2993 2065 3093 den Buchhandel als für die Literatur zum Min-
480 3051 2153 3212 desten zweifelhaft sein dürfte.Die Angelegenheit
