4429 4087
433 1054 1638 1170 „Casanovas Heimfahrt“ Cechoslowakei
433 1105 1807 1223 Durieux, Amerika - sind wohl als erkaigt
462 1170 2098 1278 betrachten? Was „Komödie der Worte“ in Holland
427 1241 1954 1327 anbelangt, lege ich den Brief des Direktors
466 1286 1962 1382 bei und überlasse die Angelegenheit, die ich
427 1333 2025 1459 im Auge zu behalten bitte, Ihnen, resp. Reyding.
708 1437 2068 1520 Würde es grosse Mühe machen nachzusehen,
442 1490 2059 1604 ob seinerzeit aus Schweden die Honorare für die
468 1553 2066 1626 Buchausgaben „Anatol,sowie „Fink und Flieder-
429 1600 2039 1679 busch“ richtig gezahlt worden sind? (Es müsste
433 1648 1512 1764 etwa Juli 1919 geschehen sein).
804 1742 1797 1832 Mit verb indlichsten Grüssen
1068 1801 1730 1905 Ihr sehr ergebener
472 2544 1103 2656 Herrn Leo Creiner,
499 2631 1079 2721 S.Fischer,Verlag,
468 2696 735 2776 Berlin.
468 2981 885 3081 2 Beilagen.
3394 938 3805 1054 2 4.9.1923.
2373 961 2910 1113 Fischer
2757 1093 2908 1166 G.C.H.F.P.
2487 1152 2983 1286 Lieber Freund.
2713 1211 4121 1400 Die Abrechnung habe ich erhalten. Die Auf-
2536 1315 4076 1457 stellung auf der Sollseite stimmt nicht ganz
2538 1333 4123 1502 mit den Bestätigungen der auswärtigen Handels-
2542 1422 4070 1561 bank. Zum Vergleiche setze ich die von Ihnen
2544 1467 4080 1608 angegebenen Akontozahlungen vom 25. Juni an
2548 1528 3687 1683 denen vom Feilchenfeld gegenüber.
3502 1563 4121 1707 Auswärtige H.Bank
3547 1644 4153 1756 21. 7. 5 Millionen
2560 1650 3052 1766 Verlag Fischer
3547 1716 3862 1840 25.8. 10
2564 1701 3132 1825 25.6.5 Millionen
3561 1791 3702 1856 4.9.
2566 1793 2794 1870 31.7.8
3783 1817 3895 1888 50
2568 1844 2790 1919 15.8.8
3571 1838 3708 1903 6. 9.
3567 1856 3761 1976 7.9.
2570 1884 2839 1974 22.8.10
2562 1941 2867 2035 Sept. 100
2790 2002 4003 2157 In Ihrer Benachrichtigung vom 11.9.
2586 2047 4107 2220 heisst es: „Für heute nur die Mitteilun“, dass
2554 2118 4119 2271 wir außer den 100 Millionen noch weitere 300
2564 2175 4123 2322 Millionen am 7.d. Ihrem Bankier zumAnkauf von
2564 2210 4186 2377 Effekten überwiesen haben und dass wir weitere
2560 2273 4180 2440 300 Millionen zu Ihrer Verfügung halten. Diese
2599 2326 4096 2470 zuerst erwähnten 100 Millionen sind mir von
2572 2359 4194 2525 der Bank für auswärtigen Handel nicht bestätigt
2578 2426 4001 2578 worden, dagegen (wie Sie sehen) am 6.9. 50
2574 2473 4135 2627 Millionen. Hingegen die 300 Millionen richtig
2576 2538 3962 2686 am 12.9.Ebenso bereits die 8 Milliarden.
2831 2611 4113 2759 Was nun die prinzipielle Frage anbe-
2593 2686 4080 2831 langt: Voraushonorierung, so ergibt sich das
2601 2723 4151 2896 Problematische schon aus der ersten, nach die-
2599 2780 4086 2939 sem Prinzip entworfenen Abrechnung. In Ihrem
2605 2816 4186 2991 Rundschreiben vom 17.9. heisst es: „Nach demheu¬
2607 2900 4164 3034 tigen Stand des Dollars müsste die Schlüssel-
2603 2947 4125 3114 zahl 30 sein. Und wenige Tage später war sie
2639 2983 4094 3128 auch 30, die Vorauszahlung geschah aber auf
2643 3024 4239 3191 Grund der Schlüsselzahl 14.Sie aber verkaufen
2646 3091 4206 3244 doch diese vorausgezahlten Exemplare nach der
2650 3156 4084 3309 neuen Schlüsselzahl, also mindestens undas
