4349 4057
1789 905 2171 1027 11/11 810
2390 913 2860 1112 tischer
3648 987 4042 1136 20.11.1900.
2040 1015 2131 1124 2
2368 1120 2454 1170 Ora
816 1089 2099 1188 Der „Reigen“ dürfte nun binnen kurzem
501 1180 2082 1250 bei Holländer zur Aufführung kommen. Auch hier
505 1228 1998 1294 steht die Aufführung bevor; es bewirbt sich
517 1276 2054 1353 pernau und auch Robert (Renaissancebühne) da¬
513 1343 2014 1421 rum. Ich habe mich noch nicht endgültig ont¬
2581 1311 3086 1437 Lieber Freund,
3130 1365 3311 1425 G.H.F.P.
513 1373 2066 1453 schieden. Was den „Reigen anbelangt, muss ich
509 1427 2054 1510 auch weiterhin bitten in keinem einzigen Fall
511 1489 2046 1554 ohne meine ausdrückliche Zustimmung zu verfü-
2806 1475 4163 1608 Mit der Vergebung des „Weg ins Freie“
517 1536 2078 1614 gen. Ich gedenke die Aufführung an keiner Büh-
2605 1560 4081 1654 für Spanien unter den von Ihnen genannten
519 1590 2030 1650 ne ohne erhebliche Kautionssumme zuzulassen.
2605 1590 4133 1719 Bedingungen, 102 des Ladenpreises, garantiert
523 1630 2084 1713 Man mus sich doch auch dagegen sicherstellen,
2617 1640 4103 1749 durch das auf die erste Auflage von 1000
519 1688 2030 1757 dass gewisse Direktoren z.B. Herr Krämer, die
2615 1697 4125 1817 Exemplaren entfallende Honorar bin ich gerne
517 1715 2052 1799 rantiemenzahlung in unerlaubter Weise monate-
2621 1753 4030 1863 einverstanden. Ich denke die Buchausgabe
519 1789 2000 1867 lang hinauszögern. Wie erfolgt übrigens dde
2649 1797 4107 1910 von Kakadu und Anatol schliessen wir unter
527 1835 2016 1920 Verrechnung ausländischer Valuta an Sie? Im-
2623 1845 4083 1976 gleichen Bedingungen ab, Aufführungsvertrag
2617 1920 4076 2010 nach dem bei der spanischen Autorengesell
511 1900 1112 1996 mer auf Bankwege?
2611 1946 4109 2078 schaft, durch die ja der Vertrag geschlossen
810 1948 2080 2072 Ich lege Ihnen einen Brief des Herrn
2625 2024 3803 2151 werden muss, geltenden Bedingungen.
513 2010 2084 2121 Johann aus, Haag, bei, den ich nach Ihrem Ermes-
517 2091 2080 2173 sen zu berücksichtigen resp. zu erledigen bit-
2887 2084 4173 2227 Die „Letzten Masken“ sind ins Franzö-
517 2139 2030 2219 te. Ihre Verhandlungen mit Holland bezüglich
2631 2161 4046 2261 sische übersetzt von Vallentin und Remon,
517 2197 2016 2259 "Schwestern" und "Doktor Graesler, Guerido,
2637 2209 4123 2324 erschienen Revue bleu 1912; sie erlebten ein
513 2253 1827 2358 haben wohl zu keinem Res ltat geführt?
2631 2261 4089 2376 paar Aufführungen in Paris auf der kleinen
2637 2294 4201 2430 Bühne des Oeuvre. Ich weiss nicht,ob das fran
816 2330 2000 2438 Schreiten die Verhandlungen mit En
2631 2362 4060 2466 zösische Theater in Genf den Gesetzen der
519 2382 2095 2495 land bezüglich „Liebelei“ und.Professor Bem
2645 2422 4052 2539 Socieété des Auteurs unterworfen ist, resp
513 2450 1998 2539 hardi weiter? Oder sind Abschlüsse erfolgt
2649 2472 4095 2571 ob wir nicht über die französische Schweiz
486 2517 635 2593 au moins dʼaprès
2643 2525 4034 2627 frei verfügen dürfen. Ich kann mir nicht
824 2527 2088 2637 In der Berechnung betreffend die ita-
2651 2535 4139 2669 denken, dass ich durch die paar Aufführungen
511 2591 1934 2679 lienische Uebersetzung vom „Weg ins Freie
2655 2617 4097 2726 in Paris mein freies Verfügungsrecht über
523 2665 2008 2720 habe ich mich tatsächlich geirrt, was ich zu
3743 2641 4175 2756 reich und die
2653 2685 3725 2778 die „Letzten Masken für Erank
525 2720 2048 2814 entschuldigen bitte. Wird diese Sache zustan
2655 2722 4167 2836 französisbhe Schweiz ein für alle Mai verlo-
2649 2774 4165 2891 ren hätte. Auch hierin scheinen die urheber-
517 2766 878 2866 de kommen?
2655 2826 4157 2931 rechtlichen verhältnisse nicht sehr klar zu
830 2818 2095 2933 Mit besonderen Interesse sehe ich der
2655 2880 4167 2989 liegen. Ist man nicht in jedem Falle berech-
517 2897 2113 2979 illustrierten Ausgabe von „Casanovas Heimfahrt“
2661 2919 4199 3031 tigt zu kündigen? falls von der Autorisation
2663 2983 4181 3081 durch den autorisierten Uebersetzer kein Ge-
517 2963 2022 3047 entgegen. Wann dürfte die Ausgabe erfolgen?
2655 3051 3369 3174 brauch gemacht wird?
866 3053 1898 3158 Dass ich zu der Aufführung der
965 3116 1970 3176 oder vom „Reigen" nach Berlin
553 3112 929 3192 Schwestern
517 3152 2030 3230 komme, ist nicht recht wahrscheinlich. Es ware
484 3208 2054 3289 freilich schön, wenn wir uns bald wieder einmal
470 3266 1399 3367 mündlich und nicht nur über
1393 3268 2052 3353 r geschäftliche Din-
1297 3315 1403 3363 ...
