4429 4087
3485 999 3852 1111 3.11.1923.
2371 915 2741 1172 Fzher
2359 1162 2543 1268 G.C.H.F.P
2463 1272 2962 1368 Lieber Freund.
2727 1362 4052 1448 Die Auswärtige Handelsbank hat mir eine
2469 1395 4020 1511 nachträgliche Gutschrift der von Ihnen am 30.
2502 1489 3783 1563 7. Überwiesenen 8 Millionen übersandt
3092 1540 3227 1607 G.C.H.F.P
2714 1546 4052 1642 wie 400 Milliarden,die Sie mir bereits
2465 1638 4022 1701 am 23. Oktober als überwiesen ankündigten (für
2476 1669 4087 1765 Buchvertrieb?) sind mir von der Bank noch nicht
2469 1750 3064 1820 angezeigt worden.
2710 1797 3954 1910 Ich hoffe, dass die Glattstellung der
2476 1887 4026 1961 vergangenen Abrechnungen nicht allzu Tangsam
2476 1944 3956 2012 vorwärtsschreite und dass die Resultate der
2471 1996 4054 2059 neuen sich den Normen anpassen werden, über die
2469 2024 4107 2116 mir Hans Jacob nach seiner Besprechung mit Ihnen
2471 2098 4063 2163 auszugsweise berichtete. Im übrigen wollenwir
2469 2145 4014 2232 wünschen, dass die Goldmarkrechnung nicht mehr
2465 2196 4097 2267 lange auf sich warten lässt auf die Gefahr hin,
2465 2251 4054 2330 dass wir merken auf welchen Tiefstand der Ein-
2469 2290 4087 2382 nahmen wir geraten sind.. Ich hoffe, Sie haben
2512 2351 4020 2435 persönlich unter den traurigen Berliner Zu -
2465 2418 3711 2463 ständen nicht allzu viel zu leiden.
2743 2496 4009 2563 Es würde mich interessieren zuhören,
2476 2512 4099 2627 ob die von Ihnen angeknüpfte Beziehung mit Russ-
2471 2598 4016 2678 land xx schon irgendwelche Resultate erzielt
2494 2655 2649 2731 hat.
2737 2725 3446 2833 Mit herzlichen Gruss
2992 2806 3098 2870 Ihr
2502 3019 3305 3147 Herrn s.Fischer,Verlag,
2498 3109 2751 3190 Berlin.
