4416 4088
448 1077 1977 1196 herauszukommen als bei einem anderen Verleger
442 1124 1990 1253 mit 50 oder gar 100, wie mir angetragen wurde.
452 1175 2022 1301 Auch Ihre geringeren Perzente nehme ichgggan¬
463 1257 1851 1348 über den 25 % des Verlages Harz (wobei Sr.
463 1265 2066 1394 sich das Ihre, viele icht sogar das Meine denken)
467 1341 1960 1453 gerne in den Kauf. Aber all dies,wie gesagt,
469 1384 1975 1491 nur dann, wenn Sie eben für alle meine Sachen
469 1464 1521 1574 genügend Papier vorrätig haben.
680 1513 1956 1648 Wien ist,wie ich hore, kein „Reigen“
471 1589 2039 1698 Exemplar mehr auf zut eiben. Wie es in Deutsch-
477 1637 1903 1760 land damit steht.wei sa ich nicht. Dass die
477 1658 2026 1798 zuletzt herausgekommenen "Auflagen 74-78  5000
480 1743 1956 1848 Exemplare in kürzester Zeit vergriffen sein
477 1777 2045 1897 müssen, wenn sie es nicht schon sind, ist ausser
486 1834 1948 1946 Zweifel. in einem gestern abgesandten Brief
486 1882 2043 2001 habe ich Harz neuerdings darauf aufmerksam ge-
484 1931 1960 2051 macht, dass er absolut nicht mehr.berechtigt
490 1990 1994 2106 ist weitere Auflagen zu drucken und habe ihn
490 2024 2079 2144 um genaue Aufstellung über die noch vorhandenen
492 2079 2055 2201 Exe-mplare ersucht. Mit besseren Aussichten auf
492 2144 1979 2250 Erfolg könnte das meines Erachtens derjenige
501 2178 2026 2307 Verlag tun, dem ich nun (seien es sieoddr ein
528 2250 1927 2355 nderer) diaxnäakxxxuflagen das Verlags
496 2303 1914 2406 recht für die nächsten Auflagen überlasse
505 2332 2022 2461 Wenn wir annehmen, dass Harz sehr korrekt vor¬
505 2385 1977 2512 gegangen ist und weiterhin so vorgehen wird
494 2438 2032 2550 5- und ich habe keinen Grund daran zu zweifeln
513 2495 1971 2611 50- Übernimmt derjenige, der unverzüglich die
507 2548 2087 2687 nächsten Auflagen druckt und herausgibt, keiner-
526 2596 2005 2693 ei pisiko. Für den Anfang Dezember kündigte
484 2636 2053 2769 mir Harz seine Anwesenheit in Wien an. Ich ha¬
499 2698 2036 2803 nichts von ihm gehört. Seine Lust das Ver-
509 2738 2013 2867 dansrecht des „Reigen wieder herzugeben, ist
532 2797 1948 2898 ofenbar gering,aber meine Lutt bei ihm zu
518 2827 2093 2962 Weiben, trotz dauernder persönlicher Sympathie,
520 2900 2001 3008 gewiss nicht grösser. Ein Teil des Honorars,
537 2915 2108 3065 insbesondere auch die Valutazuschläge, sind noch
617 2991 1977 3105 lig. Sie iissen nun, wie ich zu der Sache
513 3067 1882 3200 ste he, lassen Sie nun Ihre Meinung hören.
4056 729 4200 860 "The
2769 913 4151 1039 Und nun zur Perzentfrage. Mit Ihrem Vor¬
2459 1003 4090 1113 schlag 15? vom vollen Endenpreis des broschier-
2474 1041 4090 1149 ten Exemplars und Giltigkeit dieses Satzes auch
2461 1111 4151 1202 für die Breiserhöhungen erkläre ich mich für ein-
2474 1158 4124 1248 verstanden unter der Voraussetzung,dass für Ihre
2467 1217 4100 1310 anderen Autoren, wie Hauptmann,Wassemann, Mann
2476 1251 4090 1367 ganz genau dieselben Bedingungen bestehen. Nicht
2472 1289 4170 1417 ganz klar ist es, warum die sogenannten wohlfeilen
2478 1367 4086 1458 guten Romane,obwohl sie länst nicht mehr wohl-
2470 1407 4092 1523 feil sind, weiterhin nur 10% zahlen sollen. Aber
2470 1464 4073 1555 auch dies sei von mir akzeptfert unter der Vo
2476 1500 4115 1608 raussetzung, dass Sie in keinem Fall einem ande-
2480 1561 4024 1656 ren Autor höhere Perzente zahlen und dass der
2478 1608 4145 1709 Preis nicht noch weitorhin erhöht wird. Die Frage
2949 1663 4098 1753 Erabe kompliziert sich tatsächlich
2476 1701 2605 1768 der
2476 1682 4157 1823 dadurch, dass überhaupt keine broschierten Exempla
2653 1696 2957 1779 esamtaus
2476 1768 4111 1872 re hergestellt werden. Sie schlagen vor 16% von
2480 1810 4160 1929 dem angenommenen Preis des broschierten Exemplais
2495 1870 4039 1969 oder 10% vom gebundenen. Ich möchte mich noch
2489 1924 4050 2020 nicht entscheiden. Ihnen aber doch sehr zu be
2482 1954 4079 2062 denken geben, ob 10% vom gebundenen nicht viel
2480 2015 4050 2121 zu niedrig gegriffen erscheint, und ferner ob
2489 2062 4140 2161 nicht insbesondere auch bei den besser gbundenen
2489 2112 4145 2218 Bänden eine entsprechende Beteiligung des Autors
2501 2170 4145 2269 in Betracht gezogen werden könnte. (Ganz ähnlich
2489 2222 4117 2324 wie wir beim Theater die Tantièmen auch von den
2486 2258 4153 2366 erhöhten Preisen und von den Vorkaufsgebühren be¬
2486 2320 4132 2427 kommen der on Höhe ja gewissermassen auch dem Na
2491 2358 4054 2482 men oder dem gelegentlichen Erfolg des Autors
2489 2408 4153 2522 zazuschreiben ist. Wir werden uns über alle die-
2497 2482 3826 2594 se Dinge wohl unschwer einigen können.
2841 2522 4052 2677 Direktor Samst hat mir neuerlich ge
2510 2598 4153 2719 schrieben. Ich lege zur Information mine, Antwort
2505 2717 2662 2797 bei.
2841 2734 4140 2877 Die „Enatol“-Sache Rapio kann ich nu
2512 2818 4026 2924 wohl nach sechs Monaten als erledigt ansehn.
2505 2890 4060 2991 Jedenfalls bitte ich Herrn Raggio mitzutilen,
2510 2909 4098 3053 dass ich über die Sache anderweitig zu verfügen
2516 2974 4102 3114 gedenke. Ich habe unterdessen eine persönliche
