4438 4071
3895 756 4144 942 .x/16
2429 692 2796 942 Fich
2755 927 4065 1064 7. Ich reise heute Abend nach Brünn bis
2541 1025 4095 1117 zum 30. Oktober würden mich dringende Anfragen
415 993 1863 1144 sieben Wochen und „Die grosse Scene“ zirka
2549 1062 4063 1156 in Prag (vorläufige Adresse,ürania,Smecky 22
413 1062 1993 1203 fünf Wochen hindurch gespielt wurde. Das ergibt
421 1117 1938 1236 eine Gesammtzahl von 12 Wochen, für welche die
2547 1113 4063 1209 erreichen, am 1. November in Reichenberg, Hotel
421 1144 1998 1301 Tantieme 600 Dollar beträgt, so dass jetzt noch
2537 1164 4065 1266 Löwen, am 3.Teplitz (vorläufige Adresse Buch
2543 1205 4056 1303 handlung Wantoch), zwischen 6. und 10.November
423 1254 1211 1375 300 Dollar fällig sind.
2543 1264 4181 1373 dürfte ich wieder in Wien sein. Ich lese in Brüm,
662 1262 2018 1426 Wenn also Herr Barisch nicht diese zwei¬
2543 1311 4005 1409 Prag,Aussig,Reiche überg,Teplitz, Leitmeritz,
429 1362 2002 1497 ten 300 Dollars persönlich einkassiert hat, und
2539 1360 4018 1467 vielleicht auch Karlsbad,Eger. (Hoffentlich
2539 1428 4122 1511 sind in einer oder anderen Buchhandlung in den
433 1417 2020 1546 das ist offenbar nicht der Fall gewesen, so müs-
433 1475 1942 1595 sen auch diese von den Greanwhich-Players an
2537 1462 4161 1577 betreffenden städten Bücher von mir zu bekommen.
2533 1526 4011 1614 In Wien und Berlin sieht es ja wieder damit
435 1534 1916 1659 das Alien Property Custodian bezahlt worden
2529 1571 4107 1667 recht übel aus). Nach Berlin komme ich diesmal
2525 1607 3999 1714 nicht. An Herrn Fischer schreibe ich gleich
447 1642 623 1708 sein.
2522 1665 4130 1767 nach meiner Rückkehr. Für diesmal bitte ich Sie
666 1630 2020 1814 3. Ist die Optionsfrist Wotzitzk, wai-
458 1730 2018 1871 tes Land nicht bereits abgelaufen! Ich frage,
2525 1730 4161 1832 nur ihm meine besten Grüsse zu bestellen, wie ich
453 1769 2024 1893 Woll ich gerade wegen des „Weiten Lands immer
2514 1781 3762 1889 mich auch Ihnen schönstens empfehle.
466 1814 2059 1944 wieder Anfragen aus Amerika erhalte, zuletzt vom
458 1871 2000 1993 Foraigne-Pres-Service, der einen persönlichen
2917 1871 3552 1985 Ihr sehr ergebener
464 1930 1944 2038 Vertreter zu mir in dieser Angelegenheit ge
458 2030 880 2126 schickt hat.
1940 2034 2065 2138 und
1677 2057 1765 2143 in
739 2057 1685 2210 4. Hinsicht Ungarn.Casanova
1669 2116 1771 2159 G.F.P.
482 2128 1777 2253 „Dämmerseelen „Polen“,bin in h ganz mi
1806 2077 2004 2188 Ihnen
476 2177 2016 2296 dinverstanden. Ich bitte nur immer in solchen
470 2226 1983 2365 Fällen einen nicht zu weit gesteckten Termin
474 2279 1955 2404 für die Erledigung festzusetzen, den sie mir
486 2318 2053 2445 von Fall zu Fall mitteilen wollen und wenn ein
484 2367 2034 2502 längerer Termin verlangt wird, eine Optionssum-
484 2480 968 2563 me zu fordern.
756 2492 2132 2639 5. Ihre Erörterungen zur Provinionsfrage
492 2592 2053 2702 nehme ich dankend ohne Verbindlichkeit für die
492 2618 2036 2753 Zukunft zur Kenntnis. So mag es denn vorläufig
2476 2657 3084 2759 Herrn Leo Greiner
492 2706 1379 2815 bei den 7 plus 5% bleiben.
2480 2704 3350 2849 S.Fischer,Verlag,Berlin.
776 2770 2069 2884 6. Gegen den Brief des Herrn Kaltar zur
496 2823 2083 2962 Frage einer eventuellen „Reigen -Aufführung in
511 2862 2096 3029 Kopenhagen ist nichts einzuwenden und sein Ver¬
504 2925 1973 3058 halten in der ganzen Sache scheint mir ganz
509 2941 2130 3113 richtig zu sein. Wir werden ja sehen.wie sich die
504 3051 1618 3164 Angelegenheit weiter entwickelt.
