4393 4088
362 1020 1978 1131 zu legen; es liegt keineswegs in seinem Ineres-
364 1102 1876 1159 se, dass ich selbst oder ein anderer Verleger
357 1159 1946 1218 sich dieser Rechte baldigst erfreue und so ist
357 1200 2107 1314 auf ein unaufgefordertes Entgegen.
359 1255 1832 1342 kommen von ihm / zu rechnen. Man müsste doch
366 1288 1904 1381 glauben, dass jetzt nach dem „Reigen -Prozess
423 1357 1861 1436 das gesultat ist mir allerdings noch nicht
364 1399 1900 1482 bekannt - die verkaufskonstellationen für das
355 1455 1388 1547 Buch besonders günstige seien.
606 1527 1970 1645 8. Und da wir eben von Verkauf reden. Vom
373 1582 1939 1671 „Weg ins Freie.34.38, „Anatol“. 23.-26...Weites
359 1656 1933 1717 Land" 8.-10.,„Einsamer Weg 8.und 9.Auflage ist
357 1706 1837 1776 mir unserer Abmachung genass bisher nur die
357 1756 688 1819 erste Hält
682 1754 2020 1824 fte bezahlt worden. Sind die bezüglichau
582 1811 688 1854 décreté par un
366 1808 2031 1898 zweiten Hälften noch in keinem Falle angebrochen
357 1854 1902 1924 Und wie steht es überhaupt mit neuen Auflagen
355 1913 1126 1998 me iner anderen Bücher?
787 1983 1536 2098 Mit herzlichem Gruss
1041 2065 1153 2146 Ihr
338 3057 1414 3166 Herrn S.Fischer,Verlag,Berlin.
3521 915 3891 1044 2.12.1921.
2264 858 2778 1068 Tischer
2521 1100 3031 1218 Lieber Freund.
2737 1229 4007 1346 Der neue Band meiner Erzählungen für
2497 1292 4061 1405 die Gesammtausgabe wird enthalten. Frau Beate
2503 1355 4055 1449 und Ihr Sohn, Novelle, 1913, Doktor Graesler Ba-
2499 1410 4057 1521 dearzt,Erzählung, 1916, Casanovas Heimfahrt,
2506 1488 2961 1584 Novelle 1918.
2747 1529 4105 1660 Der neue Band der Theaterstücke: Profes
2503 1619 4092 1706 sor Bernhardi,Komödée 1912, Komödle der Worte,
2506 1665 3933 1745 drei Einakter, 1915, Fink und Fliederbusch
2497 1684 4039 1808 Komödie, 1917, Die Schwestern oder
2506 1778 3935 1872 Casanova in Spa, Lustspiel in Versen,1919.
2778 1819 4105 1963 Dass bis zum Erscheinen der neuen Auf-
2510 1904 4107 2013 lage der Gesammtausgabe etwas Neues fertig wür¬
2510 1965 4120 2063 da ist unwahrsche inlich, aber selbst, wenn es den
2519 2015 4122 2126 Fall sein sollte, käme es nicht mehr für die Ge¬
2512 2068 4096 2155 sammtausgabe in Betracht. Von der Aufnahme al
2519 2133 4079 2214 lerlei kleinerer Arbeiten.Dialoge,Noveletten,
2512 2181 4061 2259 Gedichte, Aphorismen, die bisher nur in Zeit -
2514 2194 4113 2307 schriften gedruckt worden sind, in die Gesamt
2514 2294 3802 2368 ausgabe möchte ich vorläufig absehen.
2795 2325 3972 2453 Werden Sie einfach zwei neue Bände
2519 2416 4081 2525 drucken,die den Besitzern der bisher er Schie-
2516 2475 4015 2586 nenen auch nachgeliefert werden können oder
2527 2510 4090 2621 erwägen Sie auch eine ganz neue Ausgabe,even-
2534 2547 4113 2671 tuell in veränderter Ausstattung? Wir müssten
2534 2630 4090 2723 nun wohl auch die Honorarfrage etwas ausführ-
2523 2669 4063 2774 licher behandeln. Die verschiedenen Ausnahms
2527 2730 4076 2828 bestimmungen, durch die mein perzentudler An
2532 2758 4116 2880 teil auch bei den Einzelausgaben zum Teil rech
2527 2824 4033 2928 erheblich herabgemindert wurde, bestehen im
2523 2876 4029 2983 Allgemeinen automatisch noch weiter und ich
2527 2933 4090 3033 wünschte, dass wir uns, so weit das heute schon
2523 2974 4042 3079 möglich ist, über einen ganz bestimmten Per¬
2532 3031 4105 3179 zentsatz einigten, ohne Zuschläge etc.eto., von
