4437 4040
402 1187 1915 1362 geheueren Anforderungen zu unterschätzen, die
404 1303 1915 1452 gerade in dieser Zeit an ein Untennehmen wie
404 1400 1899 1567 das Ihre gestellt werden oder Ihrer Energie
412 1490 1963 1657 und Arbeitskraft die schuldige Anerkennung zu
410 1607 1905 1774 versagen. Doch nicht alle Ihre Entgegnungen
412 1710 1961 1866 treffen zu und so gestatten Sie mir in gewis-
412 1810 1897 1959 sen Einzelheiten Ihnen meine Auffassung der
412 1911 1909 2074 Lage darzulegen. Sie schreiben mir, dass von
416 2019 1961 2176 meinen Werken zur Zeit nur „Frau des Weisen“,
426 2110 1939 2261 „Freiwild“ und „Marionetten“ fehlen. Das wä-
426 2218 1903 2377 re gewiss-sehr wenig, ja kaum der Rede wert,
420 2301 1913 2468 doch steht dem gegenüber, dass nicht nur die
432 2409 1915 2542 drei von Ihnen genannten, sondern eine ganze
424 2510 1987 2657 Anzahl anderer gerade zur Weihnachtszeit zum
430 2617 1955 2765 mindesten hier nicht zu beschaffen waren,was
440 2721 1957 2868 doch nicht immer und ausschliesslich nur auf
430 2826 1999 2967 Schwierigkeiten der Versendung zurückzuführen
428 2918 1971 3061 au sein kann, und wesentlich bleibt es eben
442 3033 1874 3190 doch immer, dass gerade die Gesamtausgaben
434 3107 1987 3280 und unter andern ein so viel verlangtes Buch,
434 3218 1868 3455 wie.Der Weg ing Frei-“ viele,vite Monate
3922 804 4137 1000 P 20
2442 1100 3942 1243 auf dem Büchermarkte zu fehlen pflegen. Sie
2460 1152 4041 1348 sagen ferner, dies bedeute eine Lapalie an ent-
2253 1201 2341 1392 &
2448 1299 4067 1444 gangenem Honorar, während ich andererseits eine
2458 1414 3998 1563 ganz bedatende Stägerung meiner Einnahmen zu
3679 1462 3868 1525 G.C.F.M
2458 1523 3948 1645 verbuchen habe. Dies leugne ich keineswegs.
2448 1603 3980 1744 Rein ziffernmässig verdienen wir gewiss alle
2442 1724 3952 1848 mehr. Doch mache ich darauf aufmerksam, dass
2454 1796 3994 1947 die grosse Summe, die Ihr Verlag mir im vori-
2454 1909 4027 2035 gen Jahr ausbezahlt hat, käneswegs allein auf
2454 1985 4039 2160 die Bücher entfällt, dass ein grosser Teil dem
2460 2098 4041 2259 Theatervertrieb zu verdanken ist, dass es sich
2460 2218 3954 2363 also hier nicht um Honorare handelt, die Sie
2462 2315 3994 2450 mir ausgezahlt, sondern um solche, die Sie für
2462 2401 3942 2552 mich einkassiert und nach Abzug der Provi-
2464 2508 4039 2661 sion an mich abgeführt haben.Ich bemerke fer-
2466 2605 4057 2769 ner, dass an der Kaufkraft des Geldes gemessen,
2468 2731 3988 2866 das gewiss relativ grosse Einkommen, das ich
2466 2822 4069 2995 aus meinen Stücken und Büchern beziehe,besten-
2480 2918 4025 3075 falls den 25.Teil seines früheren Wertes be-
2484 3015 4037 3184 deutet, dass es sich also nur um eine schein-
