4443 3993
425 1001 2025 1127 an einer anderen Berliner zühne erheben dürfhn
427 1123 1944 1244 da es doch selbst zu Abendaufführungen nicht
421 1189 2023 1352 einmal berechtigt ist. Sobald die Sache mit je¬
421 1322 1920 1432 ner anderen Berliner Rühne aktuell wird,ver-
423 1420 1904 1578 ständige ich Eie, Kündigung vorläufig nicht
415 1518 777 1662 notwendig.
753 1626 1742 1790 Mit vorzüglicher Hochachtung
2359 919 2789 1097 Fischer
3544 975 3913 1103 20.8.1919.
2709 1079 2858 1165 G.C.F.P.
2952 1244 3472 1378 Lieber Freund.
2850 1444 4011 1568 Ich war einige Zeit auf dem Lande
2487 1562 3985 1696 (in Reichenau) am Fuss des Semmering) und so
2501 1670 3969 1778 komme ich erst heute dazu Ihr freundliches
2511 1760 4067 1888 Schreiben vom 23. Juli und zugleich damit ver-
2499 1860 4095 1978 schiedene, indess an mich gelangte Mitteilun -
2511 1968 4051 2077 gen und Anfragen Ihres Verlageso zu beantwor-
2513 2061 2671 2185 ten.
2627 2155 3953 2275 1. ) Ihr Brief (aus Leipzig) an Friese
2501 2277 3993 2381 & Lang war mir sehr interessant und hat mir
2657 2347 2787 2395 G.C.M.S.
2505 2371 3971 2487 mancherlei aufgeklärt. Aus Frieses persön-
2495 2479 3991 2591 lichen Mitteilungen hatte ich den Eindruck,
2511 2569 3979 2697 dass nicht Friese, sondern Sie das zwischen
2681 2649 2779 2715 him
2501 2665 4053 2789 Ihnen bestehende Verhältnis grundsätzlich än-
2495 2773 3911 2896 dern wollten. Mir schien es, als wenn Sie
2499 2860 3935 3000 wünschten, dass Friese nicht nur dasjenige
2505 2976 3941 3102 an Sie zu bezahlen hätte, was er verkauft,
2509 3092 4039 3234 sondern überhaupt alles, was bei ihm lagerte.
