4481 4040
546 969 1877 1071 4. Die holländischen Gulden für „Doktor
696 1055 1895 1137 (sie avislerten Sie mir am 28.1.21
408 1047 492 1147 Gr
402 1071 1475 1199 sind mir noch nicht zugegangen.
552 1161 1885 1289 5. Haben sich die englischen Angelegen-
414 1243 1937 1353 heiten „Liebelei“ und „Bernhardi weiter ent-
1215 1301 1411 1367 1
416 1303 704 1397 wickelt?
1129 1343 1599 1425 e e e e m m m a e e
552 1395 1877 1489 6. Auch die spanische Zahlung für „Grü-
414 1429 1907 1545 ner Kakadu" und „Anatol" (siehe meinen Brief
418 1505 1841 1605 vom 23.2.) ist noch nicht an mich gelangt.
648 1579 1845 1667 Sie fragen mich, ob das Attentat auf
408 1607 1879 1721 den „Reigen in Wßen nicht ebenso mit einem
412 1703 1943 1775 em rgischen Triff abgewehrt werden könnte, wie
418 1749 1871 1829 es Sladek in Berlin getan? Sie dürfen nicht
414 1789 1955 1869 vergessen, dass wir in wien leben und dass hier
414 1851 1953 1925 im Grossen und Ganzen auch die Leute,die sozu-
418 1915 1947 1969 sagen auf meiner Seite standen, recht einvers
414 1961 1853 2019 standen waren, dass er polizeilich verboten
684 1997 1843 2065 Uebrigens ist die Sache noch nicht
416 2007 610 2085 wurde
414 2037 1873 2123 endgültig erledigt. Jedenfalls sind bei uns
414 2089 1945 2171 die Christlichsozialen noch immer stärker als
408 2157 1919 2221 bei Ihnen die Deutschvölkischen und im Wesen
420 2211 1879 2269 des polizeilichen Prinzips liegt es ja, dass
418 2249 1915 2321 sie von ihrer Autorität und ihre Macht im -
418 2309 1873 2375 mer nur in dem Masse Gebrauch macht, als es
418 2361 1607 2444 gerade politisch geboten erscheint.
560 2422 1941 2518 8. Sladek schreibt mir heute.dass er die
414 2498 1817 2566 Gastspiele mit dem Reigen nicht vor dem
418 2550 1951 2618 Herbste absolviere. Ich bin natürlich ganz da-
418 2594 1869 2668 mit einverstanden. Er fügt auch die Warnung
414 2650 1945 2724 bei nicht jedem Theater ohneweiteres die Auf-
414 2706 1943 2784 führungserlaubnis zu geben und ganz bestimmte
420 2754 1825 2814 Garantien hinsichtlich der künstlerischen
418 2786 1909 2882 Möglichke iten zu verlangen. Auch das scheint
414 2850 1845 2928 mir ganz richtig; vorläufig werden ja wohl
418 2896 1925 3008 die kleineren Theater und auch die grösseren
408 2952 1413 3048 nicht mehr so dringlich sein.
678 3014 1379 3094 Mit herzlichem Gruss
959 3054 1069 3120 Ihr
3596 907 3972 1037 17.3.1921.
2377 835 2786 1029 Fischer
2728 1191 3222 1327 Lieber Freund.
2902 1289 4115 1387 1. Dass eine Geldsendung in fremder
2520 1349 4055 1441 Valuta nicht durchgelassen wurde,war zu ver¬
2534 1417 4037 1493 guten. Schecks glaube ich gehen ohneweiteres
2526 1449 4021 1551 Im übrigen will ich mir nun von nun an alle
2532 1505 4091 1597 Auslandszahlungen an eine Bank in der Schweiz
2532 1563 3990 1649 überweisen lassen, worüber ich mir erlauben
2534 1601 3992 1729 werde Ihnen nächstens Näheres mitzuteilen.
2940 1701 4035 1785 2. Beigeschlossen zwei Anfragen
2532 1751 3996 1843 den „Reigen“ betreffend von Frau Münchhelm
2534 1767 4037 1907 Dresden, von Dr.Wrde, Weimar Beiden habe ich
2526 1845 4063 1969 mitgeteilt, dass ich die Briefe Ihnen überwei¬
2538 1907 4071 1999 se und ihnen im übrigen wenig Hoffnungen ge
2534 1957 4067 2065 macht, Vielleicht wird es sich empfehlen mit
2540 2011 4067 2105 Rücksicht auf Sladeks Gastspielpläne in sol-
2544 2055 4109 2157 chen Fällen gelegentlich Sladek unverbindlich
2540 2113 4145 2249 zu Rate zu ziehen. Doch überlasse ich das ganz
2550 2203 2754 2283 Ihnen
3054 2235 4037 2351 Haben Sie eine regulläre und
2550 2315 4115 2412 verläs sliche Vertretung in Rumänien? Ich habe
2550 2369 4045 2476 bezüglich des „Reigen einen mir nicht sehr
2556 2399 4085 2510 aussichtsreich erscheinenden Antrag eines in
2558 2458 4147 2568 Ungarn lebenden Schriftstellers erhalten Brief
2558 2528 4121 2624 liegt bei, bitte um Rücksendung nach Finsicht-
3002 2578 4173 2708 4. Die Verhandlungen hinsichtlich
2556 2612 2768 2700 nahme.
2560 2678 4133 2796 des Aufführungsrechtes „Anatol", Spanien führe
2562 2738 3530 2842 ich also selbständig weiter.
3044 2792 4023 2906 5. Entwickeln sich die itali
2560 2882 4069 2972 schen Angelegenheiten durchaus nicht weiter
2560 2932 4063 3028 Hierüber möchte ich gern orientiert sein, da
2570 2962 4177 3096 ich in den nächsten Tagen den Besuch des Herrn
