4443 3993
253 1025 1840 1202 bis auf Weiteres dabei, dass sie nicht ohne Be-
270 1147 1813 1319 leitung ihrer Eimktergefährten,-Stunde des
255 1245 1819 1442 Erkennens“ und „Bachusfest“ aufgeführt werden
268 1340 1815 1502 darf, (ausser eben zu wohltätigen Zweck etc.).
274 1472 1825 1604 Vielleicht können wir später darauf eingehen,
274 1557 1862 1738 in eine Verbindung der „Grossen Szene“ mit an-
281 1649 1836 1834 deren meiner sinakter xxx willigen. Jedenfalls
296 1759 1908 1932 wird noch lange kein Grund vorliegen, sie in Ge-
296 1849 1979 2032 sellschaft von Stücken anderer Autoren erscheinen
296 2032 655 2142 zu lassen.
634 2051 1959 2227 Dass Barnowsky gegen das „Kakadu“-Ver-
311 2155 1983 2345 bot alles in der heutigen Zeit Mögliche unternom-
313 2234 1942 2417 men hat, nehme ich als sic her an. Indesschreibt
287 2366 1808 2538 mir Elcesser, dass die Zensur auch gegen eine
321 2453 1915 2623 eventuelle Aufführung der „Comtesse Mizzi“ Be-
336 2568 1906 2727 denken erhoben hat. In diesen Angelegenheiten,
338 2679 2004 2819 wie eventuell auch zum Zweck einer Aufhebung des
1574 2740 1776 2806 verten
349 2770 1945 2930 „Anatol“-Verbotes jetzt irgend welche Schritte
353 2859 2025 3027 zu unternehmen, hätte wohl wenig Aussicht auf Er¬
347 3038 551 3183 folg.
2800 977 4100 1138 Meine Erzählung „Doktor Graesler“,Ba-
2425 1108 4076 1253 dearzt" möchte ich jedesfalls als Buch für sich
2415 1211 4008 1319 erscheinen lassen; vielleicht eignet sie sich
2417 1291 4100 1425 für Ihre drei Mark fünfzig-Ausgabe,an Ausdehnung
2417 1417 4127 1547 bleibt sie gewiss hinter manchen von den Romanen,
2415 1500 4068 1645 die, z.B. von Kurt Wolf, zu diesem Preis verkauft
2415 1615 4008 1764 werden, nicht zurück. In jedem Fall könnte sie
2410 1738 4025 1830 erst im Frühsommer, etwa Ende Mai,erscheinen, da
2406 1806 4055 1955 zwischen ihrer Beendigung im Berliner Tageblatt
2417 1934 3993 2047 und der Buchausgabe eine dreikonatliche Frist
2415 2057 4029 2155 vereinbart worden ist. Ueber die sonstigen no-
2415 2132 3808 2245 vellistischen Angeb genheiten demnächst.
2859 2219 3532 2347 Herzlichst grüssend
3661 2287 3751 2421 ..
3417 2332 3540 2406 a été
3068 2321 3193 2430 Ihr
