4425 3992
504 481 627 577 .1
304 491 392 631 37
369 1047 1901 1175 bereit darauf einzugehen und es ist mir nach
360 1160 1868 1268 wie vor unklar, durch welche wirklichen oder
367 1250 1905 1397 vielleicht nur eingebildeten Schwierigkeiten
358 1358 1960 1506 Sie sich abhalten liessen,die Unternehmung mit
360 1462 1930 1606 der gehotenen Enegie in Angriff zu nehmen.Sie
364 1583 1876 1693 schreiben ferner: „Wenn die österreichischen
358 1676 1951 1812 Autoren Herrn Prinzhorn die Erklärung abgeben,
360 1793 1860 1908 dass sie für seinen österreichischen Verlag
367 1893 1995 2010 nicht zu haben sein werden, wenn er jetzt in un-
364 1991 1862 2091 lauterer Weise die Papiernot in Deutschland
360 2095 1799 2226 zu ungunsten der in Deutschland verlegten
360 2193 1860 2305 österreichischen Autoren aushützt,so könnte
358 2301 1962 2412 damit ein wirksamer Druck auf Prinzhorn ausge¬
367 2382 2010 2497 übt werden." Es ist mir vollkommen unerfindlich,
364 2495 1928 2624 worin die Unlauferkeit des (mir bis zum heuti¬
358 2601 1960 2732 gen Tag unbekannt gebliebenen) Herrn Prinzhorn
354 2678 1897 2828 eigentlich bestehen soll? Denn man kann doch
358 2803 1930 2916 nicht sagen, dass er die Papiernot in Deutsch-
358 2920 1964 3026 land zu Ungunsten der österreichischen Autoren
350 3003 1958 3140 ausnützt,wenn er Ihnen,lieber Freund, alles Pa-
2399 1008 3917 1131 pier zur Verfügung stellen will, das Sie zum
2401 1129 4015 1237 Druck der Werke dieser österreichischen Autoren
2393 1218 4063 1360 benötigen Zu. Einer Erklärung aber, dass die österrei
2399 1331 4059 1420 chischen Autoren für einen österreichischen Ver¬
2416 1408 3111 1476 des Herrn Prinzhorn
2399 1404 3969 1533 lag nicht zu haben sein werden,wenn etc. etc. -
2395 1499 3996 1635 besteht schon deswegen nicht der geringste An-
2387 1631 3969 1735 lass, weil die Gründung eines solchen Verlages
2393 1712 3959 1845 bisher nicht in die Wege geleitet und, so weit
2393 1822 3957 1947 ich orientiert bin. überhaupt nur für den Fall
2391 1914 4025 2064 in Erwägung gezogen wurde, als der Verlag Fischer
2395 2020 3996 2149 von dem ihm angebotenen Papier zu Gunsten sei-
2395 2122 3938 2262 ner österreichischen Autoren keinen Gebrauch
2384 2222 3988 2351 machen wollte. Sie haben doch keinen Grund da-
2387 2324 3890 2459 ran zu zweifeln, dass jeder Ihrer Autoren es
2389 2412 3930 2551 vorziehen wird in Ihrem Verlag zu verbleiben
2387 2526 3957 2676 als zu einem neuen überzutreten; es sei denn,
2389 2651 4034 2751 dass dieser neue Verlag für Ihre Autosen Papier
2395 2724 4059 2884 zur Verfügung hätte und Sie nicht. Und welche Art
2387 2843 3928 2976 von Druck sollte denn auf Prinzhorn ausgeübt
2387 2936 3938 3068 werden? Er hat sich ja nicht geweigert Ihnen
2387 3045 3928 3176 das Papier zu überlassen, das Sie benötigen,
