4391 3991
531 1161 2148 1270 vermerkte Aenderung vorzunehmen. Der Titel lau-
537 1268 867 1425 tet also:
1070 1386 1613 1532 Die Schwestern
1282 1528 1443 1623 oder
1047 1621 1644 1741 Casanova in Spa
547 1726 1272 1834 (Das Uebrige bleibt).
805 1801 2096 1949 Eben erwarte ich den Besuch des Herrn
535 1918 1877 2059 Eipper, den ich erst heute kennen lerne.
1004 2030 1379 2160 Herzlichst
1342 2131 1487 2251 Ihr
3568 904 3983 1055 21.10.1918.
2389 917 2860 1130 F.S.M.
2976 1189 3490 1340 Lieber Freund.
2916 1379 4153 1514 Welche Honorarbedingungen wir unter
2505 1485 4161 1617 den gegenwärtigen Umständen in Russland stellen
2530 1582 4184 1724 können, vermag ich nicht zu entscheiden. Glauben
2532 1691 4173 1828 Sie, dass für das Uebersetzungsrecht des „Doktor
3095 1759 3259 1832 G.C.F.P.
2540 1794 4113 1931 Graesler“ ins Russische ein für alle Mal 1000
3135 1869 3290 1931 G.H.F.P.
2534 1883 4138 2013 Mark zu viel wäre? Verfügen Sie bitte nach Ih-
3199 1962 3374 2042 Ihnen
2538 2003 4085 2112 rem Ermessen. Es ist vielleicht bekannt, dass
2517 2073 4173 2224 gerade in den letzten Monaten im Laufe des ver-
2534 2181 4153 2333 gan onen winter der „Reigen“ in Russland sehr
2530 2282 4171 2422 viel ge spielt wurde. Halten Sie es für denkbar,
2538 2400 4095 2534 dass man da irgend welche Ansprüche anmelden
2538 2505 2802 2656 könnte?
2934 2585 4041 2744 Nachemeinem Brief vom 7.6.1916,
2552 2707 4192 2848 (ich glaube, es war mein letzter an Sie in dieser
2534 2827 4192 2949 Angelegenheit) waren im ganzen noch 27 Exemplare
2544 2920 4109 3046 des „Geronimo“ à 5 K. zur Verrechnung bei uns
2538 3023 4074 3157 in Wien verblieben. Wir haben zwar noch nicht
2540 3100 4029 3254 alle verkauft. Ich bitte Sie aber nun diese
