4458 4072
3652 905 4027 1018 27.4.1923.
2543 1108 3482 1244 Sehr verehrter Herr Creiner
3254 1167 3562 1244 G.C.F.M
2910 1251 4219 1374 Aus dem letzten Brief von Wotitzky, den
2535 1291 4029 1425 cich ihnen zur genauen Orientierung beilage
2541 1364 4062 1475 glaube ich ersehen zu müssen, dass Kirpatrik
2543 1439 4177 1519 & Brandt sich nicht nur für die Buchausgabe,son-
2541 1494 4125 1567 dern auch für den „Sühnenvertrieb
2535 1542 4123 1636 des „Weiten Lands interessieren. Miss Beecher
2566 1588 4159 1670 dat ole Schauspfelerin, von der ich Ihnen in ei
2577 1638 4100 1722 nem meiner letzten Briefe geschrieben,Gattin
2541 1699 4129 1768 des Dr. med. Hofmann, der mich persönlich besucht
2541 1749 4203 1858 hat. Mit dieser Sache hängi die Absicht Korfs zu
2541 1798 4035 1902 sammen, „Das weite „and im nächsten Herbst
2543 1856 4146 1925 lisch in Amerika zu spielen. Wie Sie wissen, ha
2535 1888 4200 1978 be ich alle Leute an Wotitzky gewiesen. Zwischen
2550 1950 4138 2026 7.und 10.Mai hoffe ich auf der Durchreise nach
2556 1988 4207 2095 Kopenhagen für einige Tage in Berlin zu sein,wo
2541 2061 4140 2133 wir diese und andere Angelegenheiten werdenbe-
2543 2108 4068 2193 sprechen können. Den Wotitzky-Brief bewahren
2548 2162 3342 2261 Sie bitte für mich auf.
2960 2219 4154 2334 Was Herrn Oskar Leonhard anbelangt,
2548 2304 4152 2388 so müsste man sich wohl in Amerika informieren,
2552 2336 4234 2451 ob er mit irgend welchen Theaterunternehmungen in
2573 2413 3168 2506 Verbindung steht.
2929 2476 4200 2608 „Die Schwestern“ sind, auch ohne Pause
2548 2560 4224 2648 gespielt ein abendfüffendes Stück und ich wüsste
2550 2617 4175 2688 nicht recht, welcher meiner Einakter sich diesem
2543 2654 4209 2740 Verslustspiel zugesellen könnte. Vielleicht macht
2550 2713 4062 2786 Ziegel selbst einen Vorschlag (durch den die
2552 2770 4196 2853 Rechte des Deutschen Schauspielhauses nicht tan¬
2541 2826 3042 2929 giert werden).
2956 2883 4144 2987 Bei Rotters habe ich vorläufig die
2552 2969 4052 3073 Kassenrapporte verlangt (natürlich mehr aus
2552 3004 4075 3094 Prinzip), denn diese Leute sind einem ja doch
2548 3059 4161 3166 über. Womit ich übrigens meine Ansprüche keines-
