4428 4056
730 979 2098 1170 Die Differenz zwischen meiner und Ihrer
585 1121 2033 1264 Summe,Mk.27632.- und Ihrer 98399.- ist so
597 1207 2177 1323 enorm, dass sie wederdurch ein Versehen meiner-
585 1291 2222 1423 seits noch durch eines Ihrerseits überhaupt mit
528 1405 769 1501 erklässig
593 1419 2163 1527 dankbar erschiene. Ich sehe Ihrer Aufstellung
585 1527 1749 1633 mit besonderer Spannung entgegen.
767 1613 2067 1743 Auch ganz unabhängig von vorstehender
603 1711 2135 1853 arithmetischer Feststellung möchte ich Ihren
599 1810 2039 1955 sonderbaren Vormurf „ich rechte ängstlich
599 1904 2100 2033 nach, ob Sie nicht zu viel an meinen Büchern
610 2018 2037 2155 verdienen,ebenso höflich als entschieden
589 2086 2161 2275 zurückweisen. Es kann und darf mir nicht ver-
606 2253 2165 2359 wehrt sein mit Beziehung auf die zwischen uns
599 2320 2202 2481 bestehenden Vertrage und Abmachungen auch mei¬
603 2420 2133 2559 ne finanziellen autorebrechte, so weit es mir
606 2516 2196 2663 notwendig scheint, zu betonen und zu wahren. Die
616 2654 2137 2750 Verhandlungen zwischen Verlegern und Schutz-
616 2722 2010 2875 verband beweisen zur Genüge, dass ich mit
597 2838 2143 2995 meiner Auffassung keinwegs allein stehe und
612 2913 2216 3079 durchaus nicht der einzige Autor bin, der es ge-
616 3070 2088 3191 legentlich wagt, bescheidentlich gegen die
3955 799 4271 958 obligée
4116 934 4200 1050 3
2677 1001 4075 1160 konstante Herabsetzung der perzentuellen
2677 1125 4224 1266 Gewinnbeteiligungen zu remonstrieren. Im Uebri-
2677 1254 4165 1358 gen aber lehrt gerade unsere Korrespondenz,
2683 1331 4212 1488 dass ich mich fast in allen Fällen, wenn auch
2677 1472 4265 1594 manchmal nicht ganz ohne Protest, am Ende Ihrer
2675 1584 4216 1694 Auffassung unterordnet und Ihre neuen Bedin-
2677 1643 3523 1790 gungen akzeptiert hab###e.
2805 1743 4149 1892 In diesem Sinne nehme ich auch Ihren
2681 1853 4112 1976 Vorschlag vom 26.6.,die Honorarierung der
2681 1953 4269 2088 Gesammtausgabe ersten Teil an und erkläre mich
2811 2061 2944 2149 G.C.F.P.
2687 2047 4253 2208 bereit xxx für den zweiten Teil die gleichen
2683 2173 4131 2281 Bedingungen zu akzeptieren. Und ich erklä¬
2675 2255 4257 2387 re zugle ich nicht zum ersten Male, dass es mir
2689 2385 4175 2479 keineswets auf sofortige Honorierung sammt-
2689 2463 4163 2581 licher Exemplare ankommt, sondern vor allem
2695 2546 4224 2736 darauf, dass meine Bücher nicht aus dem Handel
2695 2677 4200 2811 schwinden, und bin, was den Termin der Hono
2683 2773 4253 2901 rierung anbelangt, zu jedem Entzogenkommen be-
2693 2879 4234 3034 reit. So erklär eich mich auch mit Ihren Vor-
2693 2979 4114 3091 schlagen den „Weg ins Fleis“ betreffend
2714 3076 3087 3223 verstanden.
