<?xml version="1.0" encoding="UTF-8" standalone="yes"?>
<PcGts xmlns="http://schema.primaresearch.org/PAGE/gts/pagecontent/2013-07-15" xmlns:xsi="http://www.w3.org/2001/XMLSchema-instance" xsi:schemaLocation="http://schema.primaresearch.org/PAGE/gts/pagecontent/2013-07-15 http://schema.primaresearch.org/PAGE/gts/pagecontent/2013-07-15/pagecontent.xsd">
    <Metadata>
        <Creator>prov=READ-COOP:name=TrHtr:version=2.1.0:model_id=51170:date=27_07_2023_22:01</Creator>
        <Created>2023-05-02T07:57:15.412+02:00</Created>
        <LastChange>2023-07-27T22:01:59.265+02:00</LastChange>
        <TranskribusMetadata docId="1416739" pageId="54952463" pageNr="68" tsid="131304249" status="IN_PROGRESS" userId="64420" imgUrl="https://files.transkribus.eu/Get?id=ZQMWOZVHPAMOLIJKCIRLDFXF&amp;fileType=view" xmlUrl="https://files.transkribus.eu/Get?id=YPODRRZCINWGBTELRQEZHNXZ" imageId="44456189"/>
    </Metadata>
    <Page imageFilename="1416739_0068.jpg" imageWidth="4391" imageHeight="3991">
        <ReadingOrder>
            <OrderedGroup id="ro_1711827911666" caption="Regions reading order">
                <RegionRefIndexed index="0" regionRef="tr_1"/>
            </OrderedGroup>
        </ReadingOrder>
        <TextRegion id="tr_1" custom="readingOrder {index:0;}">
            <Coords points="397,1045 4134,1045 4134,3221 397,3221"/>
            <TextLine id="tr_1_tl_1" custom="readingOrder {index:0;}">
                <Coords points="2473,1215 3509,1148 3754,1172 3842,1130 3971,1158 3987,1050 3493,1062 3319,995 2955,1095 2480,1052"/>
                <Baseline points="2486,1161 2513,1161 2558,1164 2602,1161 2647,1161 2692,1158 2737,1155 2782,1155 2826,1152 2871,1152 2916,1152 2961,1149 3005,1146 3050,1146 3095,1143 3140,1140 3185,1140 3229,1137 3274,1134 3319,1131 3364,1131 3408,1128 3453,1125 3498,1122 3543,1122 3588,1119 3632,1119 3677,1116 3722,1116 3767,1116 3811,1113 3856,1107 3901,1107 3946,1104 3991,1095"/>
                <TextEquiv>
                    <Unicode>ein höherer mit absinkenden Perzenten. Doch</Unicode>
                </TextEquiv>
            </TextLine>
            <TextLine id="tr_1_tl_2" custom="readingOrder {index:1;}">
                <Coords points="384,1181 1411,1125 1812,1162 1897,1150 1900,1058 1399,1072 1295,1001 1095,1091 388,1066"/>
                <Baseline points="397,1155 426,1152 471,1152 516,1152 561,1149 605,1149 650,1146 695,1146 740,1143 785,1143 829,1140 874,1140 919,1137 964,1137 1008,1137 1053,1134 1098,1131 1143,1131 1188,1128 1232,1128 1277,1125 1322,1125 1367,1125 1411,1119 1456,1119 1501,1119 1546,1116 1591,1116 1635,1116 1680,1116 1725,1113 1770,1113 1814,1113 1859,1110 1904,1107"/>
                <TextEquiv>
                    <Unicode>glaube und hoffe ich, dass Ihre Bedenken sich</Unicode>
                </TextEquiv>
            </TextLine>
            <TextLine id="tr_1_tl_3" custom="readingOrder {index:2;}">
                <Coords points="388,1264 578,1301 891,1244 1942,1252 1947,1150 1015,1201 635,1152 390,1209"/>
                <Baseline points="399,1253 426,1253 471,1253 516,1250 561,1247 605,1244 650,1244 695,1244 740,1244 785,1241 829,1241 874,1238 919,1238 964,1235 1008,1235 1053,1235 1098,1232 1143,1229 1188,1229 1232,1229 1277,1226 1322,1226 1367,1223 1411,1223 1456,1220 1501,1220 1546,1217 1591,1217 1635,1217 1680,1217 1725,1217 1770,1214 1814,1211 1859,1211 1904,1208 1949,1202"/>
                <TextEquiv>
                    <Unicode>als gegenstandslos herausstellen werden,da sie</Unicode>
                </TextEquiv>
            </TextLine>
            <TextLine id="tr_1_tl_4" custom="readingOrder {index:3;}">
                <Coords points="2486,1287 3969,1254 3985,1160 2490,1211"/>
                <Baseline points="2498,1265 2510,1265 2555,1265 2599,1262 2644,1259 2689,1259 2734,1259 2779,1259 2823,1256 2868,1253 2913,1253 2958,1250 3002,1247 3047,1247 3092,1244 3137,1244 3182,1241 3226,1238 3271,1235 3316,1235 3361,1232 3405,1232 3450,1226 3495,1226 3540,1226 3585,1223 3629,1217 3674,1217 3719,1214 3764,1214 3808,1211 3853,1211 3898,1211 3943,1208 3988,1205"/>
                <TextEquiv>
                    <Unicode>bleibt mir natürlich nichts übrig als mich,</Unicode>
                </TextEquiv>
            </TextLine>
            <TextLine id="tr_1_tl_5" custom="readingOrder {index:4;}">
                <Coords points="392,1383 1456,1324 1885,1352 1920,1254 396,1285"/>
                <Baseline points="405,1352 447,1352 492,1352 537,1352 582,1349 626,1346 671,1346 716,1343 761,1343 805,1343 850,1343 895,1340 940,1340 985,1337 1029,1337 1074,1334 1119,1331 1164,1331 1208,1331 1253,1331 1298,1328 1343,1328 1388,1325 1432,1325 1477,1319 1522,1319 1567,1319 1611,1319 1656,1319 1701,1316 1746,1316 1791,1316 1835,1313 1880,1310 1925,1301"/>
                <TextEquiv>
                    <Unicode>nicht durchaus auf zutreffenden Voraussetzun-</Unicode>
                </TextEquiv>
            </TextLine>
            <TextLine id="tr_1_tl_6" custom="readingOrder {index:5;}">
                <Coords points="2488,1393 3303,1387 3601,1334 3934,1334 4058,1389 4126,1364 4130,1252 3223,1244 3019,1299 2492,1313"/>
                <Baseline points="2501,1367 2522,1367 2567,1367 2611,1367 2656,1364 2701,1364 2746,1361 2791,1361 2835,1358 2880,1358 2925,1355 2970,1352 3014,1349 3059,1349 3104,1346 3149,1343 3193,1343 3238,1340 3283,1340 3328,1337 3373,1331 3417,1331 3462,1331 3507,1328 3552,1325 3596,1322 3641,1322 3686,1319 3731,1316 3776,1316 3820,1313 3865,1313 3910,1313 3955,1310 3999,1310 4044,1310 4089,1304 4134,1304"/>
                <TextEquiv>
                    <Unicode>wenn auch ohne die letzte innere Ueberzeugung,</Unicode>
                </TextEquiv>
            </TextLine>
            <TextLine id="tr_1_tl_7" custom="readingOrder {index:6;}">
                <Coords points="1626,1456 1710,1469 1728,1450 1769,1444 1806,1420 1836,1438 1867,1422 1891,1440 1906,1438 1912,1348 1857,1342 1834,1352 1826,1342 1806,1348 1771,1338 1718,1371 1675,1362 1630,1381"/>
                <Baseline points="1639,1423 1644,1420 1689,1417 1734,1414 1779,1414 1823,1411 1868,1405 1913,1402"/>
                <TextEquiv>
                    <Unicode>eltfrem¬</Unicode>
                </TextEquiv>
            </TextLine>
            <TextLine id="tr_1_tl_8" custom="readingOrder {index:7;}">
                <Coords points="2490,1499 3971,1450 3987,1332 2494,1409"/>
                <Baseline points="2504,1468 2513,1468 2558,1471 2602,1468 2647,1468 2692,1468 2737,1465 2782,1462 2826,1459 2871,1459 2916,1456 2961,1456 3005,1450 3050,1450 3095,1447 3140,1447 3185,1444 3229,1441 3274,1441 3319,1438 3364,1435 3408,1435 3453,1435 3498,1432 3543,1429 3588,1426 3632,1423 3677,1423 3722,1420 3767,1420 3811,1417 3856,1414 3901,1411 3946,1411 3991,1402"/>
                <TextEquiv>
                    <Unicode>Ihrer buchhändlerischen Einsicht und Erfah-</Unicode>
                </TextEquiv>
            </TextLine>
            <TextLine id="tr_1_tl_9" custom="readingOrder {index:8;}">
                <Coords points="398,1483 578,1450 1134,1481 1244,1432 1636,1420 1638,1342 1477,1389 1371,1358 1287,1399 987,1362 805,1403 647,1364 402,1399"/>
                <Baseline points="411,1459 429,1456 474,1453 519,1453 564,1450 608,1450 653,1447 698,1447 743,1444 788,1444 832,1441 877,1441 922,1441 967,1438 1011,1438 1056,1435 1101,1435 1146,1435 1191,1432 1235,1429 1280,1429 1325,1426 1370,1429 1414,1426 1459,1423 1504,1420 1549,1420 1594,1414 1639,1423"/>
                <TextEquiv>
                    <Unicode>gen beruhen. Vor allem ist R...kein we</Unicode>
                </TextEquiv>
            </TextLine>
            <TextLine id="tr_1_tl_10" custom="readingOrder {index:9;}">
                <Coords points="1464,1460 1497,1454 1518,1467 1530,1454 1536,1458 1546,1452 1569,1469 1605,1456 1630,1473 1636,1415 1626,1413 1601,1424 1573,1415 1558,1426 1518,1422 1501,1430 1469,1430"/>
                <Baseline points="1477,1444 1504,1444 1549,1441 1594,1438 1639,1423"/>
                <TextEquiv>
                    <Unicode>G.C.H.F.M</Unicode>
                </TextEquiv>
            </TextLine>
            <TextLine id="tr_1_tl_11" custom="readingOrder {index:10;}">
                <Coords points="2492,1573 2882,1569 2955,1609 3650,1579 3728,1536 3954,1546 3987,1446 2494,1505"/>
                <Baseline points="2504,1570 2513,1570 2558,1573 2602,1573 2647,1570 2692,1570 2737,1570 2782,1567 2826,1564 2871,1561 2916,1558 2961,1558 3005,1555 3050,1552 3095,1552 3140,1549 3185,1546 3229,1543 3274,1543 3319,1540 3364,1540 3408,1537 3453,1537 3498,1534 3543,1531 3588,1528 3632,1525 3677,1525 3722,1525 3767,1522 3811,1519 3856,1516 3901,1516 3946,1510 3991,1504"/>
                <TextEquiv>
                    <Unicode>rung anzubequemen. Denn wenn mir auch wohl-</Unicode>
                </TextEquiv>
            </TextLine>
            <TextLine id="tr_1_tl_12" custom="readingOrder {index:11;}">
                <Coords points="392,1575 1534,1573 1607,1526 1940,1526 1942,1444 1458,1493 688,1452 394,1483"/>
                <Baseline points="405,1552 423,1552 468,1555 513,1555 558,1552 602,1552 647,1549 692,1546 737,1546 782,1543 826,1546 871,1546 916,1543 961,1540 1005,1537 1050,1537 1095,1534 1140,1534 1185,1534 1229,1534 1274,1531 1319,1531 1364,1528 1408,1528 1453,1525 1498,1522 1543,1519 1588,1519 1632,1519 1677,1519 1722,1519 1767,1516 1811,1516 1856,1513 1901,1513 1946,1507"/>
                <TextEquiv>
                    <Unicode>der,schwarfälliger Philologe, sondern hat sich</Unicode>
                </TextEquiv>
            </TextLine>
            <TextLine id="tr_1_tl_13" custom="readingOrder {index:12;}">
                <Coords points="388,1683 966,1640 1477,1689 1828,1652 1871,1575 1589,1548 1528,1583 390,1603"/>
                <Baseline points="402,1653 441,1653 486,1656 531,1653 576,1650 620,1650 665,1650 710,1650 755,1647 799,1641 844,1638 889,1641 934,1638 979,1638 1023,1635 1068,1635 1113,1632 1158,1632 1202,1632 1247,1632 1292,1629 1337,1629 1382,1629 1426,1626 1471,1626 1516,1623 1561,1620 1605,1620 1650,1617 1695,1617 1740,1617 1785,1614 1829,1611 1874,1605"/>
                <TextEquiv>
                    <Unicode>als Sekretär des Wiener Hofburgtheaters un-</Unicode>
                </TextEquiv>
            </TextLine>
            <TextLine id="tr_1_tl_14" custom="readingOrder {index:13;}">
                <Coords points="2498,1675 3002,1699 3072,1661 3856,1656 3930,1642 3934,1536 2906,1612 2774,1575 2500,1595"/>
                <Baseline points="2510,1674 2549,1674 2594,1671 2638,1671 2683,1668 2728,1668 2773,1665 2817,1662 2862,1662 2907,1662 2952,1659 2996,1656 3041,1656 3086,1653 3131,1653 3176,1650 3220,1647 3265,1647 3310,1644 3355,1644 3399,1641 3444,1638 3489,1635 3534,1632 3579,1632 3623,1629 3668,1626 3713,1623 3758,1623 3802,1620 3847,1620 3892,1614 3937,1614"/>
                <TextEquiv>
                    <Unicode>bekannt ist, dass die Einnahmen der grossen</Unicode>
                </TextEquiv>
            </TextLine>
            <TextLine id="tr_1_tl_15" custom="readingOrder {index:14;}">
                <Coords points="786,1689 1003,1689 1040,1708 1066,1689 1076,1699 1189,1683 1215,1703 1248,1697 1248,1652 1223,1646 1199,1663 1093,1642 1070,1663 1036,1644 1009,1652 960,1636 854,1665 786,1650"/>
                <Baseline points="797,1689 805,1689 850,1692 895,1692 940,1692 985,1689 1029,1689 1074,1686 1119,1686 1164,1683 1208,1680 1253,1677"/>
                <TextEquiv>
                    <Unicode>e. in filuatione n</Unicode>
                </TextEquiv>
            </TextLine>
            <TextLine id="tr_1_tl_16" custom="readingOrder {index:15;}">
                <Coords points="435,1763 984,1779 1420,1732 1509,1775 1838,1740 1840,1654 1477,1689 1366,1654 1046,1708 437,1691"/>
                <Baseline points="447,1755 456,1752 501,1755 546,1752 591,1752 635,1749 680,1749 725,1749 770,1746 814,1746 859,1746 904,1743 949,1740 994,1740 1038,1737 1083,1737 1128,1737 1173,1737 1217,1734 1262,1734 1307,1731 1352,1728 1396,1728 1441,1728 1486,1722 1531,1722 1576,1719 1620,1719 1665,1722 1710,1719 1755,1716 1799,1716 1844,1710"/>
                <TextEquiv>
                    <Unicode>ter Kerhältnissen bewährt, die gewiss viel</Unicode>
                </TextEquiv>
            </TextLine>
            <TextLine id="tr_1_tl_17" custom="readingOrder {index:16;}">
                <Coords points="2506,1826 2874,1769 3944,1763 4011,1740 4014,1652 2512,1705"/>
                <Baseline points="2519,1770 2540,1773 2585,1773 2629,1773 2674,1770 2719,1767 2764,1767 2808,1767 2853,1764 2898,1761 2943,1761 2988,1761 3032,1758 3077,1758 3122,1752 3167,1752 3211,1749 3256,1746 3301,1746 3346,1740 3391,1740 3435,1737 3480,1737 3525,1737 3570,1734 3614,1734 3659,1731 3704,1731 3749,1728 3793,1728 3838,1725 3883,1722 3928,1719 3973,1716 4017,1719"/>
                <TextEquiv>
                    <Unicode>Verleger in den letzten beiden Kriegsjahren</Unicode>
                </TextEquiv>
            </TextLine>
            <TextLine id="tr_1_tl_18" custom="readingOrder {index:17;}">
                <Coords points="402,1885 1616,1826 1810,1853 1914,1812 1916,1765 515,1787 404,1826"/>
                <Baseline points="414,1856 441,1856 486,1856 531,1853 576,1853 620,1853 665,1850 710,1847 755,1850 799,1847 844,1844 889,1841 934,1841 979,1841 1023,1841 1068,1838 1113,1838 1158,1835 1202,1832 1247,1832 1292,1832 1337,1832 1382,1829 1426,1829 1471,1829 1516,1826 1561,1823 1605,1823 1650,1823 1695,1820 1740,1817 1785,1814 1829,1814 1874,1811 1919,1805"/>
                <TextEquiv>
                    <Unicode>schwieriger und kitzliger waren als diejeni-</Unicode>
                </TextEquiv>
            </TextLine>
            <TextLine id="tr_1_tl_19" custom="readingOrder {index:18;}">
                <Coords points="2500,1916 2884,1910 2955,1867 3548,1881 3613,1838 3926,1867 4036,1846 4040,1781 3315,1757 3180,1799 2504,1814"/>
                <Baseline points="2513,1877 2522,1877 2567,1877 2611,1877 2656,1874 2701,1874 2746,1871 2791,1868 2835,1868 2880,1862 2925,1862 2970,1859 3014,1856 3059,1856 3104,1856 3149,1853 3193,1850 3238,1847 3283,1844 3328,1841 3373,1841 3417,1841 3462,1838 3507,1838 3552,1835 3596,1832 3641,1832 3686,1829 3731,1829 3776,1826 3820,1823 3865,1823 3910,1820 3955,1817 3999,1814 4044,1808"/>
                <TextEquiv>
                    <Unicode>in ungleich bedeutendem Verhältnis angewach-</Unicode>
                </TextEquiv>
            </TextLine>
            <TextLine id="tr_1_tl_20" custom="readingOrder {index:19;}">
                <Coords points="406,1979 1832,1961 1918,1942 1922,1838 411,1885"/>
                <Baseline points="420,1958 444,1952 489,1955 534,1955 579,1955 623,1955 668,1952 713,1949 758,1949 802,1946 847,1946 892,1946 937,1943 982,1940 1026,1940 1071,1940 1116,1937 1161,1934 1205,1934 1250,1931 1295,1931 1340,1931 1385,1931 1429,1928 1474,1925 1519,1925 1564,1922 1608,1922 1653,1922 1698,1922 1743,1919 1788,1919 1832,1916 1877,1916 1922,1910"/>
                <TextEquiv>
                    <Unicode>men sind, die ihm in Ihrem Verlag bevorstehen</Unicode>
                </TextEquiv>
            </TextLine>
            <TextLine id="tr_1_tl_21" custom="readingOrder {index:20;}">
                <Coords points="2500,1996 3172,2002 3752,1942 4007,1979 4087,1957 4089,1883 3838,1842 2504,1906"/>
                <Baseline points="2513,1982 2528,1979 2573,1979 2617,1976 2662,1976 2707,1973 2752,1973 2796,1970 2841,1967 2886,1967 2931,1961 2976,1961 3020,1958 3065,1955 3110,1955 3155,1952 3199,1949 3244,1949 3289,1949 3334,1946 3379,1943 3423,1943 3468,1940 3513,1940 3558,1940 3602,1937 3647,1934 3692,1931 3737,1931 3782,1931 3826,1928 3871,1925 3916,1925 3961,1922 4005,1922 4050,1916 4095,1913"/>
                <TextEquiv>
                    <Unicode>sen sind als die ihrer ersten Autoren,so weiss</Unicode>
                </TextEquiv>
            </TextLine>
            <TextLine id="tr_1_tl_22" custom="readingOrder {index:21;}">
                <Coords points="404,2092 1399,2034 1906,2061 1908,1981 1710,1940 1315,1987 408,1987"/>
                <Baseline points="417,2050 435,2053 480,2056 525,2056 570,2056 614,2053 659,2053 704,2050 749,2050 794,2047 838,2047 883,2044 928,2044 973,2044 1017,2041 1062,2041 1107,2038 1152,2038 1197,2038 1241,2035 1286,2035 1331,2032 1376,2029 1420,2029 1465,2026 1510,2026 1555,2023 1599,2023 1644,2023 1689,2020 1734,2020 1779,2020 1823,2017 1868,2014 1913,2008"/>
                <TextEquiv>
                    <Unicode>könnten. Auch halte ich ihn für durchaus fä¬</Unicode>
                </TextEquiv>
            </TextLine>
            <TextLine id="tr_1_tl_23" custom="readingOrder {index:22;}">
                <Coords points="2510,2118 3601,2051 3644,2087 4063,2073 4089,1959 2514,2010"/>
                <Baseline points="2522,2083 2525,2080 2570,2080 2614,2077 2659,2074 2704,2074 2749,2074 2793,2071 2838,2068 2883,2068 2928,2068 2973,2065 3017,2065 3062,2062 3107,2059 3152,2056 3196,2053 3241,2053 3286,2050 3331,2047 3376,2047 3420,2044 3465,2044 3510,2041 3555,2038 3599,2038 3644,2035 3689,2032 3734,2032 3779,2029 3823,2029 3868,2026 3913,2026 3958,2023 4002,2023 4047,2020 4092,2020"/>
                <TextEquiv>
                    <Unicode>ich doch sehr gut und werde nicht müde es Sie</Unicode>
                </TextEquiv>
            </TextLine>
            <TextLine id="tr_1_tl_24" custom="readingOrder {index:23;}">
                <Coords points="408,2179 1857,2153 1871,2071 411,2089"/>
                <Baseline points="420,2155 444,2158 489,2158 534,2161 579,2158 623,2158 668,2155 713,2152 758,2152 802,2152 847,2149 892,2146 937,2146 982,2143 1026,2143 1071,2143 1116,2143 1161,2140 1205,2137 1250,2137 1295,2134 1340,2131 1385,2131 1429,2131 1474,2128 1519,2128 1564,2125 1608,2125 1653,2122 1698,2122 1743,2122 1788,2122 1832,2122 1877,2116"/>
                <TextEquiv>
                    <Unicode>hig, zur Fassung selbständiger Entschlüsse,</Unicode>
                </TextEquiv>
            </TextLine>
            <TextLine id="tr_1_tl_25" custom="readingOrder {index:24;}">
                <Coords points="2510,2196 2712,2216 2808,2177 3017,2224 3156,2167 3299,2196 3764,2138 3842,2171 3922,2157 3926,2067 2514,2116"/>
                <Baseline points="2522,2182 2540,2185 2585,2182 2629,2179 2674,2179 2719,2176 2764,2173 2808,2173 2853,2170 2898,2170 2943,2167 2988,2167 3032,2167 3077,2164 3122,2161 3167,2161 3211,2158 3256,2155 3301,2152 3346,2152 3391,2149 3435,2146 3480,2146 3525,2143 3570,2143 3614,2140 3659,2137 3704,2134 3749,2134 3793,2131 3838,2128 3883,2128 3928,2125"/>
                <TextEquiv>
                    <Unicode>zu versichern, dass ich bei keinem andern</Unicode>
                </TextEquiv>
            </TextLine>
            <TextLine id="tr_1_tl_26" custom="readingOrder {index:25;}">
                <Coords points="413,2286 1695,2265 1920,2222 1922,2175 1556,2136 852,2214 592,2173 415,2208"/>
                <Baseline points="423,2256 447,2253 492,2256 537,2256 582,2256 626,2253 671,2250 716,2250 761,2250 805,2250 850,2247 895,2244 940,2244 985,2241 1029,2238 1074,2241 1119,2238 1164,2238 1208,2235 1253,2235 1298,2235 1343,2232 1388,2229 1432,2226 1477,2226 1522,2226 1567,2226 1611,2223 1656,2223 1701,2220 1746,2220 1791,2217 1835,2217 1880,2217 1925,2211"/>
                <TextEquiv>
                    <Unicode>wenn ihm dazu die Gelegenheit gegeben werden</Unicode>
                </TextEquiv>
            </TextLine>
            <TextLine id="tr_1_tl_27" custom="readingOrder {index:26;}">
                <Coords points="2520,2302 3697,2243 3952,2275 3958,2149 3472,2194 3147,2167 2998,2224 2525,2202"/>
                <Baseline points="2534,2280 2573,2280 2617,2280 2662,2280 2707,2277 2752,2274 2796,2274 2841,2274 2886,2268 2931,2271 2976,2268 3020,2265 3065,2262 3110,2262 3155,2259 3199,2259 3244,2259 3289,2256 3334,2256 3379,2253 3423,2250 3468,2250 3513,2250 3558,2247 3602,2244 3647,2241 3692,2238 3737,2238 3782,2235 3826,2232 3871,2232 3916,2229 3961,2223"/>
                <TextEquiv>
                    <Unicode>deutschen Verleger besser aufgehoben sein</Unicode>
                </TextEquiv>
            </TextLine>
            <TextLine id="tr_1_tl_28" custom="readingOrder {index:27;}">
                <Coords points="406,2380 1027,2394 1383,2345 1475,2382 1732,2335 1846,2390 1920,2369 1924,2243 408,2288"/>
                <Baseline points="417,2358 450,2358 495,2358 540,2358 585,2355 629,2355 674,2355 719,2352 764,2352 808,2349 853,2349 898,2346 943,2343 988,2343 1032,2340 1077,2340 1122,2340 1167,2340 1211,2337 1256,2334 1301,2334 1346,2334 1391,2334 1435,2331 1480,2331 1525,2328 1570,2325 1614,2325 1659,2322 1704,2322 1749,2322 1794,2319 1838,2319 1883,2313 1928,2310"/>
                <TextEquiv>
                    <Unicode>sollte. Von der Probezeit in Berlin verspre-</Unicode>
                </TextEquiv>
            </TextLine>
            <TextLine id="tr_1_tl_29" custom="readingOrder {index:28;}">
                <Coords points="2514,2402 2911,2400 3039,2369 3260,2406 3264,2275 3009,2318 2919,2288 2862,2306 2759,2290 2723,2318 2682,2298 2639,2322 2518,2286"/>
                <Baseline points="2528,2379 2546,2382 2591,2382 2635,2382 2680,2379 2725,2379 2770,2376 2814,2376 2859,2373 2904,2370 2949,2370 2993,2370 3038,2367 3083,2364 3128,2361 3173,2361 3217,2361 3262,2364"/>
                <TextEquiv>
                    <Unicode>könnte als bei Ihnen.</Unicode>
                </TextEquiv>
            </TextLine>
            <TextLine id="tr_1_tl_30" custom="readingOrder {index:29;}">
                <Coords points="2757,2512 3969,2463 4073,2445 4077,2365 3748,2347 3607,2398 3274,2380 3170,2422 2764,2398"/>
                <Baseline points="2770,2477 2782,2477 2826,2477 2871,2474 2916,2474 2961,2471 3005,2468 3050,2465 3095,2462 3140,2462 3185,2462 3229,2459 3274,2459 3319,2456 3364,2456 3408,2456 3453,2453 3498,2453 3543,2450 3588,2447 3632,2444 3677,2441 3722,2441 3767,2438 3811,2438 3856,2435 3901,2432 3946,2429 3991,2429 4035,2426 4080,2420"/>
                <TextEquiv>
                    <Unicode>Lassen Sie mich schlieselich noch mit</Unicode>
                </TextEquiv>
            </TextLine>
            <TextLine id="tr_1_tl_31" custom="readingOrder {index:30;}">
                <Coords points="417,2480 1550,2445 1851,2480 1818,2369 1567,2349 1371,2398 1228,2367 780,2416 682,2367 421,2377"/>
                <Baseline points="429,2459 468,2459 513,2459 558,2456 602,2453 647,2453 692,2453 737,2453 782,2450 826,2450 871,2447 916,2444 961,2444 1005,2441 1050,2441 1095,2441 1140,2441 1185,2438 1229,2438 1274,2438 1319,2435 1364,2435 1408,2432 1453,2429 1498,2429 1543,2429 1588,2426 1632,2426 1677,2426 1722,2423 1767,2426 1811,2426 1856,2423"/>
                <TextEquiv>
                    <Unicode>che ich mir jedesfalls ein gutes Resultat.</Unicode>
                </TextEquiv>
            </TextLine>
            <TextLine id="tr_1_tl_32" custom="readingOrder {index:31;}">
                <Coords points="645,2563 776,2594 954,2545 1252,2539 1442,2584 1526,2543 1767,2563 1783,2469 1626,2490 1452,2455 1264,2496 844,2506 647,2476"/>
                <Baseline points="656,2549 668,2546 713,2549 758,2549 802,2549 847,2546 892,2546 937,2546 982,2543 1026,2540 1071,2540 1116,2540 1161,2540 1205,2537 1250,2537 1295,2537 1340,2537 1385,2534 1429,2534 1474,2531 1519,2528 1564,2528 1608,2528 1653,2525 1698,2522 1743,2525 1788,2525"/>
                <TextEquiv>
                    <Unicode>Noch ein Wort zur Tantièmenfrage.</Unicode>
                </TextEquiv>
            </TextLine>
            <TextLine id="tr_1_tl_33" custom="readingOrder {index:32;}">
                <Coords points="2531,2637 3145,2574 4105,2576 4110,2473 2537,2514"/>
                <Baseline points="2543,2588 2588,2591 2632,2588 2677,2585 2722,2582 2767,2582 2811,2582 2856,2579 2901,2579 2946,2576 2991,2573 3035,2573 3080,2570 3125,2567 3170,2564 3214,2564 3259,2564 3304,2561 3349,2555 3393,2555 3438,2552 3483,2552 3528,2549 3573,2549 3617,2546 3662,2546 3707,2543 3752,2540 3796,2540 3841,2540 3886,2537 3931,2537 3976,2534 4020,2534 4065,2531 4110,2531"/>
                <TextEquiv>
                    <Unicode>ein paar Worten auf Ihre wiederholte Bemerkung</Unicode>
                </TextEquiv>
            </TextLine>
            <TextLine id="tr_1_tl_34" custom="readingOrder {index:33;}">
                <Coords points="413,2690 1207,2647 1473,2676 1877,2639 1895,2580 1526,2541 1442,2582 1246,2547 1064,2598 696,2596 590,2539 417,2547"/>
                <Baseline points="426,2650 468,2656 513,2656 558,2659 602,2656 647,2656 692,2653 737,2653 782,2650 826,2650 871,2650 916,2650 961,2650 1005,2647 1050,2644 1095,2644 1140,2641 1185,2641 1229,2641 1274,2638 1319,2635 1364,2635 1408,2635 1453,2635 1498,2632 1543,2632 1588,2632 1632,2629 1677,2629 1722,2626 1767,2626 1811,2626 1856,2623 1901,2614"/>
                <TextEquiv>
                    <Unicode>Ganz in Gegensatz zu der Auffassung,die Sie</Unicode>
                </TextEquiv>
            </TextLine>
            <TextLine id="tr_1_tl_35" custom="readingOrder {index:34;}">
                <Coords points="2541,2712 3832,2706 4099,2670 4103,2576 3615,2557 3246,2621 2545,2629"/>
                <Baseline points="2552,2692 2585,2689 2629,2689 2674,2689 2719,2692 2764,2689 2808,2686 2853,2683 2898,2680 2943,2677 2988,2674 3032,2674 3077,2668 3122,2668 3167,2665 3211,2665 3256,2662 3301,2659 3346,2659 3391,2659 3435,2656 3480,2653 3525,2650 3570,2647 3614,2647 3659,2647 3704,2644 3749,2644 3793,2641 3838,2641 3883,2641 3928,2638 3973,2635 4017,2632 4062,2626 4107,2620"/>
                <TextEquiv>
                    <Unicode>eingehen, dass Sie die Wiener Filiale zeigent-</Unicode>
                </TextEquiv>
            </TextLine>
            <TextLine id="tr_1_tl_36" custom="readingOrder {index:35;}">
                <Coords points="413,2776 1101,2804 1266,2743 1344,2784 1897,2780 1900,2663 1789,2633 1581,2682 1330,2647 417,2688"/>
                <Baseline points="426,2758 471,2761 516,2761 561,2761 605,2761 650,2758 695,2755 740,2755 785,2752 829,2752 874,2752 919,2752 964,2746 1008,2743 1053,2746 1098,2746 1143,2743 1188,2743 1232,2740 1277,2740 1322,2737 1367,2734 1411,2737 1456,2731 1501,2731 1546,2731 1591,2731 1635,2731 1680,2731 1725,2728 1770,2725 1814,2725 1859,2722 1904,2716"/>
                <TextEquiv>
                    <Unicode>mir nahelegen, lege ich weniger Wert auf die</Unicode>
                </TextEquiv>
            </TextLine>
            <TextLine id="tr_1_tl_37" custom="readingOrder {index:36;}">
                <Coords points="2537,2796 2735,2829 3674,2757 4018,2784 4052,2676 2539,2745"/>
                <Baseline points="2549,2793 2576,2796 2620,2793 2665,2791 2710,2791 2755,2791 2799,2788 2844,2788 2889,2785 2934,2782 2979,2779 3023,2776 3068,2776 3113,2773 3158,2767 3202,2767 3247,2764 3292,2764 3337,2764 3382,2761 3426,2758 3471,2758 3516,2758 3561,2755 3605,2752 3650,2749 3695,2746 3740,2746 3785,2746 3829,2743 3874,2743 3919,2740 3964,2737 4008,2737 4053,2731"/>
                <TextEquiv>
                    <Unicode>lich nur meinetwegen eingerichtet haben. So</Unicode>
                </TextEquiv>
            </TextLine>
            <TextLine id="tr_1_tl_38" custom="readingOrder {index:37;}">
                <Coords points="413,2872 492,2906 611,2862 1818,2860 1965,2841 1967,2764 1368,2794 1295,2757 1166,2810 1052,2772 415,2831"/>
                <Baseline points="426,2859 447,2862 492,2862 537,2859 582,2859 626,2859 671,2859 716,2856 761,2856 805,2853 850,2850 895,2850 940,2850 985,2847 1029,2847 1074,2847 1119,2847 1164,2844 1208,2844 1253,2844 1298,2841 1343,2838 1388,2838 1432,2835 1477,2835 1522,2835 1567,2832 1611,2832 1656,2832 1701,2832 1746,2829 1791,2829 1835,2826 1880,2826 1925,2823 1970,2820"/>
                <TextEquiv>
                    <Unicode>absoluto Höhe des Gesammthonorars als auf die</Unicode>
                </TextEquiv>
            </TextLine>
            <TextLine id="tr_1_tl_39" custom="readingOrder {index:38;}">
                <Coords points="2557,2927 3646,2860 3854,2894 4050,2845 4052,2786 3634,2761 3266,2780 3166,2827 2990,2792 2561,2827"/>
                <Baseline points="2570,2892 2579,2892 2623,2892 2668,2892 2713,2889 2758,2889 2802,2889 2847,2883 2892,2880 2937,2880 2982,2877 3026,2877 3071,2874 3116,2871 3161,2871 3205,2871 3250,2868 3295,2865 3340,2865 3385,2862 3429,2862 3474,2859 3519,2859 3564,2859 3608,2856 3653,2853 3698,2850 3743,2850 3788,2850 3832,2847 3877,2844 3922,2841 3967,2841 4011,2838 4056,2835"/>
                <TextEquiv>
                    <Unicode>ehrenvoll dies für mich wäre und obwohl ich</Unicode>
                </TextEquiv>
            </TextLine>
            <TextLine id="tr_1_tl_40" custom="readingOrder {index:39;}">
                <Coords points="421,2994 1242,2949 1869,2974 1904,2855 423,2917"/>
                <Baseline points="432,2970 471,2967 516,2964 561,2961 605,2961 650,2958 695,2958 740,2955 785,2955 829,2955 874,2955 919,2955 964,2952 1008,2952 1053,2952 1098,2949 1143,2946 1188,2943 1232,2943 1277,2943 1322,2943 1367,2943 1411,2943 1456,2940 1501,2940 1546,2940 1591,2937 1635,2934 1680,2931 1725,2931 1770,2931 1814,2928 1859,2925 1904,2922"/>
                <TextEquiv>
                    <Unicode>gerechte perzentuelle Beteiligung. Mir wäre</Unicode>
                </TextEquiv>
            </TextLine>
            <TextLine id="tr_1_tl_41" custom="readingOrder {index:40;}">
                <Coords points="2604,3031 3203,2978 3952,2994 3958,2874 3433,2876 3137,2939 2608,2921"/>
                <Baseline points="2617,2996 2662,2996 2707,2993 2752,2993 2796,2993 2841,2991 2886,2991 2931,2985 2976,2985 3020,2982 3065,2982 3110,2979 3155,2976 3199,2976 3244,2973 3289,2973 3334,2973 3379,2967 3423,2967 3468,2961 3513,2961 3558,2958 3602,2955 3647,2955 3692,2952 3737,2952 3782,2949 3826,2946 3871,2943 3916,2943 3961,2937"/>
                <TextEquiv>
                    <Unicode>einen Entschluss beinahe zu verstehen</Unicode>
                </TextEquiv>
            </TextLine>
            <TextLine id="tr_1_tl_42" custom="readingOrder {index:41;}">
                <Coords points="551,3027 600,3025 613,3013 621,3017 625,3013 635,3021 645,3011 658,3011 672,3021 692,3013 703,3023 719,3023 721,2970 692,2970 678,2958 645,2976 625,2962 596,2972 580,2970 574,2976 556,2970"/>
                <Baseline points="564,3005 591,3005 635,3005 680,3002 725,2996"/>
                <TextEquiv>
                    <Unicode>also</Unicode>
                </TextEquiv>
            </TextLine>
            <TextLine id="tr_1_tl_43" custom="readingOrder {index:42;}">
                <Coords points="421,3080 1769,3070 1830,3035 1912,3066 1916,2970 1287,3019 927,2984 582,3037 423,3007"/>
                <Baseline points="432,3062 441,3062 486,3065 531,3062 576,3062 620,3062 665,3062 710,3059 755,3059 799,3056 844,3056 889,3056 934,3050 979,3050 1023,3050 1068,3050 1113,3050 1158,3047 1202,3047 1247,3047 1292,3047 1337,3044 1382,3041 1426,3041 1471,3038 1516,3038 1561,3038 1605,3035 1650,3035 1695,3035 1740,3029 1785,3029 1829,3029 1874,3029 1919,3026"/>
                <TextEquiv>
                    <Unicode>wäre ein billigerer Preis meiner Bücher mit</Unicode>
                </TextEquiv>
            </TextLine>
            <TextLine id="tr_1_tl_44" custom="readingOrder {index:43;}">
                <Coords points="2584,3113 3231,3119 3889,3054 4085,3084 4126,3074 4130,2974 2586,3035"/>
                <Baseline points="2594,3107 2608,3104 2653,3101 2698,3098 2743,3098 2788,3098 2832,3098 2877,3095 2922,3089 2967,3086 3011,3086 3056,3086 3101,3083 3146,3080 3191,3077 3235,3077 3280,3077 3325,3074 3370,3071 3414,3071 3459,3068 3504,3065 3549,3065 3593,3062 3638,3062 3683,3056 3728,3056 3773,3056 3817,3050 3862,3050 3907,3047 3952,3047 3996,3047 4041,3044 4086,3044 4131,3038"/>
                <TextEquiv>
                    <Unicode>vermöchte; - hier irrt S. Fischer, mein Freund</Unicode>
                </TextEquiv>
            </TextLine>
            <TextLine id="tr_1_tl_45" custom="readingOrder {index:44;}">
                <Coords points="427,3201 1783,3152 1953,3194 1981,3070 1007,3064 429,3117"/>
                <Baseline points="441,3167 462,3167 507,3170 552,3167 597,3167 641,3167 686,3164 731,3161 776,3161 820,3161 865,3161 910,3161 955,3161 999,3158 1044,3155 1089,3152 1134,3152 1179,3152 1223,3152 1268,3152 1313,3152 1358,3152 1402,3152 1447,3149 1492,3146 1537,3143 1582,3143 1626,3140 1671,3137 1716,3137 1761,3137 1805,3134 1850,3134 1895,3134 1940,3131 1985,3131"/>
                <TextEquiv>
                    <Unicode>25% Tantieme in jedem Falle sympathischer als</Unicode>
                </TextEquiv>
            </TextLine>
            <TextLine id="tr_1_tl_46" custom="readingOrder {index:45;}">
                <Coords points="2545,3246 2896,3286 3060,3225 3389,3180 3485,3217 3609,3172 3768,3229 3854,3209 3860,3074 3723,3103 3415,3072 3172,3137 2872,3098 2751,3145 2551,3117"/>
                <Baseline points="2558,3211 2561,3211 2605,3211 2650,3208 2695,3208 2740,3208 2785,3208 2829,3208 2874,3205 2919,3205 2964,3202 3008,3202 3053,3196 3098,3196 3143,3193 3188,3191 3232,3188 3277,3185 3322,3182 3367,3179 3411,3179 3456,3176 3501,3170 3546,3170 3591,3170 3635,3170 3680,3167 3725,3161 3770,3155 3814,3155 3859,3146"/>
                <TextEquiv>
                    <Unicode>und Verleger. Ost genug haben Er mir je</Unicode>
                </TextEquiv>
            </TextLine>
        </TextRegion>
    </Page>
</PcGts>
