4428 3992
422 984 2034 1138 Verlag für Kunst und Industrie, hat sonderbaren
418 1116 1981 1237 weise an Vogeler gedacht, der mir, nach dem, was
422 1194 1899 1337 ich von ihm kenne, gerade für die „Beatrice"
416 1315 1624 1427 nicht der richtige zu sein scheint.
719 1405 1885 1558 Haben Sie über den Abdruck meiner
424 1510 1887 1646 Novelle schon etwas bestimmt? Dass ich die
424 1620 2030 1753 Korrektur im Ganzen auf einmal in drei Exempla.
424 1728 1949 1861 ren zu erhalten wünschte, habe ich ihnen wohl
424 1843 1058 1953 schon geschrieben.
725 1925 2007 2056 Sind Sie schon in Besitz der „Schwes-
436 2032 1993 2160 tern gelangt? Hat Ihnen das Deutsche Theater
428 2104 1991 2228 das Manuscript schon geschickt oder haben Sie
416 2246 994 2381 es holen lassen?
735 2329 1859 2453 Es war mir recht erfreulich, dass
420 2423 2020 2558 Sie doch wieder einige Neuauflagen von einzel-
410 2529 1981 2650 nen meiner Sachen konnten drucken lassen. Die
428 2626 1857 2766 Papieraugelegenheit scheint ja noch immer
434 2748 1471 2859 nicht recht vorwärts zu gehen.
833 2847 1467 2973 Herzlich grüssend
998 2947 1136 3080 Ihr
2317 819 2684 1028 Fischer
3435 946 3756 1106 4.3.1918.
2568 1008 2700 1126 G.H.P
2919 1202 3429 1317 Lieber Freund!
2786 1425 3989 1526 Ihr Brief ist dazu angetan mich ein
2413 1494 3973 1624 wenig zu beunruhigen. Sie schreiben, dass Sie,
2443 1634 4007 1741 falls Sie in Wien das Papier bekämen,mene ge-
2588 1708 2666 1781 ce
2449 1714 4011 1825 samml xxx Werke das erste Buch sein würden, das
2570 1803 2921 1853 m m m m r jouvoir r vos mai-
3075 1801 3166 1849 l'a
2449 1813 3945 1965 Sie in Wien derkken liessen. Wie aber,wenn
2957 1903 3130 1951 VVV VV V VVV 'V
2447 1943 4013 2022 le kein Papier bekommen? soll ich dann hinter
2445 2001 4043 2128 Ihren deutschen Autoren zurückstehen? Ich kann
2441 2120 3983 2232 mir eigentlich nicht denken, dass Sie bei dem
2445 2228 3945 2345 vollkommen gleichen Rechtsverhältnis,in dem
2449 2339 4037 2465 Sie doch zu Ihren österreichischen und zu ih¬
2447 2411 3955 2556 ren deutschen Autoren sich befinden,
2435 2546 3981 2638 hier einen Unterschied machen werden (es sei
2449 2626 4037 2772 denn, über behördlichen Auftrag), und möchte da-
2449 2750 3975 2865 rauf rechnen können, dass Sie eine vollkommen
2447 2853 3923 2973 gleichmässige Verteilung des Papieres, auch
2437 2967 3987 3061 wenn Sie in Wien keines bekommen solltan, ins
2441 3057 3118 3190 Auge fassen werden.
2754 3118 3981 3276 Neulich wurde mir hier ganz inoffi-
