4471 4071
1044 788 1125 903 P.
214 1086 1633 1271 Über die eine Kontroll offenbar gar nicht
220 1154 1704 1331 möglich ist zu sein scheint. Auch die Bres¬
220 1206 1747 1383 lauer Reigen-Angelegenheit ist mir etwas dun¬
227 1244 1795 1433 kel. Sladek telegraphiert mir, dass es nun doch
233 1325 1683 1479 zu einer öffentlichen Anklage gegen die Di
237 1358 1737 1525 rektion des kleinen Schauspielhauses und die
233 1433 1695 1589 Mitwirkenden Künstler gekommen ist. Und in
237 1468 1760 1624 Hannover gab es neulich gar eine Versammlung,
245 1523 1751 1681 die mit Posaunenschall eingeleitet und durch
252 1581 1649 1735 die Rede eines veritablen Pastors gekrönt
248 1629 1760 1776 wurde. Alles gegen den Reigen! Im Verhältnis
260 1691 1716 1826 dazu finde ich diebAuflagenhöhe (bisher 78)
260 1699 1843 1872 seit nahezu 20 Jahren seit dem grossen Rummel,
262 1776 1760 1955 kaum zwischen 10 und 20, nicht sehr imposant.
428 1916 1136 2051 Mit herzlichem Gruss
857 1978 967 2057 Ihr
360 2845 1134 3018 errn S.Fischer,Berlin.
2186 844 2664 1040 Fischer
3278 946 3694 1055 17.11.1921
2336 1073 2829 1173 Lieber Freund.
2588 1127 3987 1250 1.Von Frau Vivanti noch immer keine defi-
2375 1208 3977 1298 tive Antwort. Ich nehme an, dass Ihnen auch Herr
2382 1277 3902 1362 Raggio wegen „Anatol“ noch nichts Bestimmtes
2375 1312 3856 1421 geschrieben und selbstverständlich auch die
2373 1371 3935 1454 tausend Lire nicht geschickt hat. Er scheidet
2380 1425 3933 1512 hiemit aus der Reihe der Reisen-Bauerber aus.
2380 1473 3900 1558 Indess hat mir jener Herr Boris Gurewic, der
2373 1491 3998 1616 mit dem hiesigen Verlag Manz in einem mir nicht
2382 1570 3904 1660 ganz klaren Verbindung steht, überraschender
2384 1622 3896 1712 Weise aus Rom geschrieben, dass er auf meine
2375 1662 3973 1772 Bedingungen eingeht „und dass das Buch bereits
2382 1728 3842 1822 gedruckt wird". In meinem Antwortschreiben
2380 1749 3873 1874 das ich beilage.habe ich ihm keinen Zweifel
2382 1835 3486 1955 über me inen Standpunkt gelassen.
2194 1905 3863 2020 2. Da wir eben von Italien sprechen:
3788 1955 3973 2034 Pieret
2380 1988 3773 2097 Wih bekam neulich für den Schleier der
2388 2016 3919 2124 te durch Bloch aus Neapel allein eine Garän¬
2384 2080 3973 2176 tiesumme von 3000 Lire.Sie ersehen daraus,dass
2375 2128 3906 2228 man auch Italien Garantiesummen bekommt, und
2384 2147 3994 2273 dass wir viel zu wenig verlangen. Es täte viel
2384 2234 3935 2325 leicht Mot einen tüchtigen Vertreter für Ita-
2392 2286 4008 2404 lien zu haben, wie ihn Bloch offenbar besittzt.
2623 2394 3923 2481 3. Noch ein Wort zu meinem Tsuchen um
2390 2459 3946 2533 einen sofortigen Abzug der Provision bei Aus
2396 2511 3885 2598 landszahlungen. Es bedarf selbstverständlich
2388 2558 3869 2629 nie und nimmer eines Beweises für mich, dass
2396 2604 3952 2689 die Umrechnung der Provisionen bei Ihnen aufs
2390 2642 3994 2744 Geaneueste nach dem betreffenden Tageskurse er
2396 2692 4023 2798 folgt und ich verzichte ausdrücklich auf irgend
2394 2760 4008 2835 welche von der deutschen Bank ausgefertigte Be-
2394 2818 4006 2900 lege. Aber haben sie nicht schon anlässlich des
2388 2860 3979 2956 Anatol-Vertrages mit Kalkar in Kopenhagen in
2396 2916 3960 2993 meinem sinn gehandelt? Sie schrieben mir näm
2394 2958 3954 3043 lichse herzelt, dass Sie das Aufführungsrecht
2394 3010 3960 3103 für 500 dänische Kronen überlassen hätten und
2400 3066 3869 3197 ich erhalte aus Zürich die Anzeige von der
