4413 3991
393 1136 1976 1250 Ich glaube, er wäre sogar in derLage Ihnen das
426 1250 2097 1356 hiezu notwendige Papier zur Verfügung zu stellen
433 1385 1839 1489 Falls Sie seinen Namen noch nicht kennen
437 1431 2045 1602 sollten, darf ich Sie vielleicht auf seine bis¬
439 1566 1916 1662 her erschienen verko aufmerksam machen. Das
435 1627 1968 1793 Wertvollste dürfte se n: Völker,Vaterländer
439 1766 2078 1849 und Fürsten,ein Beitrag zur Entwicklung Europes
449 1837 1918 1966 1913 bei Joachim in München erschienen. Ein
449 1945 2045 2099 gelehrtes Buch, aber dabei sehr unterhaltend zu
439 2072 1907 2155 lesen, zum Teil eine Auseinandersetzung mit
795 2153 936 2215 Schen
458 2138 1872 2267 Chamberlain und ähnlichen Kassentheorien.
420 2278 1991 2377 (T.selbst ist rassenreiner Christ). -in Buch
445 2342 2018 2475 ganz anderer Art ist die kleine, aber köstlich
458 2440 1930 2567 boshafte Satyrensammlung „Fern von Europa“,
761 2552 1011 2627 Handlung
453 2544 2086 2671 Ort der Satyrenmirol. Das Erste, was ich von xxx
458 2633 2092 2777 ihm kennen lernte, (das ist schon etwa zehn Jahre
449 2754 2059 2912 her, war eine Novelle, die mich damals sehr fes-
458 2843 2001 2970 selte und auf den mir persönlich unbekannten
445 2964 2061 3080 Verfasser aufmerksam machte. Was Ihnen Prof.T.
464 3056 2068 3201 jetzt anbieten will, kenne ich nicht. Jedenfalls
451 3149 1951 3324 dürfte es der Mühe wert sein sich damit zu
2579 1025 4098 1121 beschäftigen. Noch eines: r hat mich nicht
2583 1119 4197 1242 etwa gebeten ihn ihnen zu empfehlen, ich allest
2577 1221 4098 1321 habe mich angeboten ihnen ein wort über ihn
2585 1306 3979 1414 zu schreiben. Nehmen sie es in gewohnten
2585 1425 3428 1535 Freundlichkeit entgegen.
2893 1500 4158 1647 Ihr Schweizer Vertreter kann, wie mir
2575 1622 4231 1741 Ihr Verlag schreibt, nicht keine 10Wigen Tantie-
2579 1741 4193 1839 men für meine stücke erreichen. Sie wissen ja,
2579 1818 4162 1932 wie ich über diese Dinge denke. Wenn Schweizer
2577 1916 4166 2009 Bühneu in keinem anderen Falle einem modernen
2583 2036 4206 2149 Autor 10% zahlen, so bin ich natürlich mit den
2585 2126 4193 2242 besten Bedingungen zufrieden, zu denen sich die
2588 2226 4158 2340 Schweizer Bühnen in anderen Fällen bereit er¬
2583 2332 4120 2446 klärt haben. Ich wünsche durchaus keine Aus¬
2583 2450 4129 2560 nahmsbedingung. sollten die Schweizer Bähnen
2590 2525 4177 2662 aber in irgend einem anderen Fall sich zu 10%
3135 2617 3472 2687 und Gelade
2596 2627 4231 2746 verstanden haben, aber bei mir nicht dazu bereit
2590 2716 4208 2854 sein, so mögen sie freundlichst auf die Auffüh-
2588 2823 3625 2983 rung meiner stücke verzichten
2889 2929 4141 3072 Wegen des schwedischen Honorars war
2600 3056 4162 3199 ich natürlich im Irrtum. Ich hatte nur an das
