4481 4040
388 925 1921 1055 Giovanardi, Pressechefs der hessigen italieni-
390 1019 1933 1081 schen Gesandtschaft, erwarte,der in diesen An
394 1073 1927 1147 gelegenheiten gewissermassen literarisch-poli
394 1125 1317 1207 tisch interessiert scheint.
702 1187 1897 1297 6. In welchem Studium befindet sich
388 1235 1567 1357 die Angelegenheit Krämer-, Reigen“?
704 1337 1829 1453 7. Hat Reinhardt noch immer nicht
388 1383 1897 1479 für „Grosse Szene Kopenhagen gezahlt? Viel
396 1479 1889 1539 leicht wäre es am besten.man wendete sich an
396 1519 1885 1591 das dortige Theater, denn da Stockholm direkt
396 1569 1885 1627 einen Scheck an mich gesandt hat,so sind für
390 1617 1865 1683 Kopenhagen vielle icht ähnliche Bestimmungen
388 1669 979 1767 getroffen worden.
696 1733 1951 1853 8. Da mir durch Ihren Verlag eben ei¬
396 1817 1931 1901 ne neue Auflage des „Einsamen Wegs angezeigt
390 1877 1823 1937 wird, bitte ich recht sehr um gelegentliche
388 1917 1993 1999 Auskunft,ob nun alle meine Bücher vorrätig,resp
384 1969 1179 2055 welche vergriffen sind.
835 2039 1913 2129 Zu meiner seinerzeitigen Anfrage
388 2103 1921 2169 die nächste ergänzte Ausgabe meiner gesammel-
388 2165 1961 2261 ten Werke betreffend, haben Sie sich noch nicht
396 2217 736 2309 geäussert.
750 2295 1525 2414 Mit herzlichem Gruss
997 2367 1109 2454 Ihr
3392 867 3770 957 21.3.1921.
2412 845 2810 1009 äußert
2614 1069 3104 1179 Lieber Freund,
2862 1161 3972 1253 Aus Ihrem Brief ist nicht völlig
2656 1235 3846 1331 und ganz ersbohtlich, ob Kramer, den
2868 1291 3902 1359 n nur einmal in geschlossener
2664 1295 2806 1361 „Rei
2660 1325 3978 1401 Vorstellung gepielt hat oder ob er ihn
2656 1381 3998 1479 weiter als g.v.aufführt. Rechtlich steht
2656 1449 3902 1509 die Angelegenheit selbstverständlich
2662 1481 3980 1557 ganz klar zu unseren gunsten. Von einem
2654 1535 3998 1635 Prozess möge vorläufig bei der-heutigen
2654 1595 3998 1669 Sachlage (Polizeiverbot) abgesehen wer¬
2656 1655 3916 1711 den, trotzdem hielt ich es für richtig
2654 1699 3968 1773 den Bühnenverein über den rein juridi-
2654 1751 3902 1817 schen Tatbestand restlos aufzuklären
2654 1801 3924 1865 damit nicht Herr Kramer unsere augen-
2656 1851 3866 1923 blickliche Verzichtleistung auf den
2656 1889 3964 1975 Prozess bei einer späteren Gelegenheit
2684 1939 4005 2017 in einem ihm beliebigen Sinne juridisch
2656 2005 3904 2073 verwerten kann. Jedenfalls bitte sich
2660 2051 3962 2147 genau  über die Zahl der stattgehab-
2650 2103 3890 2183 ten Vorstellungen zu informieren und
2650 2153 3902 2241 absolut keine Verzögerung in der Tan
2648 2203 3468 2293 tiemenzahlung zu dulden.
2886 2259 3960 2351 Mein Telegramm, das Direktoren-
2648 2305 3962 2414 paar Morhart betreffend haben sie wohl
2644 2391 3888 2452 erhalten; es ist ganz natürlich, dass
2648 2412 3980 2516 ich Sie insbesondere in allen „Reigen“.
2650 2486 3962 2556 Angelægunheiten von jeder ernsthaft zu
2648 2534 3960 2624 nehmenden Verhandlung, von jedem in Be-
3458 2588 3890 2660 wie erst von
2636 2612 3974 2700 Ernamte kommellen Ausschluss infomiere
2642 2704 3956 2766 das Meiste Ihnen zu weiterer Durchfüh¬
2650 2756 3890 2812 rung übertrage, Es besteht im Augen-
2642 2790 3920 2866 blick keinerlei Erlaubnis meinerseits
2638 2854 3888 2918 zub. Reigen“ - Aufführungen, von der Sie
2636 2896 3884 2988 nicht in Kenntnis gesetzt wären und
