4444 4008
3602 883 3971 1004 9.12.1918.
2379 934 2859 1130 Fischer
2940 1203 3463 1330 Lieber Freund.
2908 1371 4088 1515 Ich bitte Sie von dem Honorar für
2539 1507 3977 1638 die Novelle 12500 K. an mein Konto in der
2545 1586 4139 1711 Deutschen Bank, die restlichen 10.000 vor Weih-
2552 1667 4044 1806 nachten an mein Konto Wien I.Boden. Credit-
2545 1790 4133 1906 Anstalt zu bezahlen; obenso an die Wiener Bo¬
2549 1873 4111 2031 denkredit-Anstaltsdie 1700 Mark für „Criechi-
2549 2001 3568 2114 sche Tänzerin und.Sterben".
2969 2061 4117 2201 Von einigen Wiener Bühnen, ebenso
2560 2187 4048 2296 von Reinhardt,Kimmerspiele,sind an mich An-
2564 2282 4032 2385 träge hinsichtlich Aufführung des „Reigens"
2566 2381 4161 2517 gelangt. Ich habe abgelehnt, vor allem weil mir
2566 2503 4157 2616 ler Zeitpunkt nicht richtig gewählt erscheint.
2558 2578 4101 2703 Es wäre nicht unmöglich, dass gleiche Anträge
2564 2695 4172 2811 von anderen Bühnen auch an Ihren Verlag gelan-
2568 2778 4172 2952 gen, selbstverständlich sind sie alle vorläufig
2570 2894 4192 3015 abschlägig zu bescheiden. Dass der „Reigen“ ge-
2564 2983 4188 3145 rade im letzten Jahr in Russland viel gespielt
