4427 4058
3799 801 4147 934 & it used
2554 1011 4088 1190 bezeichnen. Ich dachte eben,es verstünde sich
489 1040 2021 1216 dringendste Bemerkungen solcher Art, zu denen
2562 1143 3967 1301 von selbst nicht nur dass Abschlüsse über
476 1180 2061 1291 ich nie und nimmer Anlass gegeben habe, freund-
2556 1243 4076 1409 ein Werk protokolliert, sondern auch, dass vor
489 1263 2047 1399 lichst untelassen zu wollen. An dieser Seelle
2560 1354 4046 1498 einer anfrage auch nachgesehen werde, ob das
488 1390 2029 1516 darf ich vielleichtanmerken, dass bei Friese
2556 1435 4139 1605 Protokoll nicht etwa schon eine Notiz über dæ
484 1480 1982 1622 & Lang von meinen Werken augenblicklich nur
2556 1545 4131 1703 betreffende Werk enthielte; wäre das nicht der
482 1581 1465 1717 die folgenden zu haben sind:
3614 1617 3987 1703 in jedem Fall
2560 1646 4074 1820 Fall ich meine, würde xxx nicht einfach nach
833 1692 1241 1782 Vermächte is
837 1765 1230 1834 Dr. Gräsler
2562 1753 4088 1907 sehen, so würden Ihre Depeschengebühren ins Un-
837 1804 1575 1903 Schleier der Beatrice
849 1865 1330 1932 Die Schwestern
2564 1865 4028 1980 begrenzte wachsen. Keineswegs aber ist es
833 1893 1555 2003 Professor-Wernhardi.
2564 1946 3955 2110 meine Schuld, dass für meine "vielfachen
576 1982 1966 2120 Ich erkläre mit heutigen Tage auch mein
2568 2076 4023 2215 Auslandsangelegenheiten" keine Belege vor-
489 2072 2057 2211 Einverständnis mit der Erhöhung der von Ihnen
2572 2153 4072 2319 handen seien als weinzelne versteckte Bemer-
484 2199 2023 2327 geforderten Bühnenvertriebprovision. - Ihrem
1563 2268 1759 2321 aie o
2570 2262 4147 2420 kungen in meinen an Sie gerichteten Privatbri¬
484 2317 1984 2420 Wunsche nach rückwirkend vom 1.April an für
2574 2372 4064 2526 fen." Vor Jahren sohen sandte ich Ihnen eine
478 2396 1952 2524 vorläufig ein Jahr. Diese Steigerung halte
2578 2445 4101 2590 Liste über die von meinen Büchern batehenden
472 2505 1466 2623 ich für durchaus berechtigt.
2588 2566 4105 2714 Uebersetzungen, erteilten Autorisationen etc.
610 2611 1942 2740 Hingegen kann ich die Ausführung Ihres
2582 2663 4103 2828 und bat zugleich neue Fälle eintragen zu wol
466 2708 1944 2846 Bureaux zum Kapitel Auslandsvertrieb nicht
1640 2791 1743 2840 G.H.H
2586 2773 4078 2925 len. So weit ich einen Ueberblick habe (ich
478 2819 1995 2903 unwidersprochen lassen. Wenn ich mir gestat-
2594 2862 4068 3047 bin nicht unfehlbar) sind Sie über alle vom
482 2888 2041 3014 tet habe eine zweifellos überflüssige Anfrage
4060 2963 4155 3087 en
2594 2982 3983 3120 mir persönlich gemachten Abschlüsse (es
478 2986 2025 3138 auch als überflüssig zu bezeichnen, so sollte
2607 3097 3882 3245 wahrhaftig nicht viele) informiert wo
470 3103 1999 3269 man eine solche Konstatierung nicht als Rüge
2384 3399 2635 3533 de la riviere
