4391 3991
328 985 1920 1198 nerlässlichen Notwendigkeit der einen oder der
324 1127 971 1269 anderen Verfügung von
1008 1140 1952 1313 zubringen, die Sie für ange-
369 1242 822 1371 ssen erachten
1365 1303 1536 1403 adresse
478 1355 2006 1493 Nach Feststellung dieses prinzipiellen Stam¬
278 1449 1875 1601 punktes erkläre ich mich natürlich gern bereit
276 1564 1904 1701 mich,wenn dieser xxxx ganz konkrete Fall (meiner
276 1637 1879 1799 Novelle sich Ihnen bes neuerlicher Prüfung und
898 1724 985 1804 dort
271 1739 1950 1858 Kalkulation nicht anders darstellen sollte, Ihrer
282 1839 1943 1954 Auffassung anzubequemen unter der bestimmten vo-
269 1943 1868 2058 raussetzung,resp. unter der Bedingung,dass das
1081 2035 1271 2096 où ils
276 2039 1864 2206 Honorar in toto jalso selbst bei einem höheren
263 2140 1762 2307 Preis von 5 Mark pro Exemplar absolut nicht
263 2242 1927 2401 unter 20% heruntergehen sollte und unter der be-
261 2348 1889 2492 stimmten Voraussetzung,dass bei sämmtlichen an-
263 2451 1933 2624 deren in Ihrem Verlage erscheinenden Büchern z.B.
250 2555 1872 2687 auch bei dem von Ihnen zum Vergleich herangezo-
261 2664 1927 2806 genen Ketzer von Souana" die gleiche Aufschlags-
259 2733 1420 2824 berechnung massgebend gewesen ist.
457 2791 1939 2891 Mit der Luxusausgabe hat es natürlich Zeit.
257 2818 1843 2910 Bitte an meine Frau, Partenkirchen,Haus Tannen-
257 2883 1864 3033 berg,neuerdings telegraphisch 500 M. abgehen zu
250 2935 877 3073 lassen. (3. Sendung)
3315 818 3657 1027 Pour
3684 939 4048 1079 23.9.1918.
2277 866 2657 1098 Fische
2818 1261 3346 1405 Lieber Freund.
3367 1223 3501 1405 G.C.P.
2781 1367 3958 1555 Ich bitte Sie die Bühnenexemplare
2555 1499 4069 1660 der „Schwestern“ möglichst bald fertig stel¬
2555 1595 4062 1747 len zu lassen; vor der Uraufführung (mag die-
2553 1720 4012 1852 se nun in wien oder in Berlin stattfinden)
2547 1793 4050 1929 ist das Buch nicht zu versenden, da sich die
2543 1912 3983 2025 anderen Bühnen erfahrungsgemäss doch erst
2555 2000 4021 2158 nach der Graufführung zu entscheiden pfle-
2547 2115 3985 2250 gen. Ueber Ausnahmen verständigen wir uns
2559 2204 4029 2348 von Fall zu Fall. Auch privat ist das Buch
3833 2311 4054 2369 lassen.
2551 2313 4075 2459 absolut niemandem zur Lektüre zu überseichan
2549 2403 3555 2559 bevor es im Handel erscheint.
3536 2436 3653 2570 für
2818 2511 4018 2674 Noch habe ich ihnen über Ihre aus¬
2540 2607 3993 2770 führlichen Erklärungen betreffs Rosenbaum
2540 2728 4021 2877 zu danken. Selbstverständlich habe ich ihm
2561 2814 3945 2981 nichts von Ihren Bedenken mitgeteilt, wie
2561 2922 3835 3071 ich ihn überhaupt seit vielen Wochen
2561 3025 3902 3190 wodann gesehen noch gesprochen haben. Doch
