4417 4039
452 1095 2015 1277 gaben zu übermitteln,resp. die Offerten an Sie
452 1222 2074 1397 weiter zu leiten. Nochmals möchte ich erwähnen,
452 1302 2108 1469 dass diese Wendung des Gesprächs sich ganz unge-
445 1397 2049 1576 zwungen ergab, dass ich mich aber nicht nur be-
456 1521 2116 1648 rechtigt, sondern geradezu verpflichtet fühle Sie
466 1599 2061 1775 davon in Kenntnis zu setzen. Im vorigen Herbst
466 1707 2076 1891 schrieben sie mir einmal etwas vorwurfsvoll, ihr
456 1836 2087 1971 wünschte offenbar, dass gerade mir gegenüber die
447 1916 2089 2085 Schwierigkeiten dieser Zeit wie vor einem Damme
445 2004 2049 2175 Halt machen sollten (der Brief ist mir augen -
460 2112 2118 2279 blicklich nicht zur Hand, was ich hier wiederhole
460 2237 2095 2380 stimmt nur dem Sinn,nicht dem Wortlaut). Lassen
460 2317 2148 2479 Sie mich Ihnen heute erwidern, dass ich fern davon
462 2441 2125 2621 bin eine solche Ausnahmsstellung für mich in An-
471 2538 2125 2678 spruch zu nehmen und dass ich mich in unvermeid-
468 2650 2140 2815 bare Misslichkeiten genau, so gut zu fügen weiss
477 2730 2104 2916 wie jeder andere. Aber Misslichkeiten, Unannehm-
481 2830 2146 2977 lichkeiten,Schädigungen, die zweifellos zum min -
477 2920 2017 3089 desten bis zu einem gewissen Grad vermeidbar
481 3034 2104 3237 wären. vermag ich nicht ganz so gleichmütig hin-
4055 874 4292 1040 8/4 20
2505 992 4188 1167 zunehmen. Wie sich andere Autoren ihres Verlages
2500 1154 4079 1262 verhalten ist für mich ziemlich belanglos. Für
2505 1253 4199 1363 mich steht die Sache so, dass ich immer wieder von
2507 1355 4096 1481 Neuem, von privater Seite, von Buchhändlern, von
2505 1437 4142 1568 sortimentern erfahren mus s, in wie starkem Miss-
2507 1534 4123 1709 verhältnis die Zahl der zum Verkauf stehenden
2509 1650 4117 1806 Exemplare meiner Werke (sowohl der gesammelten
3627 1732 3870 1806 Lebhaflyke
2502 1739 4188 1891 als mancher Einzelausgaben ) zur Nachfrage steht
2511 1848 4148 2013 und dass von Seite des Verlags keineswegs alles
2521 1958 4182 2089 geschieht. was notwendig und zum Teile auch unter
2519 2072 4148 2171 den gegenwärtigen Verhältnissen zweifellos mög-
2517 2165 4176 2298 lich wäre, um dieses Missverhältnis auszugleichen
2526 2260 4161 2397 Vor etwan zwei Jahren haben Sie den glücklichen
2528 2361 4125 2496 und gewiss auch für Sie nicht ungünstigen Ver-
2519 2450 4125 2581 such gemacht durch Gründung der Wiener Filiale
2521 2564 4136 2686 den höchst berechtigten Wünschen einiger Ihrer
2526 2644 4205 2792 Autoren, vor allem wie ich wohl weiss, den meinen
2528 2762 4167 2897 Rechnung zu tragen. Warum Sie diese Wiener Fi-
2538 2874 4174 3007 liale wieder aufgelöst haben ist mir völlig un-
2543 2962 4174 3091 erfindlich geblieben. Wenn ich mir auch keines-
2559 3095 4176 3249 wegs das Recht arrogieren möchte in die Interna
