4446 4104
514 1031 2081 1165 ich nur sagen, dass mir gerade dieser Verrech
520 1112 2099 1218 nungsmodus xxx undurchsichtig und kompli¬
520 1189 2118 1266 ziert xxxakmt und mir keine Vorteile für den
524 1238 2004 1329 Auterzubieten scheint. Vorläufig halte ich
526 1292 2065 1365 es für den klarsten „gerechtesten und korrek-
528 1339 1925 1422 testen Vorgang,wenn der Autor seinen Ant
524 1371 2116 1462 am ladenpreise jedes Exemplares bezieht, wie es
526 1438 1952 1533 bisher der Fall war und dass er auch (Sie
526 1491 2071 1574 sprachen selbst neulich einmal davon) am Ein-
538 1543 2051 1622 bandpreis in einem gewissen Verhältnis parti-
526 1584 2059 1683 zigiere,umsomehr,da man ja,spezidl aus Ihrem
534 1630 2103 1725 Verlage, im Laufe der letzten Zeit nur mehr we-
528 1691 2120 1774 nig broschierte Bücher zu sehen bekommt. Ueber
534 1743 2095 1824 die Höhe des Perzentsatzes liesse sich selbst
538 1804 2047 1887 verständlich raden. Ich sehe vollkommen ein,
532 1847 2101 1921 dass der Verleger heute nicht mehr 25% zu zah
538 1891 2057 1970 len imstande ist; ob es notwendig war bis auf
540 1942 2051 2029 15 zurückzugehen. weiss ich nicht (nicht alle
546 1988 2144 2083 Verleger haben es getan, zum mindesten nicht bei
538 2041 2107 2144 allen Autoren). Was den Modus der nachträgli¬
538 2079 2146 2188 chen Bezahlung resp. nach Massgabe des Ausatzes
540 2154 1966 2231 anbelangt,so enthält ja schon ihr letzter
534 2172 2067 2294 Brief zum mindesten eine Milderung dieser im
546 2247 2063 2342 Verkehr zwischen einem verleger von Rang und
544 2312 2010 2383 einem Autor von Rang nicht ganz überlichen
548 2354 2091 2431 Verrechnungsmthode, indem Sie sich bereit er-
546 2397 2035 2486 klären mir auf meine Prosawerke und auf die
540 2451 2031 2548 Gesammtausgabe im Verhältnis zur Auflage Vo
538 2502 2077 2581 rauszahlungen zu machenjwobei das Verhältnis
544 2552 2093 2647 etwas präziser istgesteilt werden sollte. Mei-
544 2581 2162 2694 ner Insicht nach wäre für die gesammelten Werke
546 2672 2025 2745 und für die Prosa mindestens die Hälfte da,
544 2714 2073 2805 gedruckten, für die dramatischen aber mindes-
550 2765 2107 2844 tens eine Auflage,immer zu 1000 gerechnet, vo
544 2829 1901 2896 rauszuzahlen. Dies alles unverbindlich.
858 2876 2081 2991 Auch die ganz besondere Verzögerung
544 2965 2166 3038 der Abrechnung ist mir nicht ganz verständlich.
544 3024 2166 3098 Rauxxwähntagasset.
552 3074 2103 3151 unzuxxdix Werden die daraus erfolgenden Unzu-
540 3119 2154 3218 kömml ohkeiten auch durch die von Ihnen freund¬
544 3165 2016 3305 lichst angebotene Teilzahlung bis zu einem
3978 643 4209 930 the
2332 856 2451 979 .
2548 1007 4021 1169 grade paralisiert; - es bleibt doch ein fas¬
2554 1076 4150 1224 komisch wirkendes Missverhältnis, dass die letzt
2565 1127 4152 1270 te Zahlung bis heute an mich doch noch auf der
2563 1195 3984 1327 Basis xxx von 16 oder 18 Mark für das bro
2569 1216 4130 1385 schierte Exemplar bei Büchern erfolgt ist, die
2571 1296 4033 1428 nun schon seit Monaten einige hundert Mark
2563 1416 2817 1511 kosten.
2854 1416 4104 1557 Von Ihrer freundlichen Erlaubnis zur
2571 1482 4134 1644 eventuellen Herausgabe einer einneligen Luxus
2579 1555 4128 1683 auflage von 150-250 Exemplare &Weg ius Preie
2589 1600 4077 1747 gedenke ich vorlaufig keinen gebrauch zu ma
2591 1624 4146 1782 chen, damit wäre mir wenig gedient. Prinzipiell
2589 1685 4150 1836 möchte ich nur bemerken  ohne aus dieser mei
2589 1727 4201 1885 ner Ansicht irgend welche praktische Konsequen¬
2589 1780 4185 1954 zen ziehen zu wollen): es liegt zweifellos ei
2597 1842 4168 1982 ne Benachteiligung des Autors darin sowohl in
2603 1889 4158 2039 ideellen als im materiellen Sinn, dass der Ver
2611 1919 4199 2095 leger mit Berufung auf eine Ferce majaur jeder
2609 2004 4146 2142 zeit in der Lage ist die Vertragsbedingungen
2617 2069 4096 2200 zwischen sich und dem Autor zu andern, resp.
2623 2101 4106 2241 die Vertragspunkte überhaupt nicht zu erfül
2621 2146 4203 2304 len (einerseits durch Herabsetzung der Perzen-
2627 2196 4142 2350 te,andererseits durch Herabsetzung des Ver -
2635 2247 4154 2397 triebs, dass er, (immer unter der force majeur
2631 2298 4185 2465 falls der Autor beispielsweise auf die herab-
2651 2342 4251 2500 etzung der Perzents nicht eingehen will, dessen
2637 2395 4231 2554 Werke uberhaupt nicht neu druck###, dass es aber
2643 2453 4172 2599 dem Autor verwehrt sein soll seinerseits von
2639 2512 4130 2656 Fall zu Fall, insbesondere wenn der Verleger
2405 2504 2502 2587 l
2645 2573 4067 2706 sich zum Neudruck eines Werkes nicht ent¬
2451 2563 2550 2631 ver
2651 2595 4213 2761 schliessen kann, über dieses vollkommen frei
2651 2662 4203 2815 zu verfügen. Gewiss, die Verhältnisse sind un-
2651 2712 4211 2878 gewöhnlich, die Veleger haben es schwer und es
2656 2755 4150 2918 wäre ein keineswegs wünschenswerter Zustand
2658 2789 4229 2971 wenn ein verlag im Falle er ein Werk, auch ein
2668 2848 4286 3022 vielverlangtes, eine gewisse Zeit hindurch nicht
2668 2918 4181 3066 aufleget, gewissermassen automatisch sein
2678 2947 4257 3119 Recht darauf einbüsste. Aber schliesslich könn-
2676 3016 4245 3175 te auch einmal der Autor (das es nämlich auch
2682 3068 4132 3224 schwer hat) auf den Einfall kommen sich auf
2672 3115 4217 3266 ne Force majeur zu berufen und so glaube ich
