4428 4056
3592 840 4104 1019 Provincesse
2426 875 2869 1068 Fischer
3539 989 3902 1142 28.5.1920.
2797 1054 2952 1180 que les ames.
440 1107 2057 1337 ner ungarischen Uebersetzung der „Casanova“-No¬
1823 1217 1947 1274 G.H.F.P.
449 1254 2004 1433 velle Ihrer weiteren Behandlung. Als die rich-
2895 1258 3425 1423 Lieber Freund.
457 1352 2063 1584 tigen Bedingungen,wie überigens in allen Ueber-
465 1464 2090 1639 setzungsfällen,erschiene mir 10% vom Ladenpreis,
2811 1464 4073 1576 Ich erkläre mich gern einverstanden,
475 1533 2053 1737 zahlbar bei Erscheinen der betreffenden Aufla-
2573 1554 4077 1672 dass Sie über das Uebersetzungsrecht meiner
2573 1647 4053 1792 Werke „Masken und Wunder", „Doktor Gräsler“
479 1655 2035 1874 gen, entsprechende Garantiesumme bei Abschluss
2565 1782 4135 1888 und „Casanova“ in die ungarische Sprache ver-
487 1759 2055 1961 des Vertrages (hier also etwa 10.000 Krojen),
2773 1825 2885 1894 G.F.P.
2561 1857 4131 1998 handeln und eventuell abschliessen. Was „Bea-
485 1849 1982 2073 Erlöschen der Autorisation,wenn der Vertrag
2553 1953 4131 2082 te" anbelangt,so erinnere ich daran, dass eine
487 1951 2100 2177 nicht bis zu einem bestimmten Termin, hier also
2565 2057 4043 2181 ungarische Uebersetzung existiert (wie ich
487 2073 2041 2302 etwa 31. Dazember 1920, erfüllt ist. Mit Ihrem
502 2159 2100 2373 Provisionsauspruch erkläre ich mich gerne ein-
2557 2161 4181 2273 ihnen schon seinerzeit mitgeteilt habe), die von
518 2247 2106 2506 verstanden. War übrigens Herr Lasswitz vom un-
2548 2271 4190 2379 mir nicht autorisiert war und dass ich bei dem
1545 2373 1641 2471 e
2553 2347 4161 2489 betreffenden verlag.Vilagirodalon“ (Weltlite-
514 2398 1574 2571 garischen Athenaeum bei Ihnen?
2548 2469 4167 2577 ratur) meine Ansprüche angemeldet habe (Acker-
752 2508 2029 2709 Hat sich die spanische Angelegenheit
2544 2575 4128 2679 mann un Weiler, Vasvari-Pal-utca 8), bisher je-
530 2648 1633 2816 2 Komödie der Worte“ realisiert?
2548 2675 4061 2793 doch ohne direkte Antwort geblieben bin. Ich
793 2763 1523 2911 Mit herzlichem Gruss
2536 2793 4033 2887 teile ferner mit, dass der Verlag „Kazinsky“
2542 2877 4045 2991 Kölosönkönyvtar, Budapest VII. Dohany-Utoa 1
1054 2887 1160 2999 Ihr
2536 2977 4077 3095 sich wegen des Uebersetzungsrechtes von.Dok
2553 3085 4092 3233 tor Gräsler" (ebenso wie von -Frau Berta Gar¬
