4439 4056
1888 421 2032 520 man,
3208 718 3288 824 -n
3638 934 4015 1036 26.6.1922.
2319 818 2809 1061 Fischer
580 1001 1978 1124 12. Washington dürfte in der nächsten Zeit
272 1085 1879 1161 akut werden, da die Beträge unter 10,000 Daller,
276 1124 1916 1213 die dort für österreichische und Ich glaube auch
276 1195 1862 1269 für deutsche Staatsbürger erlegen, freigegeben
2485 1197 3023 1303 vLieber Freund.
272 1221 1918 1312 werden sollen. Haben Sie nun Ihre Ansprüche dort
280 1286 1883 1370 durch Bartsch oder durch Hirpatrik & Brandt an¬
229 1316 1961 1428 geme H et? Oder hielten Sie es vielleicht für rich-
2759 1305 4015 1422 Besten Dank für Ihre Aufklärungen in
227 1396 1830 1474 tiger, falls die se Freigabe sich vorläufig nur
2520 1381 4127 1487 Ihrem Brief vom 1. Juni d.J. Sie schlagen mir im
272 1437 1817 1523 auf österreichische Staatsbürger bezieht, dass
2526 1452 4047 1523 Interesse einer einheitlichen Behandlung der
289 1482 1879 1564 Schritte von mir persönlich unternommen werden.
2526 1502 4015 1579 Verrechnung vor, dass wir die Einzelaus gaben
2524 1551 4013 1635 nach Absatz verrechnen. Wir kehr en damit al
632 1558 1657 1661 Mit den verbindlichen Grüssen
2518 1607 3996 1685 lerdings auf eine Art von Urzustand zurück,
988 1638 1618 1741 Ihr sehr ergebener
2522 1635 4086 1735 aber ich erkläre mich natürlich einverstanden
2531 1672 4134 1791 da es mir nur wenig auf einen bestimmten Term'n
2524 1758 4106 1838 in der Bezahlung und viel mehr auf das Vorhan-
2526 1793 4104 1886 densein meiner Bücher ankommt. Hugo Heller hat
1269 1812 1968 1937 Hamburg endlich ihre
2531 1860 4106 1950 mir von seiner Korrespondenz mit Ihnen Mittei-
718 1823 1061 1916 Kammerspi.
391 1840 485 1920 Ha
401 1890 1301 1998 „Reigen -Schuld beglichen?
2531 1914 4052 1994 lung gemacht, das rein Geschäftliche entzieht
2531 1961 4052 2056 sich meiner Beurteilung. Darüber scheint aber
2565 2000 4084 2086 leider kein Zweifel obwalten zu können.dass
2533 2058 4086 2149 Ihr Sortimenter immer nur einen geringen Teil
2535 2132 4112 2194 der von den Buchhandlungen verlangten Bücher,
2535 2170 4088 2248 sogar der ihm zur Verfügung stehenden,auslie-
2533 2218 4121 2296 fert, was doch eine recht erhebliche, vor allem
2539 2270 4112 2354 ideelle Schädigung der davon betroffenen Auto-
2535 2309 4112 2395 ren zur Folge hat. Sie verzeihen, dass ich wie-
2535 2371 4099 2444 der einmal davon spreche, ich aber muss es im
2533 2416 4054 2501 mer wieder hörnnicht nur von Heller, sondern
2533 2438 4101 2554 auch aus ganz naiven Publikumskreisen, dass Bü-
2535 2507 4024 2617 cher von mir, vielverlangte Bücher,so schwer
2537 2570 3996 2660 oder gar nicht zu beschaffen seien. Es war
2550 2604 4022 2697 jetzt z.B. wieder in wien mit dem „Medardus
2546 2654 4099 2746 der Fall ich höre das Gleiche immer wieder in
2533 2727 4009 2809 Berlin und in München, überall ganz spontan,
2535 2751 4099 2865 keineswegs vielleicht, dass ich „Erkundigungen
2539 2828 4093 2910 einzöge. Und ich glaube wohl, dass dieser Um -
2535 2852 4123 2964 stand auf den zurückgehenden Eheatz meiner Bu¬
326 2822 1519 2943 Herrn Leo Greiner,S.Fischer,Verlag.
287 2908 546 3001 Berlin.
2535 2908 4121 3012 cher einen beträchtlich ungünstigeren Einfluss
2535 2973 4117 3066 ausübt, als wie sie mir neulich in einem Briefe
2539 3021 4125 3111 andeuten liessen, die.Reigen - Aufführungen, die
2535 3079 4052 3167 aller menschlichen Berechnung nach doch eher
2533 3096 4158 3223 günstig auf den Verkauf meiner Bücher einwirken
