8785 3994
316 1134 1230 1280 wieder beigeben zu wollen.
466 1222 1896 1352 4) Ich erbitte freundliche Zusendung von
366 1314 1906 1460 (alles womöglich gebunden): 3 Exemplare „Gräs-
346 1426 1902 1584 1er",2 Exemplare „Einsamer Weg“, 2 Exemplare
348 1558 1782 1650 „Medardus“,3 Exemplare „Bertha Garlan”, 2
354 1624 1774 1764 Exemplare "Beate" und 2 Exemplare „Masken
366 1752 768 1878 und Wunder“.
520 1822 1822 1968 5) Senden sie gefälligst an Herrn Hof-
346 1926 1806 2066 burgschauspieler Schott,Hermsdorf bei Ber-
348 2038 1822 2170 lin,pr.Adr.Justizrat Wagner 1 Exemplar „Ka-
352 2146 1354 2264 kadu" und 1 Exemplar „Beate“.
526 2234 1792 2350 Die besonders wichtige Korrektur, die
366 2346 1828 2466 ich in „Bertha Garlan" schon öfters vorzu¬
360 2438 1746 2588 nehmen bat, und die ist ganz xxxbesonders
348 2524 1928 2668 für Ges. Werke zu berücksichtigen ist, ist auf
360 2632 1350 2780 beiliegendem Zettel notiert.
3324 924 3734 1126 12.8.1918.
2184 886 2612 1156 Fischer
3362 1080 3876 1202 Jahrboaad 2o8
2716 1234 3242 1432 Lieber Freund.
2580 1402 3864 1610 Bitte lassen Sie neuerdings an meine
2306 1556 3930 1728 Frau, Partenkirchen, Haus Tannenberg, fünfhundert
2312 1664 2760 1804 Mark senden.
2614 1724 3918 1918 Auch ich dürfte in 8-10 Tagen dorthin
2318 1864 3956 2008 abreisen und erbitte freundliche Verständigung,
2312 1968 3924 2136 für wann ich Korrekturen der „Schwestern“ xxx
2312 2072 3870 2246 zu erwarten habe, ich würde sie mir eventuell
2318 2176 3368 2298 schon nach P. schicken lassen.
2614 2242 4000 2442 Und wann erhalte ich die Korrekturbogen
2324 2366 3954 2534 von „Casanovas Heimfahrt“,Buchausgabe? Von der
2318 2482 3966 2656 Wiener Angelegenheit höre ich gar nichts und so
2318 2578 3830 2738 nehme ich an. damit das Erscheinen des Buchs
2306 2716 3826 2848 doch nicht unerwünscht lang hinausgeschoben
2330 2792 3992 2954 würde, dass Sie es in Deutschland drucken lessen.
2628 2904 3948 3030 Ich erlaube mir auch die Anfrage, wann
2366 2986 3980 3152 idlich Neuauflagen vom „Weg ins Freie" heraus-
2388 3120 3872 3260 umen werden. Sie wissen, dass mir an diesem
4650 1136 6212 1300 Buch besonders viel liegt,es ist nun bald ein
4676 1264 6180 1402 Jahr vergriffen. Sie werden sagen, dass auch
4682 1348 6200 1516 andere Bücher vergriffen sind. Gewiss, lieber
4694 1452 6210 1606 Freund. Aber kaum noch bei einem anderen Au¬
4694 1560 6110 1726 tor ein so ungeheuerliches Missverhältnis
4686 1682 6264 1804 zwischen Vergriffensein und Nachfrage. Es be¬
4680 1760 6266 1902 darf gewiss nicht der beigeschlossen Notiz,um
4694 1862 6234 2062 Sie von der Richtigkeit meiner Behauptung zu
4706 1966 5102 2132 überzeugen.
4878 2030 6088 2212 Mathilde Boer, Odessa, die „Casanovas
4712 2170 6272 2324 Heimfahrt" übersetzen möchte,bitte ich die Ih-
4698 2276 6254 2428 nen richtig erscheinenden. zeitgemässen Bedin-
4706 2370 6126 2508 gungen zu stellen. Eine Erzählung von der
4706 2470 6266 2612 Länge des „Mörders" wurde mir in Friedenszei¬
4712 2576 6152 2740 ten von einer russischen Zeitung mit etwas
4710 2686 5684 2822 über tausend Kronen bezahlt.
4908 2802 6240 2924 Ich hoffe, Sie haben in Travemünde gute
4712 2874 6132 3022 Tage gehabt. Ich habe bis jetzt Wien nicht
4718 3000 6278 3094 verlassen. Schön sieht es ja in der Welt nicht
4710 3076 6072 3172 aus.- Seien Sie herzlichst gegrüsst von
5396 3122 5602 3252 Ihrem
6536 916 6992 1078 Tuscher
7658 1030 8054 1120 21.8.1918.
7166 1280 7674 1430 Lieber Freund.
7058 1374 8402 1528 Es freut mich aus Ihrem Brief zu ent###
6710 1496 8402 1636 nehmen, dass die Wiener Sache nun endlich in Gang
6752 1602 8396 1754 zu kommen scheint, dass meine Hovelle im Oktober
6760 1702 8356 1848 herauskommen soll und wie ich nun wohl hoffen
6760 1810 8440 1948 darf auch die Gesammelten Werke nicht mehr lange
6772 1920 8422 2062 auf sich warten lassen werden. Zu Ihren Mittei-
6772 2010 8444 2156 lungen über die beabsichtigte Honorierung meiner
6770 2112 8422 2278 Novelle erlauben sie mir eine Bemerkung. -In dem
6760 2224 8420 2360 Zirkular. durch welches Ihre autoren um das Ein-
6782 2352 8408 2450 verständnis ersucht wurden damit, dass die Auf-
6778 2424 8458 2580 schlagpreise neuaufgelegter älterer Bücher nicht
6772 2524 8330 2660 mit 25, sondern nur mit 10% honoriert würden,
6788 2628 8368 2782 stand ausdrücklich versichert, dass die Neuer-
6772 2724 8324 2874 scheinenden Bücher selbstverständlich streng
6788 2832 8456 2984 nach dem alten Honorarsatz behandelt würden wür-
6782 2936 8352 3104 den. Daraufhin hatte ich mein Einverständnis
6778 3074 8406 3206 me Ihren Vorschlägen durch meine Unterschrift
