4417 4039
1204 486 1365 587 " "
3850 824 4207 963 Andr.
2344 928 2809 1041 Tischez
3805 963 4236 1111 Ges. Boclol
3438 1037 3797 1130 23.2.1921.
2447 1193 2943 1286 Lieber Freund.
653 1218 1950 1344 Kopenick scheint mir nicht der richti¬
1099 1274 1919 1375 men. Einen Drektor Karl
2696 1294 4009 1377 Ich hatte allerdings die Angelegenhe it
392 1303 1105 1385 ge Boden für den „Rei
392 1319 1991 1426 Iwan kenne ich nicht. Ich für meinen Teil halte
2484 1323 4133 1418 Robert-Rotter anders aufgefasst, als sie sich in
390 1385 1855 1480 solche Tourneen für eine höchst problemati¬
2490 1398 4083 1470 Ihrem heutigen Briefe darstellt. Die Sache ist
390 1424 1927 1527 sche Angelegenheit und würde raten nur in sol
2490 1451 4139 1519 nun in einer mir erwünschteren Weise aufgeklärt.
402 1466 1991 1583 chen Fällen darauf einzugehen ;wo die betreffen¬
2498 1505 4145 1567 Von Rotters habe ich nochkeine direkte Nachricht.
396 1529 1886 1637 den Unternehmer, vorausgesetzt, dass sie sonst
2484 1556 4112 1639 Holländer wäre ja vielleicht der günstigste An-
406 1573 1940 1682 verlasslich sind, auch irgend ein anders Stück
2496 1610 4077 1674 trag, aber das Verhalten des Deutschen Theaters
402 1618 1966 1731 von mir zur Auffuhrun: brächten. Wurz,eher hein
2498 1649 4042 1729 in der „Schwestern" - Angelegenheit dürfte mih
2496 1698 4149 1783 veranlassen nicht darauf einzugehen. Die „Schwes
394 1723 649 1793 als ja,
2496 1756 3980 1828 tern“-Aufführung wurde und wird immer unter
633 1766 1835 1876 Eisenschütz. Schweiz, Reigen, war eine
2496 1806 4050 1880 wenig stichhältigen vorwänden hinausgeschoben
406 1802 2006 1938 Auflage seinerseits,die ich ganz dillatorisch
752 1861 938 1905 G.C.H.F.P.S
2492 1863 4052 1940 und ich zweifle,dass wir noch zu einer Eini-
2284 1882 2387 1940 le présent.
406 1892 1971 1979 und ohne jeden witweis auf Ihren Verlag behan¬
2498 1880 4096 1999 gung gelangen werden. Wenn irgend eine der Büh-
2498 1960 4021 2041 nen, die das Aufführungsrecht der „Schwestern
406 1975 744 2043 delt habe.
2496 2001 4073 2076 schon erworben haben, sich dieser Verpflichtung
752 2020 1971 2121 is Adresse van Paole Giordani:Präsi-
2496 2063 4149 2133 entziehen wollen, so bitte ihnen keinerlei Schwie
1645 2078 1979 2152 o dramati
1521 2090 1610 2133 8.
2276 2043 2358 2150 G.C.F.P.
732 2094 1614 2181 Tocieta italiana del theat.
2498 2119 4003 2181 rigkeiten zu machen, denn es ist begreiflich,
412 2109 693 2199 dent der
2269 2140 2370 2181 septembre
746 2152 1439 2234 in XX. Setterbre 11.
2492 2150 4054 2241 dass sie einem solchen Fall einen eventullen
412 2166 684 2249 co, Rom
2496 2214 4021 2284 Berliner Erfolg abzuwarten wünschen. Anderer
726 2216 1995 2327 Wieso kommt 3, dass der Laidische "Ca¬
2500 2259 3984 2340 seits ist nun keine Bühne mehr verpflichtet
2276 2286 2362 2354 G.H.F.P.
693 2290 1779 2379 noch immer nicht erschienen ist?
2498 2317 4073 2383 die Berliner Aufführung als solche abzuwarten.
412 2323 602 2395 Sanow
2498 2375 4085 2451 Mit Versstücken ist es ja nie eine leichte Sa-
412 2385 571 2430 G.C.F.P.
2271 2348 2360 2459 G.C.F.P.
765 2377 1855 2473 Schon vor einigen Wochen schrieb
427 2438 1915 2537 ich Ihnen, wegen Freiexemplare iniger meiner
2496 2436 2643 2521 che.
2317 2451 2420 2513 G.C.P.
425 2490 2016 2593 Bücher. Ich lege heute eine Liste bei und bitte
2282 2500 2383 2566 G.C.F.P.
2698 2473 4131 2589 Ich nehme gern zur Kenntnis, dass die spa-
425 2535 2026 2640 wenn möglich alles gebunden an mich zu seu -
2496 2558 4135 2653 nische Zahlung für „Grüner Kakadu" und „AnatoI!
2274 2597 2360 2667 G.C.F.P.
2494 2622 4050 2696 bei Ihnen eingetroffen. Vielleicht wollen Sie.
425 2636 567 2702 den.
2292 2659 2370 2717 G.F.P.
2494 2667 4102 2752 schon diese,wie wir neulich besprochen, auf dem
686 2694 1305 2795 Herzlich grüssend
2498 2727 4026 2799 Scheckwege an mich weiterleiten. Nun habe ich
1008 2770 1125 2828 Ihr
2498 2779 4001 2853 einen Antrag wegen der Aufführungsrechte in
2504 2805 4106 2898 spanien für „Anatol erhalten. Man trägt mir an
2496 2869 4127 2954 500 Pesos canantiesumme und Teilung der Tantie-
2504 2927 4139 3016 men, sowie Verrechnung durch die spanische Auto¬
2498 2985 4122 3055 rengsells. oft. Erzielen Sie höhre oder auch nur
2504 3034 4032 3102 dieselben Bedingungen, so überlasse ich gerne
2511 3063 4102 3164 Ihnen den Abschluss und alles, was damit zusam-
2492 3143 3997 3232 menhängt. Doch müsste die Angelegenheit bis
