4449 4057
2359 851 2774 990 Pecher
3561 916 3926 1011 26.5.1922.
2498 1107 3312 1204 Verehrter Herr Greiner.
2782 1254 4169 1358 Im Sinne unserer Unterredung erkläre ich
3903 1335 4024 1399 Prik
2510 1323 3862 1412 mich einverstanden, dass die Herren Kirch
2510 1379 4150 1474 & Brandt als die Vertreter des Verlags F.Fischer
2514 1443 4096 1520 auch den Vertrieb meiner Werke unter folgenden
2514 1491 3440 1582 Voraussetzungen übernehmen:
2849 1568 4088 1659 4. Dass kein Abschluss ohne vorherige
2514 1640 4103 1727 Anfrage bei mir resp. ohne meine ausdrückliche
2510 1703 3997 1757 Genehmigung erfolgt. Hingegen übernehme ich
2508 1740 4096 1815 die Verflichtung,dass ich Ihnen nicht nur von
2510 1777 4177 1871 Abschlüssen, die ich in Amerika mache, sondern auch
2521 1842 4099 1921 von Verhandlungen ernsthafter Art, die ich dort
2508 1896 4018 1964 führe, unverzüglich Mitteilungerstatte., resp.
2510 1939 4067 2018 Ihnen, wenn es mir opportun erscheint, an mich
2516 1981 4146 2095 gelangte Anträge zu weiterer Behandlung überwei-
2514 2055 2629 2132 se.
2824 2139 4177 2232 Diese Abmachung ist vorläufig giltig bis
2504 2188 3069 2288 zum 31. Mai 1923
2824 2271 4206 2386 Lauf ende Angelegenheiten fallen nicht um
2498 2319 3295 2446 ter diese Vereinbarung.
2853 2423 4111 2512 Ueber den bisherigen Stand meiner An-
2570 2514 4138 2595 legenheit in Amerika gibt die Ihnen vorliegen
2494 2556 3202 2649 de Liste Aufschluss.
2849 2631 4126 2722 In diesem Moment bin ich nur über die
2504 2707 4142 2780 Buchau gabe „Doktor Gräesler (Recht zum Zeitung
2496 2753 4053 2859 abdruck ist bereits verkaft) in Verhandlung.
2830 2849 3932 2936 Mit den verbindlichsten Grüssen
3019 2917 3646 3006 Ihr sehr ergebener
2508 3089 3704 3200 Herrn Leo Greiner, Verlag S.Fischer,
2500 3175 2851 3299 Berlin.
