4417 3992
422 1062 1950 1200 wenn es später aus Pepertoiregründen mit dem
426 1188 2009 1314 Stück irgend eines anderen Autors zusammen ge¬
422 1308 1875 1420 geben werden müsste, 5^ Tantiemen zu zahlen
433 1424 644 1548 hätie.
796 1509 1162 1633 Herzlichst
1034 1619 1160 1734 Ihr
3511 904 3877 1042 24.1.1919.
2583 888 2825 1068 her
2890 1206 3396 1338 Lieber Freund.
2874 1363 3918 1515 Die Bühnenvertriebssumme bitte
2547 1478 4042 1594 freundlichst an mein Konto in der Bodenkre-
2545 1572 3420 1674 ditanstalt leiten wollen.
2886 1631 4070 1781 Bei flüchtiger Durchsicht der Ver-
2529 1791 4086 1905 rechnung fällt mir auf, dass Prag für „Anatol“
2535 1862 4070 1978 nur 5 Z zahlt. Wie ist denn das möglich? Un-
2539 2005 4025 2126 ser Vertrag lautet doch jedesfalls auf 10amb.
2533 2065 4068 2177 und die durch die Xnfang Verhältnisse zu Be¬
2535 2220 4070 2327 ginn des Kriegs verschuldeten Herabsatzungen
2539 2267 4070 2415 lassen wir uns doch schon längere Zeit nicht
2528 2388 4035 2470 mehr gefallen. Haben sie doch die füte Ihre
2528 2470 4054 2600 Prager verträge, auch die jenigen, die sich auf
2531 2567 4074 2715 stücke anderer Autoren beziehen.nachsehen zu
2529 2715 4029 2813 lassen und dringen sie bitte auf schleunige
2526 2778 4100 2886 und endgiltige Ordnung dieser leidigen Prager
2535 2910 3020 3032 Angelegenheit.
2933 2971 3611 3113 Herzlichst grüssend
