4443 3993
582 1115 1848 1286 Weiteres direkt an mich zu schicken.
815 1213 2108 1395 Zugleich bitte ich die im Juli fällig
593 1368 2137 1467 werdende Bühnesvertriebssumme für das 2.Quar¬
593 1435 2103 1575 tal an mein ronto, Berlin,Deutsche Bank, Depo¬
587 1567 2078 1674 sitenkasse P.Potsdamerstrass 96, überxxxx
587 1653 1217 1816 erlegen zu wollen.
945 1798 1525 1959 Hocha chtungsvoll
3476 924 3855 1064 18.7.1919.
2799 1156 3038 1297 An den
2927 1328 3482 1452 Theatervertrieb
3065 1425 3430 1554 S.Fischer,
3639 1425 3924 1592 Berlin.
2803 1622 4092 1745 1. Wenn mir recht ist, hat das Kleine
2560 1714 4119 1848 Theater in Berlin nicht das alleinige Auffüh-
2566 1829 4175 1967 rungsrecht für „Liebelei“ (warum dieses Theater
2566 1934 4089 2061 nur 7% zahlt, bleibt mir ein pätsel). Es liegt
2476 2036 4161 2173 mir ein Antrag eines grossen Berliner Theaters
2560 2139 3957 2258 vor und ich wünsche über „Liebelei“ frei
2558 2237 4064 2361 verfügen zu können. Bitte die hiefür nötigen
2858 2330 3396 2411 wenn solche nötig.
2564 2336 4060 2451 Schritte freundlichst unternehmen zu wollen.
2824 2436 4060 2592 2. Ausser „Reigen“ ist innbesondere
2608 2554 4152 2703 „Der grüne Kakadu“ im Laufe der letzten Jahre
2610 2636 4133 2772 n Pussland viel aufgeführt worden. Falls Sie
2596 2749 4175 2864 Iso keine Verbindung zu Ihrem Vertreter zu er-
2627 2845 4138 3006 lten vermögen, möchte ich mich doch an einen
2638 2943 4031 3067 deren Vermittler wenden, der sich mir zur
2661 3048 4066 3163 fügung gestellt hat. Die Chaneen scheinen
