<?xml version="1.0" encoding="UTF-8" standalone="yes"?>
<PcGts xmlns="http://schema.primaresearch.org/PAGE/gts/pagecontent/2013-07-15" xmlns:xsi="http://www.w3.org/2001/XMLSchema-instance" xsi:schemaLocation="http://schema.primaresearch.org/PAGE/gts/pagecontent/2013-07-15 http://schema.primaresearch.org/PAGE/gts/pagecontent/2013-07-15/pagecontent.xsd">
    <Metadata>
        <Creator>prov=READ-COOP:name=TrHtr:version=2.1.0:model_id=51170:date=27_07_2023_22:01</Creator>
        <Created>2023-05-02T07:57:08.161+02:00</Created>
        <LastChange>2023-07-27T22:01:21.850+02:00</LastChange>
        <TranskribusMetadata docId="1416739" pageId="54952206" pageNr="5" tsid="131304092" status="IN_PROGRESS" userId="64420" imgUrl="https://files.transkribus.eu/Get?id=FTIQMMBKNMVVKTEJXFMXGCNA&amp;fileType=view" xmlUrl="https://files.transkribus.eu/Get?id=SQIHCVAHLROYWPQWEDDRRXYT" imageId="44455932"/>
    </Metadata>
    <Page imageFilename="1416739_0005.jpg" imageWidth="2386" imageHeight="3961">
        <ReadingOrder>
            <OrderedGroup id="ro_1711827864150" caption="Regions reading order">
                <RegionRefIndexed index="0" regionRef="tr_2"/>
                <RegionRefIndexed index="1" regionRef="tr_1"/>
            </OrderedGroup>
        </ReadingOrder>
        <TextRegion id="tr_2" custom="readingOrder {index:0;}">
            <Coords points="358,872 2152,872 2152,1923 358,1923"/>
            <TextLine id="tr_2_tl_1" custom="readingOrder {index:0;}">
                <Coords points="1445,948 1483,963 1520,956 1582,984 1599,969 1649,980 1698,965 1818,971 1820,851 1775,855 1758,842 1728,857 1700,849 1567,868 1546,847 1528,857 1498,840 1447,864"/>
                <Baseline points="1456,928 1465,928 1510,928 1555,928 1599,925 1644,925 1689,925 1734,922 1779,922 1823,922"/>
                <TextEquiv>
                    <Unicode>20.1.1916.</Unicode>
                </TextEquiv>
            </TextLine>
            <TextLine id="tr_2_tl_2" custom="readingOrder {index:1;}">
                <Coords points="345,965 386,978 429,958 519,969 555,939 615,960 761,941 763,823 647,808 626,819 525,785 347,802"/>
                <Baseline points="358,940 402,940 447,943 492,943 537,940 582,940 626,940 671,940 716,940 761,940 764,940"/>
                <TextEquiv>
                    <Unicode>Fischer</Unicode>
                </TextEquiv>
            </TextLine>
            <TextLine id="tr_2_tl_3" custom="readingOrder {index:2;}">
                <Coords points="898,1224 999,1224 1046,1243 1149,1200 1194,1235 1323,1224 1368,1200 1421,1211 1421,1128 1387,1136 1363,1115 1336,1138 1293,1140 1265,1123 1203,1140 1177,1123 1130,1136 1106,1121 1085,1136 1040,1119 1012,1136 898,1121"/>
                <Baseline points="910,1190 955,1190 999,1188 1044,1188 1089,1188 1134,1188 1179,1188 1223,1188 1268,1188 1313,1188 1358,1188 1402,1190 1426,1190"/>
                <TextEquiv>
                    <Unicode>Lieber Freund.</Unicode>
                </TextEquiv>
            </TextLine>
            <TextLine id="tr_2_tl_4" custom="readingOrder {index:3;}">
                <Coords points="800,1314 1443,1291 1589,1327 2131,1282 2133,1220 802,1237"/>
                <Baseline points="814,1295 838,1292 883,1292 928,1292 973,1292 1017,1292 1062,1292 1107,1292 1152,1292 1196,1292 1241,1289 1286,1289 1331,1286 1376,1286 1420,1286 1465,1283 1510,1283 1555,1286 1599,1283 1644,1283 1689,1280 1734,1280 1779,1280 1823,1277 1868,1277 1913,1274 1958,1271 2002,1271 2047,1268 2092,1268 2137,1265"/>
                <TextEquiv>
                    <Unicode>Die Oldenburgische Ablehnung nehme ich</Unicode>
                </TextEquiv>
            </TextLine>
            <TextLine id="tr_2_tl_5" custom="readingOrder {index:4;}">
                <Coords points="427,1430 1893,1423 2146,1381 2148,1301 1653,1312 1528,1363 1385,1318 427,1333"/>
                <Baseline points="438,1405 450,1402 495,1402 540,1402 585,1402 629,1399 674,1399 719,1399 764,1399 808,1396 853,1393 898,1393 943,1393 988,1393 1032,1393 1077,1393 1122,1393 1167,1393 1211,1390 1256,1390 1301,1390 1346,1390 1390,1387 1435,1385 1480,1385 1525,1385 1570,1382 1614,1379 1659,1382 1704,1379 1749,1379 1793,1376 1838,1376 1883,1376 1928,1373 1973,1373 2017,1370 2062,1370 2107,1370 2152,1367"/>
                <TextEquiv>
                    <Unicode>dankend zur Kenntnis. Es bleibt selbstverständlich</Unicode>
                </TextEquiv>
            </TextLine>
            <TextLine id="tr_2_tl_6" custom="readingOrder {index:5;}">
                <Coords points="452,1513 2097,1507 2099,1423 452,1462"/>
                <Baseline points="465,1507 489,1504 534,1507 579,1504 623,1504 668,1501 713,1501 758,1501 802,1501 847,1498 892,1498 937,1498 982,1498 1026,1495 1071,1495 1116,1495 1161,1492 1205,1495 1250,1495 1295,1492 1340,1492 1385,1489 1429,1489 1474,1489 1519,1486 1564,1483 1608,1483 1653,1483 1698,1480 1743,1480 1787,1480 1832,1477 1877,1477 1922,1474 1967,1474 2011,1471 2056,1471 2101,1471"/>
                <TextEquiv>
                    <Unicode>dabei, dass die „K.d.W.“ nur zu den üblichen, das</Unicode>
                </TextEquiv>
            </TextLine>
            <TextLine id="tr_2_tl_7" custom="readingOrder {index:6;}">
                <Coords points="467,1642 2082,1595 2142,1584 2144,1520 469,1535"/>
                <Baseline points="480,1608 492,1605 537,1605 582,1605 626,1605 671,1605 716,1605 761,1605 805,1602 850,1602 895,1599 940,1599 985,1596 1029,1596 1074,1596 1119,1596 1164,1593 1208,1593 1253,1593 1298,1590 1343,1590 1387,1590 1432,1587 1477,1587 1522,1587 1567,1587 1611,1584 1656,1584 1701,1582 1746,1582 1790,1582 1835,1579 1880,1579 1925,1579 1970,1579 2014,1573 2059,1573 2104,1573 2149,1570"/>
                <TextEquiv>
                    <Unicode>ist also zu 10% den Bühnen überlassen werden, dass</Unicode>
                </TextEquiv>
            </TextLine>
            <TextLine id="tr_2_tl_8" custom="readingOrder {index:7;}">
                <Coords points="463,1734 2146,1685 2133,1623 465,1651"/>
                <Baseline points="474,1710 492,1710 537,1707 582,1707 626,1707 671,1707 716,1704 761,1704 805,1704 850,1704 895,1704 940,1701 985,1701 1029,1698 1074,1698 1119,1698 1164,1698 1208,1698 1253,1695 1298,1695 1343,1692 1387,1692 1432,1692 1477,1692 1522,1689 1567,1689 1611,1686 1656,1686 1701,1683 1746,1683 1790,1683 1835,1680 1880,1680 1925,1680 1970,1677 2014,1677 2059,1674 2104,1674 2149,1668"/>
                <TextEquiv>
                    <Unicode>aber von Fall zu Fall nach Ihrem Ermessen auf ei-</Unicode>
                </TextEquiv>
            </TextLine>
            <TextLine id="tr_2_tl_9" custom="readingOrder {index:8;}">
                <Coords points="467,1820 1331,1831 1498,1790 2047,1835 2069,1736 469,1762"/>
                <Baseline points="480,1811 507,1811 552,1811 596,1808 641,1808 686,1808 731,1805 776,1805 820,1805 865,1802 910,1799 955,1802 999,1802 1044,1799 1089,1799 1134,1799 1179,1796 1223,1796 1268,1796 1313,1796 1358,1793 1402,1793 1447,1793 1492,1790 1537,1790 1582,1790 1626,1787 1671,1787 1716,1787 1761,1784 1805,1784 1850,1784 1895,1782 1940,1782 1984,1782 2029,1782 2074,1779"/>
                <TextEquiv>
                    <Unicode>ne Garantie verzichtet werden darf. So gern ich</Unicode>
                </TextEquiv>
            </TextLine>
            <TextLine id="tr_2_tl_10" custom="readingOrder {index:9;}">
                <Coords points="467,1917 2009,1921 2011,1816 973,1874 469,1852"/>
                <Baseline points="480,1913 492,1913 537,1913 582,1913 626,1910 671,1910 716,1907 761,1907 805,1907 850,1907 895,1904 940,1904 985,1904 1029,1904 1074,1901 1119,1901 1164,1901 1208,1901 1253,1898 1298,1898 1343,1898 1387,1895 1432,1895 1477,1895 1522,1895 1567,1892 1611,1892 1656,1889 1701,1889 1746,1889 1790,1886 1835,1883 1880,1883 1925,1880 1970,1880 2014,1886"/>
                <TextEquiv>
                    <Unicode>nach wie vor bereit bin auf Tantiemenanteile</Unicode>
                </TextEquiv>
            </TextLine>
        </TextRegion>
        <TextRegion id="tr_1" custom="readingOrder {index:1;}">
            <Coords points="471,1931 2181,1931 2181,2833 471,2833"/>
            <TextLine id="tr_1_tl_1" custom="readingOrder {index:0;}">
                <Coords points="465,2039 2092,2022 2094,1923 467,1964"/>
                <Baseline points="477,2014 486,2014 531,2014 576,2014 620,2014 665,2014 710,2011 755,2011 799,2011 844,2008 889,2008 934,2008 979,2008 1023,2005 1068,2005 1113,2002 1158,2002 1202,2002 1247,2002 1292,2002 1337,1999 1382,1999 1426,1999 1471,1996 1516,1996 1561,1993 1605,1993 1650,1993 1695,1993 1740,1990 1784,1987 1829,1987 1874,1987 1919,1984 1964,1984 2008,1984 2053,1984 2098,1981"/>
                <TextEquiv>
                    <Unicode>zu nachweislich wohltätigen Zwecken zu verzich¬</Unicode>
                </TextEquiv>
            </TextLine>
            <TextLine id="tr_1_tl_2" custom="readingOrder {index:1;}">
                <Coords points="465,2144 2079,2116 2109,2049 467,2054"/>
                <Baseline points="477,2116 501,2116 546,2116 591,2116 635,2116 680,2116 725,2113 770,2113 814,2113 859,2110 904,2110 949,2110 993,2110 1038,2110 1083,2107 1128,2107 1173,2104 1217,2101 1262,2101 1307,2101 1352,2101 1396,2101 1441,2098 1486,2098 1531,2098 1576,2095 1620,2095 1665,2092 1710,2092 1755,2092 1799,2092 1844,2092 1889,2092 1934,2089 1979,2089 2023,2086 2068,2086 2113,2089"/>
                <TextEquiv>
                    <Unicode>ten, ebenso konsequent lehne ich es ab den Krieg</Unicode>
                </TextEquiv>
            </TextLine>
            <TextLine id="tr_1_tl_3" custom="readingOrder {index:2;}">
                <Coords points="2043,2150 2056,2150 2060,2144 2075,2144 2084,2152 2103,2148 2109,2154 2116,2154 2124,2146 2148,2146 2144,2105 2131,2107 2124,2103 2120,2107 2116,2105 2112,2112 2092,2109 2090,2114 2079,2114 2075,2109 2071,2112 2060,2105 2039,2105"/>
                <Baseline points="2053,2131 2098,2131 2143,2137 2152,2137"/>
                <TextEquiv>
                    <Unicode>G.C.H.P</Unicode>
                </TextEquiv>
            </TextLine>
            <TextLine id="tr_1_tl_4" custom="readingOrder {index:3;}">
                <Coords points="459,2251 892,2212 1904,2249 2142,2202 2120,2148 1979,2139 461,2157"/>
                <Baseline points="471,2220 489,2220 534,2220 579,2220 623,2220 668,2217 713,2217 758,2214 802,2214 847,2211 892,2211 937,2211 982,2211 1026,2211 1071,2208 1116,2208 1161,2208 1205,2205 1250,2205 1295,2208 1340,2208 1385,2205 1429,2205 1474,2202 1519,2202 1564,2202 1608,2199 1653,2199 1698,2196 1743,2196 1787,2193 1832,2193 1877,2193 1922,2193 1967,2190 2011,2190 2056,2190 2101,2187 2146,2187"/>
                <TextEquiv>
                    <Unicode>als Ausrede für knickerige Hoftheaterdirektionen</Unicode>
                </TextEquiv>
            </TextLine>
            <TextLine id="tr_1_tl_5" custom="readingOrder {index:4;}">
                <Coords points="463,2367 2161,2315 2178,2247 963,2242 712,2292 465,2249"/>
                <Baseline points="474,2334 480,2331 525,2325 570,2325 614,2322 659,2322 704,2319 749,2319 793,2316 838,2316 883,2316 928,2313 973,2313 1017,2313 1062,2310 1107,2310 1152,2310 1196,2310 1241,2307 1286,2310 1331,2307 1376,2307 1420,2307 1465,2307 1510,2304 1555,2304 1599,2304 1644,2301 1689,2301 1734,2301 1779,2301 1823,2298 1868,2298 1913,2298 1958,2298 2002,2295 2047,2295 2092,2292 2137,2295 2181,2304"/>
                <TextEquiv>
                    <Unicode>gelten zu lassen. Diesen geht es nicht so schlecht</Unicode>
                </TextEquiv>
            </TextLine>
            <TextLine id="tr_1_tl_6" custom="readingOrder {index:5;}">
                <Coords points="463,2455 1160,2410 1612,2452 2015,2414 2049,2350 1597,2326 579,2395 465,2352"/>
                <Baseline points="474,2423 483,2426 528,2426 573,2426 617,2423 662,2423 707,2420 752,2420 796,2417 841,2417 886,2417 931,2417 976,2417 1020,2414 1065,2414 1110,2414 1155,2411 1199,2411 1244,2408 1289,2408 1334,2408 1379,2408 1423,2408 1468,2408 1513,2405 1558,2405 1602,2405 1647,2402 1692,2402 1737,2399 1782,2399 1826,2399 1871,2399 1916,2396 1961,2393 2005,2393 2050,2393"/>
                <TextEquiv>
                    <Unicode>dass sie auf kleine Geldgeschenke der Autoren</Unicode>
                </TextEquiv>
            </TextLine>
            <TextLine id="tr_1_tl_7" custom="readingOrder {index:6;}">
                <Coords points="457,2555 1342,2525 1651,2564 1762,2519 2015,2560 2017,2448 459,2463"/>
                <Baseline points="471,2528 498,2528 543,2528 588,2525 632,2525 677,2525 722,2525 767,2522 811,2522 856,2519 901,2519 946,2519 990,2519 1035,2519 1080,2516 1125,2516 1170,2513 1214,2513 1259,2513 1304,2513 1349,2513 1393,2513 1438,2510 1483,2510 1528,2507 1573,2507 1617,2507 1662,2504 1707,2504 1752,2504 1796,2504 1841,2504 1886,2501 1931,2501 1976,2498 2020,2501"/>
                <TextEquiv>
                    <Unicode>angewiesen sind und wenn ich was herschenken</Unicode>
                </TextEquiv>
            </TextLine>
            <TextLine id="tr_1_tl_8" custom="readingOrder {index:7;}">
                <Coords points="459,2635 590,2673 652,2633 885,2667 1276,2620 2037,2628 2037,2575 1959,2540 1578,2579 1370,2540 459,2555"/>
                <Baseline points="471,2632 474,2632 519,2629 564,2629 608,2629 653,2626 698,2626 743,2623 788,2623 832,2623 877,2623 922,2623 967,2623 1011,2620 1056,2620 1101,2620 1146,2617 1190,2617 1235,2617 1280,2617 1325,2617 1370,2617 1414,2614 1459,2611 1504,2611 1549,2608 1593,2608 1638,2608 1683,2608 1728,2611 1773,2608 1817,2608 1862,2605 1907,2605 1952,2605 1996,2605 2041,2602"/>
                <TextEquiv>
                    <Unicode>kann oder will, so weiss ich mir würdigere Em-</Unicode>
                </TextEquiv>
            </TextLine>
            <TextLine id="tr_1_tl_9" custom="readingOrder {index:8;}">
                <Coords points="457,2778 484,2765 504,2780 536,2753 577,2759 594,2772 673,2742 697,2744 707,2757 735,2753 740,2663 703,2669 690,2660 671,2675 641,2667 615,2678 607,2667 577,2671 540,2648 487,2678 461,2673"/>
                <Baseline points="471,2743 516,2740 561,2737 605,2737 650,2737 695,2731 740,2731"/>
                <TextEquiv>
                    <Unicode>pfänger</Unicode>
                </TextEquiv>
            </TextLine>
            <TextLine id="tr_1_tl_10" custom="readingOrder {index:9;}">
                <Coords points="729,2851 1046,2776 1134,2778 1192,2834 1291,2843 1342,2819 1396,2838 1398,2716 1325,2729 1243,2710 1162,2733 1102,2708 1068,2731 1010,2710 868,2731 806,2686 731,2701"/>
                <Baseline points="740,2775 776,2775 820,2775 865,2778 910,2778 955,2775 999,2775 1044,2775 1089,2772 1134,2775 1179,2772 1223,2772 1268,2770 1313,2767 1358,2767 1402,2764"/>
                <TextEquiv>
                    <Unicode>Herzlichst grüsend</Unicode>
                </TextEquiv>
            </TextLine>
            <TextLine id="tr_1_tl_11" custom="readingOrder {index:10;}">
                <Coords points="1031,2828 1070,2834 1085,2845 1100,2840 1110,2843 1115,2838 1143,2843 1143,2780 1119,2780 1113,2774 1100,2785 1080,2774 1074,2780 1046,2776 1031,2780"/>
                <Baseline points="1044,2823 1089,2820 1134,2820 1149,2823"/>
                <TextEquiv>
                    <Unicode>Ihr</Unicode>
                </TextEquiv>
            </TextLine>
        </TextRegion>
    </Page>
</PcGts>
