4789 3992
4013 804 4097 942 3
2993 934 3241 1046 ersucht
2499 938 4162 1160 flussten Schreiben sein Theater, sowohl hinsicht
289 1046 1969 1233 tracht? Wie dächten Sie über den „Grossen Wurstl“
2497 1128 4073 1244 lich meiner alten als meiner neuen Stücke als
287 1182 1943 1335 der in Berlin noch nicht aufgeEhrt wurde und in
2499 1218 4088 1333 das hine zu betrachten, und hat mir vor allem
295 1266 1876 1414 einer geschickten und witzigen Inszenierung,an
2506 1285 4198 1443 die Entscheidung anheimgestellt, ob ich zu Beginn
295 1391 1874 1527 der es bei M.u.B. nicht fehlen würde, eventuell
2503 1395 4151 1518 dernächsten Saison den „Einsamen Weg“ oder „Das
293 1490 1854 1637 mit Triesch als Herzogin und Orska als süssen
2506 1503 4082 1637 weite Land" mit Bassermann bei ihm aufgeführt
293 1600 1807 1755 Mädel gar keinen üblen Effekt machen müsste.
2499 1583 4185 1699 wünsche. Ich habe mich für das „Weite Land“ aus-
304 1686 1960 1833 In Wien hat die Burleske einmal bei Jarno,famos
2510 1723 4174 1813 gesprochen ohne mich weiter irgendwie zu binden,
304 1790 1861 1932 gespielt, ausserordentl ich gewirkt und ist ein
2503 1794 4233 1923 sehe aber natürlich, ist besondere unter der Voraus
304 1889 2001 2014 nächstes Mal im Volkstheater, schlampig inszeniert,
2495 1934 4200 2023 setzung, dass Bassermanns Engagement bei Barnowsky
306 1990 2007 2124 abgefallen. Hier kommt alles auf Regie und Darstel-
2495 1995 4209 2111 perfekt wird, keinerlei Anlass auch bezüglich mei-
317 2070 1962 2232 lung an. Von anderen meiner minakter käme,da es
2503 2141 4112 2266 ner anderen stücke von ihm ans Residenztheater
319 2204 1960 2327 ja M.u.B. vor allem auf einen heiteren Abend an-
2503 2197 4045 2357 oder sonst wohin abzufallen,es sei denn, dass
310 2301 1902 2415 zukommen scheint, kaum einer in Betracht. Haben
2503 2301 4215 2465 Bassermann tatsächlich wie Sie augenblicklich an-
310 2393 2005 2521 Sie die Freundlichkeit der Direktion meine Beden-
2499 2404 4067 2570 zunehmen scheinen, zu Robert übergehen könnte.
319 2490 1973 2637 ken und Vorschläge vorzulegen und telegraphieren
2490 2544 4090 2667 Vorläufig habe ich noch die Antwort resp. den
326 2620 2001 2754 Sie mir jedesfalss noch vor endgiltiger Entschei-
2495 2611 4209 2728 Vertrag bezüglich des „Weiten Lands“ von Barnows-
332 2710 1977 2835 dung. Dass als vierter Einakter eventuell der ei-
2495 2710 4013 2864 ky abzuwarten, worauf ich mir erlauben werde
334 2823 586 2887 anderen
332 2805 1869 2930 nes Autors gegeben würde, wäre ausgeschlossen.
2488 2816 3480 2956 Ihnen Heiteres zu berichten.
1593 2902 1693 2950 von
617 2913 1913 3027 Barnowsky hat mich in einem durch dem
2738 2913 4062 3058 Die beiden Hirth'schen Unternehmungen
323 3006 1954 3150 Erfolg der „Comtesse Mizzi“ nicht ganz unbeein-
2497 3012 4082 3155 sindnicht identisch. In meinem Fall handelt es
