4419 4041
642 1036 1861 1110 Herr Dr.Richard Wrede, Weimar, hat mir
505 1080 1964 1177 noch einmal geschrieben und nach seinen Aus-
509 1143 1786 1205 führungen wäre ein Gastspiel durch das
513 1173 1930 1254 Wredische Ensemble speziell in Weimar doch
503 1243 1923 1292 mindestens in Erwägung zu ziehen. Ich lege
505 1284 1977 1350 den Brief bei und überlasse alles Ihrem wei¬
514 1337 1021 1425 teren Ermessen.
640 1399 1924 1521 Ich lege fernerhin die Aufstellung ei-
509 1493 1812 1547 nes anderen Unternehmens bei, das in den
505 1549 1953 1617 dort angegebenen Städten den „Raigen" spie-
505 1590 1917 1648 len möchte. Der Antrag mit allen möglichen
503 1641 1943 1695 Garantien ist mir durch Herrn Harz übermit-
509 1695 1919 1750 telt worden; ich habe ihn entschieden ab-
509 1742 1917 1804 gelehnt. Die Honorare für „Casanovas Heim-
505 1793 1908 1866 fahrt „Einsamer Weg und Honorarzuschläge
505 1840 1874 1904 Gesammelte Werke sind mir durch die deut¬
498 1891 1894 1951 sche Bank bisher noch nicht avisiert wor¬
499 1926 1954 2007 den. Ich wünschte eigentlich einen Teil mei¬
503 2000 1938 2056 ner deutschen zinnahmen auch noch bei einer
498 2048 1915 2108 anderen Bank einzulegen, sei es Berlin oder
499 2092 1821 2161 München. Yönnen Sie mir eine empfehlen?
663 2155 1821 2251 Haben Sie vom Ea Deutschen Theater
503 2234 1855 2311 noch immer keine Aufklärung hinsichtlich
498 2294 1891 2375 Kopenhagen „Grosse Szene erhalten? Dort
498 2334 1851 2392 hat das Castspiel, wie ich hör; am Kasino-
498 2388 1934 2469 Theater stattgefunden,gleichfalls zwei Auf-
498 2435 1900 2512 führungen wie in Stockholm. Am besten wäre
499 2490 1872 2540 wohl Sie fragen bei Holländer an. ob viel-
490 2533 1851 2600 leicht das Kopenhagener Thater direkt an
490 2600 1878 2662 mich zu bezahlen hat,was ja nicht underk-
494 2638 1900 2720 bar ist, da ja Stockholm es auch getan hat.
691 2705 1906 2826 Haben in Frankfurt. a.M.schon Auffüh-
490 2769 1662 2873 rungen des „Reigen" stattjefunden?
691 2858 1900 2951 Die auf deutsch-Südtirol beiliegende
488 2931 1577 3013 Beilage erklärt sich von selbst.
685 2983 1380 3077 Mit herzlichem Gruss
852 3040 959 3109 Ihr
2349 909 2781 1031 Fischer
3361 974 3689 1080 7.4.1921.
2454 1192 2936 1301 ieber Freund.
2679 1301 3926 1423 Wie Sie wissen ist Dr.Eirich gestor-
2443 1371 3877 1476 ben und ich wünschte wenn die s nach Ihrem
2452 1425 3960 1530 Vertrag möglich, meine dortigen Angelegenhei-
2454 1500 3918 1579 ten an den Verlag Karczag zu übertragen und
2454 1555 3892 1633 zwar deshalb, weil FrI. Herz aus der Kanzlei
2482 1622 3776 1678 Hürich in den Verlag Karczag übertritt.
2482 1654 3956 1727 rl. Herz hat sich im Laufe der letzten Jahre
2478 1709 3962 1776 n allen meinen Angelegenheiten als ganz be-
2478 1752 3853 1832 onders tätig und verlas slich gezeigt und
2484 1804 3973 1894 ch kann Ihnen nur raten auch mit Ihren Thea¬
2493 1866 3958 1932 ervertriebsgeschäften, wenn es angängig ist,
2501 1909 3997 1994 eichfalls zu Karzag überzuwandanarn. Insbe-
2508 1966 4001 2033 ndere in den Sukzessionsstaaten und im Bal-
2516 2016 3971 2118 an scheint Frl. Herz sehr gut orientiert zu
2518 2078 2625 2150 in.
2711 2133 3977 2234 Ich sende Ihnen hier zwei Briefe ein
2525 2232 3913 2279 glaube mich zu erinnern, dass ich Ihnen
2546 2274 3907 2347 en ersten in dieser Angelegenheit schon
2550 2313 3939 2396 rmittelt ha be. Teilen Sie mir gefälligst
2568 2369 3935 2441 ob Sie diese Angelegenheit weiterführen
2550 2418 3939 2490 len oder ob ich sie Frl. Herz überweisen
2604 2476 3862 2557 in welchem Fall ich um Retournierung
2574 2523 3340 2621 Briefe ersuchen würde.
3870 2593 4001 2702 (Wal-
2720 2593 3710 2705 Ein hiesiger Verlag, Paul Kne###
2537 2657 3710 2752 hauser) möchte meine Novelle „Der
2552 2719 4008 2799 einer kleinen illustrierten nicht billigen
2559 2784 3868 2848 chenausgabe bringen. Ich xxxhme an, dass
2589 2837 3954 2893 dagegen nichts einzuwenden haben werden
2591 2889 3871 2985 bitte um freundliche Mitteilung Ihres
2557 2933 3070 3032 verständnisses.
2880 3025 3567 3117 Herzlichst grüssend
