4425 3992
510 102 919 214 Aufgenommen werden.
1488 110 1573 228 Von
421 984 1903 1125 über. Tielleicht informieren Sie sich doch
417 1104 1982 1247 an massgebender Stelle, wie man darüber denkt.
417 1226 1832 1349 Dass Ihre peise nach Wien in greifbarste
421 1338 2002 1442 Nähe gerückt erscheint, freut mich sehr, selbst
417 1423 1953 1527 verständlich komme ich sehr gern zu Ihnen in
427 1525 1926 1656 die Stadt, gebe aber, wie auch meine Frau, die
421 1643 1888 1766 Hoffnung keineswegs auf Sie im Laufe Ihrer
415 1743 1602 1863 Anwesenheit auch bei uns zu sehen.
851 1838 1233 1955 Herzlichst
722 1936 859 2034 Ihr
3457 890 3801 1031 5.4.1918.
2328 907 2807 1104 schet
2847 1152 3337 1297 Lieber Freund,
2710 1320 4011 1488 Die freundlichst zugesandt Abschrift
2473 1448 3949 1596 Ihres Briefes an Dr. Paul "ifferer habe ich
2480 1562 3978 1697 erhalten, ich muss darin wohl auch eine Ant-
2482 1660 3955 1793 wort auf mein Telegramm erblicken und sehe
2471 1778 4021 1878 mit wirklichem Bedauern, dass die Papierange-
2482 1870 4146 1975 legenheit zum mindesten vorläufig nicht in der
2486 1969 4061 2098 den österreichischen Autoren Ihres Ver-
2486 2069 3959 2216 lages als wünschenswert erschienenen Weise
2480 2183 4057 2291 zum Abschluss gebracht werden dürfte. Es fehlt
2473 2270 3988 2405 mir an der nötigen Hinsicht. On den Gang der
2486 2361 4057 2502 Verhandlungen, auch nach genauer Lektüre Ihres
2486 2486 3965 2598 Briefes, um zu beurteilen,ob sich die Sache
2492 2569 4125 2702 nicht doch zu einem günstigeren Ende hätte füh-
2498 2660 4131 2841 ren lassen, wenn Sie sich,wie von allen beteilig-
2494 2764 4003 2934 ten Faktoren so dringlich erwartet wurde, zu
2494 2878 4036 3009 einer neuerlichen Reise nach Wien und zu er-
2494 2990 4160 3123 neuer mündlicher Verhandlung hätten entschliesen.
