4471 4071
1089 796 1178 911 Pr.
273 1096 1777 1252 ohnehin über das Ausland freies Verfügungs -
279 1196 1799 1299 recht habe. Was die zu hoch gegriffenen Hono
277 1254 1827 1355 rarbedingungen anbelangt, so schrieb ich Ihnen
285 1295 1839 1405 ja gleich, dass diese Bedingungen nur Vorschlä-
279 1353 1793 1449 ge bedeuteten (um deren Bekanntgabe sie mich
273 1397 1829 1500 ersuchten) und es Ihnen anheimstelle xxxsprax
279 1453 1757 1562 weniger zu verlangen. Darauf,dass die Sache
281 1498 1797 1590 ev. scheitern könnte, müssen wir nach unseren
285 1550 1793 1646 bisherigen Erfahrungen mit dem Ausland in der
285 1570 1861 1727 überwiegenden Mehrzahl der Fälle gefasst sein.
523 1684 1863 1797 4. Die Amsterdamer Reigen- Ganantie habe
291 1749 1859 1847 ich selbst ewas hoch gefunden, aber ich erlaube
287 1813 1761 1908 mir zu erinnern, dass Sie es waren, der die
287 1851 1765 1946 Summe vorgeschlagen hat, nicht ich. Auch mit
287 1916 1703 2010 dieser Gastspiel eilt es nicht. Kommt das
295 1940 1894 2048 nicht zustande, so hoffe ich, dass in absehbarer
295 2010 1892 2127 Zeit eine Wiener Bühnemit einigen meiner Stücke
298 2074 1160 2187 im Norden gastieren wird.
531 2117 1817 2249 5. Die „Parazelsus“- Abrechnungen aus
293 2209 1861 2296 Schweden habe ich im Julivarzeichuß vorgefun¬
302 2255 1847 2348 den. Es ging aus diesen Aufschreibungen nicht
297 2310 1853 2406 hervor, ob es sich um schwedische Aufführungen
302 2366 1837 2454 n sich oder um das Moissi-Castspiel handelte,
302 2416 1823 2507 Auch war mir als hätte Moissi (den auch ich
302 2462 1869 2567 persönlich sprach) nicht nur in Stockholm gas.
304 2507 1757 2629 tiert. Uebrigens sind auch Aufführungen in
310 2579 1033 2683 Götheburg verrechnet.
543 2609 1789 2754 6. An Rotter habe ich heute wider ge
304 2706 1799 2818 schrieben und mich auf die von ihm ja Ihnen
314 2770 1791 2860 gegenüber gemachte Zusicherung berufen. Ich
314 2812 1879 2921 lege persönlich gar keinen besonderen Wert da-
304 2868 1863 2963 rauf, dass Rotter „Das weite Land spielt, für
308 2917 1835 3033 das zumindest künstlerisch noch bessere Chan
312 2963 1853 3067 cen kommen werden. Es kommt mir übrigens kei-
306 3023 1823 3118 neswegs auf mein Prestige, sondern, wie meis-
314 3061 1889 3198 tens in solchen Fällen, nur auf das Prinzip an.
3650 858 3912 987 31/10
2724 999 3890 1093 Ihr Abschluss in Kopenhagen wegen
2442 1069 4036 1146 „Anatol“ mit 500 dän. Kr. Kautton gibt mir neuer
2416 1122 3936 1194 dings die Anregung Ihnen für diese Auslands
2434 1182 3946 1260 zahlungen jenen andern wie mich dünkt prakti
2434 1230 4024 1309 scheren Modus vorzuschlagen, über den wir schon
2428 1284 3845 1351 öfters korrespondiert haben. Es kann doch
2424 1339 3946 1399 wirklich nicht die geringsten Unzukömmlich -
2428 1387 3930 1441 keiten für Sie haben, wenn Sie die zahlungs-
2434 1443 3898 1508 pflichtige Stelle in einem solchen Fall an
2428 1498 3879 1572 weisen mir nicht den ganzen Betrag, sondern
2424 1532 3930 1604 diesen getrag, nach Abzug der für Sie. entfal-
2428 1592 3922 1666 lenden Perzente und Ihnen diese Perzeute di
2424 1650 3930 1723 rekt zu schicken, also entweder zwei Schecks,
2428 1701 3904 1757 einen Ihnen, einen mir oder Ueberweisung der
2434 1735 3976 1811 Originalvaluta für mich an die Deutsche Bank,
2416 1789 3910 1849 für Sie an eines Ihrer Konti. Wie haben Sie
2428 1849 3930 1914 diesmal z.B. mit Kopenhagen verfügt? Die dä
2422 1900 3916 1960 nischen Kronen sind heute viel wert. Komme
2428 1932 3970 2020 sie vielleicht ein paar Monate später anläss-
2428 1994 3879 2064 lich der Jännerverrechnung in meine Hände?
2424 2042 3875 2113 so können sie um die Hälfte gefallen sein.
2424 2101 4004 2169 Ich möchte absolut nicht, dass Sie irgendwelche
2428 2147 3882 2223 Unbequemlichkeiten haben, aber mir scheint
2430 2195 3934 2294 insere Intemssen gehen hier ganz gemeinsam.
2661 2265 3988 2376 8. Herr Samst hat mir wieder einen lan¬
2454 2346 3940 2438 en Brief geschrieben. Er bittet mich wieder
2460 2400 3930 2484 ie zu veranlassen, dass Sie ihm den „Reigen
2464 2452 3875 2521 Er eine Tournée zur Verfügung stellan.Die
2464 2501 3998 2569 iste dürfte Ihnen ja auch vorliegen, auch Ham¬
2464 2553 3877 2615 urg ist darunter, wo „Reigen bekanntlich
2452 2595 3948 2686 chon gespielt worden ist. Ich bin natürlich
2458 2673 3942 2730 ollkomme n überzeugt,dass Ihr Vorgehen gegen
2452 2714 3982 2768 ber Samstag ganz richtig ist und brachte das
2460 2776 3922 2828 chon in kurzen Mitteilungen an ihnzum Aus
2452 2808 3946 2878 ruck. Schlimm ist es nur, dass offenbar doch
2452 2860 3966 2933 mmer wieder in kleineren Orten unberechtigte
2458 2915 4028 2985 ufführungen des „Reigen“ stattzufinden scheinn.
2454 2961 3980 3027 o erinnere ich mich heuer im Sommer in einem
2458 3027 3869 3086 euilleton von Stefan Grossmann, Neue freie
2454 3081 4026 3160 resse, den Bericht über irgendwelche Schmieren
2454 3134 3875 3216 ufführungen des "Reigen" gelesen zu haben
