4444 4008
891 790 1019 978 P.
532 1049 2035 1213 dem neuen Verleger übernommen werden. Hinzu-
528 1158 2098 1324 fügen möchte ich noch - wenn das auch bei dem
530 1267 2023 1405 heutigen Stahd der Dinge xxxx bedeutungslos
519 1364 2145 1516 sein dürfte - dass knapl, vor Ausbruck des Kr###¬
542 1494 2052 1601 ges xxx ein Prozess um Frei-
534 1573 2027 1728 gabe des „Reigen“ in Deutschland in Angriff
538 1663 2122 1803 genommen wurde, und dass der Schutzverband deut
548 1801 2027 1900 scher Schriftsteller, schon eine Reihe glän-
542 1874 2122 1995 zender Gutachten gesammelt hatte, die sich bei-
550 2003 2096 2096 nahe durchaus im positiven x###ne aussprachen.
548 2078 2046 2217 Ich lege sie immerhin bei und bitte um ihre
550 2197 1451 2322 gel, gentliche Pücksendung.
770 2292 2082 2411 Heute will ich Ihnen nur mehr mittei¬
544 2387 2060 2510 len, dass der „Bernhardi" hier ein ganz unge¬
554 2470 2050 2620 wöhnlich starker Erfolg war und bin mit den
546 2591 2019 2743 herzlichsten Neujahrsgrüssen und -Wünschen
1237 2704 1370 2795 Ihr
3614 895 3996 1041 15.1.1919.
2371 879 2929 1063 Tischer
3028 1140 3537 1273 Lieber Freund.
2896 1243 4109 1372 Ich nehme an, meine Telegramme sind
2587 1340 4135 1471 trotz all der Wirren,die Sie ja nun mit den
2595 1447 4133 1591 Ihren wie man hoffen darf, glücklich überstan¬
2589 1548 4154 1694 den haben, bei Ihnen eingetroffen und ich will
2581 1659 4101 1795 ihnen nur ergänzend einiges hinzufügen. Die
2591 1765 4180 1894 Feststellungsklage gegen Herrn Harz konnte un-
2593 1853 4150 1983 terbleiben, da er seinen Verpflichtungen nach-
2583 1946 4117 2092 gekommen ist und ich einen neuen Vertrag mit
2589 2062 4057 2181 ihm abgeschlossen habe, der mich allerdings
2581 2149 4103 2286 nur für eine Reihe von Auflagen und nur für
2589 2262 4093 2405 eine bestimmte Zeit, nämlich bis 1. Juli 1920
2569 2385 4192 2476 an ihn bindet, so dass ich das Buch, selbst wenn
2587 2458 4164 2575 die Auflagen bis dahin nicht vollkommen ver -
2587 2567 4202 2676 griffen sind,an denjenigen Verlag, der die noch
2587 2664 4131 2781 restierenden Exemplare zum Buchhändlerpreise
2593 2759 4059 2896 übernimmt, weiter überlassen kann. Ueberdies
2589 2868 4127 3002 habe ich mir kontraktlich das weitestgehende
2587 2967 3434 3147 Kontrollrecht gesichert.
