4391 3991
453 1035 1942 1235 vor Gründung Ihrer Filiale erklärt, dass Sie
457 1180 1976 1315 die deutschen und die österreichischen Auto-
463 1290 1938 1403 ren in -vollkommen gleicher Weise behandeln.
465 1380 1944 1517 Mangelte es Ihnen also an Papier,so mussten
466 1494 1976 1627 die deutschen Autoren genau so darunter lei-
466 1592 1966 1729 den als die Österreichischen. Und das öster-
463 1691 1980 1827 reichische Papierquantum kommt nunmehr Ihren
463 1799 1893 1921 deutschen Autoren ebenso zugute als Ihren
468 1927 1978 2031 österreichischen, da Sie ja nun Ihr deutsches
466 1985 1884 2121 Papierquantum grösstenteils oder gar àus¬
468 2127 1946 2230 schliesslich für die deutschen Autoran ver-
463 2199 1974 2313 wenden können, so wie Sie das österreichische
474 2287 1944 2405 zum grüssten Teil oder ausschliesslich für
472 2403 1950 2515 Ihre Österreichischen Autoren verwenden. Ihr
472 2477 1993 2632 Misstrauen gegenüber Pr. bleibt mir nach wie
480 2607 2009 2730 vor vollkommen unverständlich und ich zweif-
474 2707 1987 2836 le nicht, dass sich aus dem, was Sie jetzt ein
466 2807 1985 2934 kostspieliges Abenteuer nennen.binnen kurzem
478 2936 1962 3030 ein einträgliches Geschäft entwickelt haben
472 3007 1980 3114 wird. Denn wie sollte ich es nur für denkbar
470 3111 2038 3254 halten, dass gerade der erste Verleger Deutsch-
2213 104 2323 237 pr. 1.
2462 1064 3961 1205 lands bei der Gründung einer Wiener Filiale
2468 1168 4004 1331 schlechter abschneiden sollte, als diejenigen
3197 1249 3350 1317 dem
2474 1276 3971 1411 deutschen Wirmen, die Ihnen jetzt nachfolgen
3730 1323 4065 1392 ein solches
2475 1370 4004 1495 und sich wahrscheinlich auch nicht in dieses
2481 1466 4049 1627 Unternehmen stürzten - mit der Absicht drauf zu-
2485 1572 4059 1719 zahlen? Sie werden mich also stets bereit Ein-
2493 1654 4012 1817 den Sie zu bewundern, aber nie und nimmer Sie
2901 1772 3038 1842 diers.
2491 1782 3987 1911 zu beklagen,weil Sie kühnlich gewagt haben,
2495 1864 4065 2021 was unter den heutigen Umständen nicht nur im
2507 1968 3967 2127 Interesse Ihrer österreichischen und ihrer
2511 2062 4002 2207 deutschen Autoren, sondern auch in dem Ihres
2519 2187 4055 2313 Verlages beinahe eine Notwendigkeit geworden
2515 2287 3985 2407 war. Wie ist's aber nun endlich mit meinen
2526 2387 4049 2519 gesammelten Werken? Werden sie schon neu-ge-
3475 2460 3675 2528 davoir
2532 2489 4049 2621 druck 3.7ch weiss jangar nichts, Ferner,wieso
2526 2566 4053 2724 zögert sich eigentlich das Erscheinen meiner
2540 2683 4104 2838 Novelle so weit hinaus? Der Druck ist fertig,
2546 2795 4102 2940 das Papier ist vorhanden;-also woran fehlt.'s?
2875 2885 3945 3020 Somit wäre die Saison begonnen
3046 2985 3414 3120 „Herzlichst
3406 2995 3534 3199 Ihr
