4404 4057
362 1201 906 1330 käuflich sein?
589 1271 1934 1428 9. Bekanntlich ist das Wenige, das bisher
377 1377 1944 1524 in Buchform in Amerika erschienen istentweder
374 1496 2009 1612 gar nicht oder ganz lächerlich honoriert worden.
387 1584 1870 1705 Wäre es nicht grotesk, wenn der Verleger der
383 1680 1989 1803 amerikanischen Gesammtausgabe sich auch mit dem
377 1803 1983 1895 unberechtigten frühern Uebersetzern zu einigen
381 1872 1956 2007 eventuell gar Abschlagssummen an sie zu bezah-
368 1987 749 2149 len hätte?
624 2089 1981 2237 10. Wann hätte immer die Zahlung der Ho-
379 2204 1971 2325 norare zu erfolgen? Vor Erscheinen der betref-
385 2302 1977 2449 fenden Bände? Wie viele Auflagen in Vorhinein?
387 2431 540 2515 etc.
657 2470 2038 2664 11.Geht die Angelegenheit durch Bartsch,
381 2625 1042 2748 Ist er informiert?
657 2713 1946 2846 12. Die Garantiesumme von 1000 Dollars
377 2793 1973 2947 für eine Gesammtausgabe erscheint einigen Ame-
377 2881 1985 3024 rikanern, die ich in der letzten Zeit gesprochen
374 2988 1923 3159 habe, von fast kom scher Geringfügigkeit. Dies
381 3104 2001 3233 erwähne ich nur mbenbei in Besorgnis, dass Ihnen
4035 806 4168 999 10/1
4086 966 4185 1109 27
2423 1066 4023 1230 jene Amerikaner irgendwie, Wunderlich" erschei-
2427 1158 4070 1348 nen könnten und wi ederhole, dass an der Garantie-
2425 1252 3898 1443 summe das Unternehmen keineswegs scheitern
2433 1365 3970 1563 darf, mit so grosser Umsicht es auch in jedem
2437 1508 3722 1643 andern Betracht betrieben werden muss.
2591 1545 3988 1760 13. Verwertung älterer Arbeiten in ameri-
2431 1645 4033 1860 kanischen Zeitungen dürfen natürlich auch wäh-
2441 1776 3974 1950 rend der Verhandlung über die Gesammtausgabe
2443 1921 3339 2063 nicht ausgeschlossen sein.
2613 2028 4021 2263 Ueber die Filmsache lassen Sie mich noch
2456 2167 3945 2359 eine Weile nachdemken. Bisher ist mir nicht
2445 2265 4070 2451 recht ersichtlich, inwiefern ein solcher General
2456 2372 4009 2558 vertrag mit dem Verlag dem Autor grössere Er-
2445 2527 3992 2640 leichterungen und Vorteile bieten könnte, als
2451 2574 4043 2758 ein Vertrag mit dem Verbande deutscher Filmau-
2464 2681 4045 2863 toren, den ich mit den mir nötig erscheinenden
2464 2830 4019 2990 Klauseln abzuschliessen eben im Begriffe bin.
2644 2938 4074 3192 Gern überlasse ich die Angelegenheit ei-
