4478 4056
522 1160 2126 1255 Teil der mir zustehenden Freiexemplare bezogen.
528 1201 2142 1308 unter den heute so geänderten Fräsverhältnissen
524 1267 1981 1362 kann ich nachträglich kaum auf solche Frei
526 1317 2080 1416 exemplare Anspruch machen, möchte aber jedes¬
526 1377 1672 1486 falls Ihre Ansicht darüber hören.
733 1426 2130 1571 Glauben Sie nicht, lieber Freund, dass bei
532 1515 2188 1626 den nächsten Auflagen meiner gesammelten Werke
532 1585 2084 1668 auch schon meine seit 1912 erschlenenen Arba¬
530 1641 2035 1729 tan einbezogen werden sollten? Ich nehme an,
541 1649 2128 1765 dass die zuletzt neugedruckte Auflage etwa bis
526 1748 2045 1820 Ende 1921 oder Anfang 1922 vorhalten dürfte.
532 1760 2126 1880 sei der neuen Ausgabe kämen dann dazu ein Band
547 1835 1952 1913 oder zwei Bände Theaterstücke (Bernhardi,
539 1897 1872 1977 Komödie der Worte, Fliederb. Schwestern
537 1905 2047 2033 ein Band Novellen (Frau Beate, Grasler, Ca-
541 2012 830 2097 sanova).
782 2055 1560 2188 Mit herzlichen Grüssen
1100 2152 1211 2239 Ihr
565 3085 1366 3232 Herrn S.vischer,Verlag.
565 3186 821 3273 Berlin.
3504 980 3913 1102 18.10.1920.
2576 1193 3884 1313 An den Verlag Fischer,Theatervertrieb,
2881 1280 3411 1391 Auslandsbureau.
3686 1290 3950 1405 Berlin.
2815 1414 4043 1568 In Ihrer eben eingetroffenen Abrech
2522 1513 4064 1616 nung vom 12. Oktober befindet sich ein Posten,
2522 1564 3997 1663 der der Aufklärung bedarf: Das Weite Land,
2518 1637 3936 1734 New-York.Irving Place,7.1.16 and 15.T.16,
2528 1692 3211 1777 47 Dollar Tentlemen-
2518 1690 3981 1820 Diese 47 Dollar 26 sind umgerehnet auf 158
2522 1746 4043 1870 Makk 45. Da wäre der Dollar rund zu ungefähr
2528 1849 3116 1928 3 Mark berechnet.
2532 1837 4043 1969 47 Dollar repräsentieren aber heute ungefähr
2534 1895 4111 2022 3000 Mark,wie uns Allen sehr wohl bald bekannt
2532 1994 4064 2132 Mit welchem Recht berechnet Herr Hans Bartsel
2530 2020 2666 2078 ist.
2528 2043 4136 2183 den vurs von 1916. Er selbst hat entweder damal
2530 2134 3967 2223 oder erst jetzt diese Dollars einkassiert
2540 2144 4128 2278 Hat er sie auch schon im Jahr 1916 éinkassiert
2543 2235 4037 2336 so hat er sie doch jedenfalls erst jetzt an
2543 2270 4074 2377 Sie übersandt und hat selbstverständlich den
2540 2328 4031 2446 heutigen Kurs zu berechnen. Hat er sie aber
2540 2375 4033 2497 erst heute einkassiert, so versteht sich das
2540 2425 4092 2545 ganz von selbst, dass er sie zum heutigen Kurs
2543 2495 4000 2588 an uns abzuliefern hat. Keineswgs geht es
2549 2534 4037 2642 an, dass Herr Bartsch an der Valutadiffernaz
2549 2631 2924 2732 profitiert.
2852 2648 4148 2784 Um solchen Unzukömmlichkeiten, die ich
2563 2745 4061 2846 von vornherein als nicht ganz underkbar an -
2559 2770 4084 2900 sah, vorzubeugen, habe ich Herrn Bartsch schon
2561 2838 4061 2955 vor vielen Monaten rsucht Dollars, die er für
2555 2891 4109 2988 meine Rechnung in Amerika einkassiert an eine
2565 2947 4076 3058 dortige Bank abzuführen, die ihm bezeich-
2569 2988 4080 3089 net hage. Hievon habe ich auch Ihnen Mittei-
2573 3042 4105 3147 lung gemacht und Ihnen anheimgestellt, ob Sie
2571 3102 3983 3252 Ihren perzentualen Anteil gleichfalls in
