4428 3992
433 984 1962 1111 „Fliederbusch“ und drei Exemplare „Graesler!
774 1135 1480 1288 Herzlichst grüssend
980 1262 1109 1392 Ihr
3289 904 3620 1076 1.3.1918.
2297 958 2642 1143 Tisscher
2815 1207 3312 1339 Lieber Freund.
2785 1392 4138 1544 Ein hiesiger Kunstverlag wünscht einen
2546 1513 4089 1625 Luxusdruck der „Beatrice“ herauszugeben; mit
2540 1613 4028 1756 Illustrationen (Vollbildern.Radierungen in
2542 1742 3989 1838 ein paar hundert Exemplaren zum Preise von
2540 1809 4020 1950 mindestens 150-200 Mark. Sie haben wohl im
2540 1936 4112 2062 Prinzip nichts dagegen (ich weiss augenblick-
2542 2031 4091 2140 lich nicht, ob in unserem Vertrag eine Luxus-
2538 2121 3994 2242 ausgabenklausel aufgenommen ist) immeri
2546 2223 4096 2387 wünschte ich Ihr prinzipielles Einverständnis
2538 2332 3959 2460 zu vernehmen. Die Angelegenheit ist noch
2548 2425 3977 2558 ganz vage, ich selbst habe mich noch nicht
2552 2536 4118 2644 entschieden ausgesprochen, die Wahl des Künst-
2542 2638 4053 2764 lers ist noch nicht getroffen, ja, ich möchte
2540 2752 4014 2867 Sie bei dieser Gelegenheit sogar fragnn,ob
2536 2834 4087 2971 Sie einen deutschen Radierer zu nennen wüss-
2540 2942 4079 3063 ten, der für die se Arbeit vorzugsweise in Be-
2540 3077 4059 3193 tracht käme. Der Antragsteller (Herr Brüll,
