4443 3993
181 854 1742 1092 digen Sindruck gemacht hat und überzeugt bin,
1187 811 1385 952 Sues ich
172 970 1744 1193 dass meine Schwägerin sie vollkommen richtig.
168 1094 1595 1277 schildert und beurteilt. So gebe ich denn
153 1195 1718 1380 nicht ungern an Sie weiter, was ich auf diesem
155 1266 1683 1466 Weg erfahren; es gibt ja allerlei Zufälle,am
140 1367 1698 1589 Ende fügt es sich früher oder später, dass Sie
135 1481 1750 1681 bei irgend einer Entschliessung sich dieser mai
131 1563 1681 1793 ner Zeilen, des Fräulein Lili Feil zu erinnern
108 1651 737 1819 in die Lage kämen.
462 1821 1109 2012 Herzlichst gissend
664 1963 804 2116 Ihr
43 2109 1567 2354 Vielleicht teilen Sie mir gütigst etwas über
41 2225 1625 2466 den Ausfall der „Comtesse Mizzi“ bei Barnowski
28 2341 1000 2470 mit und senden mir Referate?
2223 789 2632 1019 Fischel
3315 815 3674 985 5.4.1917.
2707 1133 3193 1305 Lieber Freund.
2709 1329 4031 1443 Wie ich Ihnen eben telegraphiert habe,
2348 1430 3879 1574 wäre mir im Prinzip ein Schnitzler-Abend bei
2371 1550 4016 1643 Meinhard und Bernauer natürl ich erwünscht. Warum
2365 1632 3939 1761 aber will man von den Anatol-Finaktern gerade
2376 1726 3939 1860 den schwächsten „Hochzeitsmorgen“ statt eines
2363 1840 3980 1952 sympathischereu und eigentlich wirksameren, wie
2378 1931 4076 2062 z.B..Weihnachtseinkäufe“ spielen? „Auch „Denkstei.
2371 2036 3982 2152 ne" wären in Erwägung zu ziehen,nicht als ein
2371 2135 3982 2266 sonderlich gutes stück, aber als neu für Berlin
2371 2251 4068 2359 und vielleicht eine gute Rolle für die Orska ent-
2376 2350 3900 2466 haltend. Und warum nicht einfach der Anatol-
2367 2453 4091 2574 Zyklus als solcher? Das Verbot ist wohl nicht mehr
2369 2574 4003 2679 wirksam, sonst müsste es sich doch auch auf „Ab-
2369 2679 4070 2778 schiedssouper" und speziell auf „Hochzeitsmorgen
2378 2763 3900 2890 beziehen. Bliebe es bei der Zusammenstellung
2382 2875 3982 2997 „Abschiedssouper“, Hochzeitsmorgen“ (oder statt
2369 2991 4046 3098 dessen einer der anderen Anatol-Einakter) „Lite-
2369 3072 3960 3204 ratur" - welcher vierter Einakter käme in Be¬
