4419 3994
3288 851 3690 973 17.5.1917.
2053 829 2471 1014 Föcher
2626 1051 3139 1241 Lieber Freund.
2529 1261 3653 1391 Vielen Dank für die Uebersendung
2191 1358 3665 1476 der Kritiken. Es freut mich sehr, dass die
2185 1461 3803 1591 Einakter sich noch so lebensfähig erwiesen ha¬
2177 1569 3805 1703 ben. Recht lustig ist ja wie nur die wenigsten
2185 1688 3702 1793 der Herren Recensenten etwas davon zu ahnen
2183 1787 3791 1911 scheinen, dass ich ausser „Anatol“ und „Litera-
2193 1880 3799 2008 tur“ auch schon etliche andere Sächelchen oder
2197 1985 3846 2111 gar Sachen geschrieben habe. Auch in diesem Sin¬
2187 2082 3795 2210 ne ist mir der Antrag des Schillertheaters den
2199 2197 3737 2304 „Bemhardi" betreffend recht willkommen, doch
2199 2292 3789 2414 möchte ich nicht abschliessen, ehe ich mich mit
2197 2383 3690 2502 Barnowsky darüber verständigt habe, der zwar
2197 2484 3784 2601 keinerlei Recht mehr auf dieses Stück besitzt,
2193 2583 3850 2713 aber immerhin noch zu Anfang dieser Saison daran
2197 2690 3762 2818 dachte es mit Bassermann nau herau abringen.
2197 2812 3702 2921 Nun dürfte aber Bassermann das nächste Jahr
2203 2910 3782 2999 bei Barnowsky im „Weiten Land“ spielen und so
2199 2993 3714 3197 werde ich kaum irgendwelche Schwierigkeiten
