4419 3994
135 906 1609 1102 schon neulich einmal die Verträge mit Prag
137 1082 1082 1217 gelegentlich zu revidieren.
448 1162 1697 1313 Werden auch die Bühnenexemplare erst
153 1290 1679 1413 Anfang November fertig?, so dass bis xxxx
145 1378 1708 1517 dahin immer nur die Bürstenabzüge ver-
147 1481 1769 1618 sandt werden können? Die paar wichtigen Korrek-
162 1569 1701 1716 turen sind doch hoffentlich in die Bürstenab-
155 1687 1683 1840 züge eingetrageh, insbesondere die Seiten des
153 1777 1671 1941 3.Aktes ausgewechselt? Hat Barnowski einsol-
160 1908 980 2035 ches Exemplar erhalten?
511 1973 1791 2117 Um nochmals auf Ihre Anfrage Breslau-
170 2102 1650 2217 Abschiedssouper zurückzukommen,bemerke ich,
176 2194 1683 2315 dass wir natürlich bei den Anatel-Einaktern,
172 2303 1759 2444 die seit 15-2- Jahren einzeln und zusammen mit
172 2409 1761 2548 Stücken anderer Verfasser gegeben werden, nicht
168 2495 1748 2638 plötzlich auf einer Aenderung dieses Usus be-
180 2575 1726 2712 stehen können; Cleiches gilt für „ jeiteratur“i
176 2706 1691 2838 Hingegen wollen wir dabei bleiben, dass der
164 2826 1808 2941 Zyklus „Komödie der Worte“ verläufig nicht aus-
186 2918 1681 3059 einandergerissen werde; auch ist Bühnen, die
145 3020 1744 3166 „Gefährtin“,.Kakadu“ „Paracoleus“ oder andere
2337 1039 3736 1106 meiner Finakter einzeln erwerben wollen,
2380 1127 3812 1231 nach Massgabe der Umstände eine Zusammen¬
2382 1219 3781 1358 stellung mit anderen vinaktern desselben
2374 1327 3047 1421 Autors nahezulegen.
2462 1372 3814 1493 Ein hiesiger Verleger bietet sich mir
2370 1495 3845 1620 mit dem Hinweis darauf an, dass in Deutsch-
2376 1589 3812 1718 land demnächst ein Verbot für Neuerschei-
2378 1748 3845 1820 nungen auf dem Gebiete des Buchhandels be¬
2364 1834 3806 1937 vorstehe; soweit wird es hoffentlich nicht
2374 1908 3806 2029 kommen, aber auch nach den Andeutungen, die
2370 2010 3812 2123 Sie mir in Ihrem Briefe aus Travemüde ge-
2372 2160 3744 2229 macht haben, möchte ich mich schon heute
2374 2209 3845 2321 für eine Nevelle in Vormerkung bringen die
2693 2305 3039 2380 spätestens
2376 2315 3810 2417 ich bei Ihnen im Frühjahr erscheinen las.
2370 2419 3740 2569 sen möchte. Länge fast genau wie „Dektor
2374 2544 3847 2667 Graesler,-Titel-dies vorläufig unter uns.
2378 2677 3804 2775 „Casanovas Heimfahrt“. Unverbindlich frage
2382 2734 3838 2879 ich zugleich bei Ihnen an, ob diese Nevelle
2153 2828 2284 2951 le reste des
2395 2830 3744 2945 (wenn Sie überhaupt nach Lektüre darauf
2380 2922 3779 3037 reflektieren werden) im Jänner-Feber-und
2793 3018 3002 3090 Neuen
2376 3045 3765 3190 März-Heft der Rundschau gedruckt werden
