4478 4056
2320 991 2742 1172 Fischer
3536 1033 3990 1178 Wien, 12.1220.
412 1116 1958 1252 Amerika belassen wollen oder ob Sie wünschen,
458 1206 2004 1294 dass er Ihnen von Bartsch aus direkt überwie¬
458 1274 818 1375 sen werde.
2503 1313 3015 1409 Lieber Freund.
657 1345 1885 1433 Es ist ganz ausgeschlossen, dass wir
452 1389 1966 1483 uns dieses Vorgehen von Herrn Bartsch gefür-
2764 1377 4016 1546 Die „Casanova“-Bogen sind heute Vor-
460 1441 1982 1542 len lassen dürfen und ich ersuche Sie in der
2499 1473 3890 1608 mittag angelangt. ich habe sie bereits sich
470 1516 1916 1596 energischesten Weise auf sofortige Ordnung
2505 1512 3952 1662 niert und die Pakete gehen heute wieder an
460 1566 1950 1676 dieser Angelegenheit bei Ihrem Vertreter zu
2507 1570 3998 1703 Sie ab. Es waren übrigens nicht 125, sondern
2513 1628 3924 1759 131 Exemplare, loh habe alle numeriert und
464 1630 744 1725 dringen.
2513 1650 4066 1801 hoffe, dass das richtig ist. Natürlich bin ich
702 1684 1926 1797 Ich schreibe unter einem an Bartsch
2507 1733 4050 1863 mit zwei Exemplaren der Luxusausgabe ganz zu-
464 1765 1081 1875 in gleichem Sinne.
2521 1767 3962 1916 frieden; von den andern würde ich etwa zwei
698 1855 1922 1942 Darf ich sie bei dieser Gelegenheit
2519 1875 3136 1974 Dutzend erbitten.
464 1922 2006 1996 auch bitten nachzusehen,wann die letzten Zah-
2792 1936 3968 2074 Sind übrigens von der gewöhnlichen
472 1964 2000 2052 lungen ds Prager deutschen Landestheaters an
2533 1980 4014 2131 „Casanova -Ausgabe schon die letzten 10.000
470 2020 1968 2115 sie gelangt sind. Wenn meine Aufzeichnungen
470 2074 2004 2155 stimmen, so sind die "Liebelei"-Vorstellungen
2525 2082 3202 2165 31.-40. ausgegeben?
476 2133 2072 2213 vom 24. und 27.Mai,ebenso wie die vorstellungen
2798 2129 4058 2243 Die Ihnen von mir erteilte Vollmacht
470 2165 1962 2265 der "Comtesse Mizzi" noch nicht beglichen.
2535 2193 4002 2328 auch für kommende Neudrucke ohne vorherige
3729 2237 3982 2294 auf zu-
2535 2251 3729 2384 Anfrage dem Verlagsszuschlag von 25%
2553 2281 4105 2478 schlagen, kann ja nach dem 1. Juli 21 nach vor¬
702 2261 1282 2382 Hochachtungsvoll
2553 2366 4115 2527 heriger Vereinbarung zwischen uns etwas weiter
2555 2440 4115 2571 erstreckt werden. Wir wollen nur beide hoffen
2561 2497 3890 2633 dass es nicht mehr notwendig sein wird.
2834 2593 3880 2710 insbesondere aber glaube ich, da er
2563 2665 3882 2772 wir hinsichtlich der gesammelten Werke
2567 2706 3994 2826 kommende Auflagen doch vielleicht auf eine
2565 2752 4076 2882 anderen Basis abschliessen sollten. Da dies
2569 2798 3990 2935 Ausgabe ungebunden ja gar nicht existiert
2583 2816 4095 2983 ist mein Anteil (vorausgesetzt, dass ich mich
1672 2858 1833 2919 S T O V
2583 2884 4145 3025 nicht wieder einmal im Dividieren geirrt habe)
2577 2955 4058 3100 kaum 10% und Sie werden zugestehen, dass das
2579 3047 3168 3154 etwas wenig ist.
3576 3081 4080 3186 brief von Dr. O..
2882 3104 3431 3228 Ich lege hier ein
2581 3162 4109 3319 Eirich bei. Es wird wohl stimmen, dass Dr. Ei-
