3444 3977
1209 870 1582 1050 19.2.1917.
43 895 528 1075 Fischer
662 1223 1176 1343 Lieber Freund.
499 1316 1798 1477 Vorerst eine vertrauliche Aufrage. Ist
221 1464 1716 1574 Ihnen ein Verlag der Bücher der Morgenröte,
1138 1553 1481 1625 Excellencie avec les mêmes.
221 1559 1718 1675 sowie dessen Leiter Herr Anton Karl Martin,
1493 1648 1605 1716 aieux
214 1662 1792 1784 Berlin W.35,Potsdamerstrasse 45 bekannt; fer-
225 1753 1860 1902 ner haben Sie Zeichnungen oder Gemälde von Lud-
212 1862 1836 2011 wid Kainer gesehen? und wissen Sie etwas Nähe-
223 1980 303 2050 DATES DES ACTES
229 1959 1770 2096 res über diesen Künstler? Es handelt sich um
221 2056 1788 2246 den Antrag zu einer Luxusausgabe des „Reigen“,
229 2178 1798 2291 der in mancher Hinsicht diskutabel wäre, gegen
229 2287 1730 2405 den ich aber so lange bedenklich bleibe, als
229 2397 1827 2494 ich über die mir völlig unbekannte und in sei-
235 2479 1807 2601 nen Briefen sich nicht sehr herrlich darstel-
233 2576 1834 2704 lende Persönlichkeit des Herrn Morgenrot nicht
235 2687 978 2828 näher orientiert bin.
485 2803 1898 2931 Beiliegend sende ich mit Dank die Press-
738 2902 1883 3026 hweden zurück.Von dem bedeutenden
227 2910 745 3024 auszüge aus Schloß
736 2976 872 3036 le dernier
221 2984 1881 3166 Erfolg der K.d.W. hatte ich schon durch ein Te-
926 3081 1462 3160 ausführlicheren
221 3083 1850 3267 lgramm Lindens und durch den Privatbrief einer
