4408 4089
900 981 1614 1135 neiter xxx selbst
1760 1110 1983 1216 adlaae
1247 1093 1604 1227 G.H.F.P.
596 1129 1131 1245 dreid jeldendos
1668 1204 1985 1327 mides i ou
818 1220 1635 1345 Geschädigung und xxx
323 1310 1995 1443 -na leüenien gixxx nenmädamü nogi Jnäwaag
414 1410 2010 1539 wird aus, medmaldte denn nachbilden haben was I
371 1501 1912 1637 - fümmeV eib cw. melle" ai Anamenüd. menemde.
1743 1616 1880 1726 G.H.F.P
510 1614 1666 1745 nie, iai piaaßirnedi isjoJ gegefra
466 1720 1843 1864 das geineV neh neneljään' xxxien liexxx. me
1662 1810 1920 1933 G.C.H.F.P.
1018 1922 1624 2051 un dolm dol iios e
508 2022 1897 2160 if ialleged xxx xxxbegass daselbxxxend
458 2132 1828 2262 Jad rtäfte indev nogauldasojhois nedat
396 2251 1701 2362 auldaS medelos tenie a! anas. Jaaw anab
1537 2312 1674 2443 G.C.F.P.
625 2332 1427 2474 a mss gemnta*D enagigf
1166 2428 1658 2557 Immeld als d
812 2462 918 2555 G.H.P.
494 2545 973 2678 Monsieur,
506 2651 902 2782 os mieiie
427 2766 814 2880 e, dol odo
1897 2830 2037 2949 G.H.F.P
708 2851 941 2974 i S. doré
569 2959 966 3076 G.H.F.P.P
781 3053 1110 3178 Gewelden
714 3163 835 3286 G.H.F.P.
3761 866 3861 989 G.C.P.
3607 977 3975 1081 24.9.1923.
2645 1025 2903 1179 cette
2713 1122 3701 1354 Sehr verehrter Herr Greiner.
3588 1262 3688 1320 G.C.H
2972 1233 4267 1449 Ihre Gründe, dass ich meine Abrechnun-
2711 1349 4207 1554 gen mit Schweden und Norwegen in jedem Falle
2741 1431 4211 1581 über den Verlag leiten sollte, scheinen mir
2751 1501 4171 1624 nicht ganz zutreffend. Dass ich mir freie
2745 1535 4209 1674 Verfügung hinsichtlich des Auslandes in je
2755 1597 4182 1731 dem Fall vorbehalten habe, wissen Sie, dass
4169 1626 4252 1716 wo
2757 1649 4130 1781 ich trotzdem in den meisten Fällen, auch
2766 1699 4175 1833 sich Bewerber direkt an mich wandten,Ver-
2772 1753 4188 1878 tragsabsch uns etc. dem Verlag überlassen
2768 1801 4190 1930 habe, ist Ihnen bekannt. Dass alle früheren
2770 1843 4238 1978 Verträge weiter laffen ist selbstverständ
2770 1897 4227 2043 lich. Ich spreche da natürlich von Spezial-
2747 1955 4240 2107 verträgen über einzelne Stücke. Meine allge
2776 2003 4232 2139 meine Vertretung für irgend ein Land hatte
2784 2045 4125 2176 ich weder Ihnen noch sonst einem Verlag
2795 2080 4280 2247 jemals überlassen. Die Zunahme der Auffüh -
2759 2172 4111 2293 rung meiner stücke in Skandiuavien z.B.
2791 2172 4338 2341 scheint mir mehr auf die dortigen Beliebtheit
2755 2243 4280 2399 me ner stücke zurückzuführen zu sein als auf
2763 2316 4117 2453 Intensivierung Ihres Betriebes. Auch hat
2761 2324 4271 2489 meine Verbindung mit Linden vor der Ihrigen
2757 2414 4142 2549 mit ihm begonnen. Die Mitwirkung resp.
2784 2462 4238 2593 Vermittlung des Verlags hat also in meinem
2772 2507 4273 2653 Fall logischer Weise nur dann bis zu einem
2776 2557 4240 2703 gewissen Grad Berechtigung, wenn es sich um
2778 2593 4323 2755 eine Kontroll der Bühneneinnahmen an den ein-
2780 2643 4357 2807 zelnen Theatern handelt, die aber doch eigent
2830 2707 4377 2851 lich nur möglich wäre, wenn Sie Ihre Kontalxx
2832 2763 4246 2891 trollore und Revisoren in den Kassen der
2832 2770 4375 2949 Theater von Stockholm,Göteborg,Bergan u.s.w.
2799 2851 4365 3011 sitzen hätten. Im übrigen müssen Sie genau so
2788 2932 4234 3057 wie ich die Abrechnungen einfach. auf Treu
2797 2974 4184 3101 und Glauben hinnehmen. Ohne die Bedeutung
2805 2970 4400 3157 Ihrer Vertriebstätigkeit auch nur im geringste
2793 3078 4259 3205 verkleinern zu wollen, möchte ich doch be¬
2791 3124 4125 3326 merken, dass die Annahme meiner Stücke
