4440 4087
472 1081 2010 1210 ner Angelegenha iten in Amerika für mich per -
476 1143 1941 1241 sönlich ei nen Vorteil und insbesondere eine
476 1184 2062 1301 Erleichterung bedeutete, wenn sie nur praktisch
476 1228 1987 1354 wirklich durchführbar wäre. Aber es passiert
504 1279 2018 1388 a immer wieder, dass Leutendie sich direkt an
478 1338 1999 1443 den autor wenden,wenn man sie demundgak an
480 1382 2076 1502 eine Vermittlerstelle verweist, überhaupt nichts
484 1445 1995 1550 mehr von sich hören lassen. Möchten Sie also
490 1467 2062 1595 vor allem so freundlich sein die Herren Kirna-
490 1548 1995 1641 trik & Brandt über den wahmen xxx
488 1607 1953 1700 zuklaren, der im Wesentlichen darin besteht,
494 1649 1931 1751 dass überhaupt kein Mensch in Amerika oder
494 1676 2030 1795 sonstwo berechtigt ist ohne meine Genehmigung
488 1749 2030 1846 einen Vertrag abzuschliessen, sei es über eine
496 1781 2074 1908 Aufführung,über einen Zeitungsabdruck, über ei-
494 1838 2024 1961 ne Buchausgabe, über einen silm. Dass ein Op¬
504 1892 2046 2004 tionsvertrag über das Aufführungsrecht meiner
496 1951 2050 2058 nächsten Stücke (über keines der bisher exis¬
500 1985 2082 2095 tierenden) mit der Famoua Players Compagny be-
502 2052 2034 2157 steht habe ich Ihnen auch mitgeteilt. Zum Ka-
540 2091 2040 2208 pitel chaos möchte ich hier gleich beifügen,
502 2137 2105 2250 dass es mir bis zum heutigen Tag nicht gelungen
514 2206 2127 2301 ist das von mir vor etwa einem Jahre unterechrie¬
514 2252 2050 2350 bene Vertragsexemplar zurückzuerhalten, obzwar
516 2305 1949 2404 ich die Summe längst bekommen habe. Ferner
508 2346 1981 2457 möchte ich noch bemerken, dass ich auch jene
518 2386 2046 2524 Erlaubnis Angebotte zu machen, die mich ja ab-
514 2449 2058 2570 solut zu nich s verpflichtet, ohneweiters zu -
522 2499 2056 2613 rückziehen kann, Jedenfalls aber mögen Kirpa¬
526 2552 2044 2671 trik & Brandt alle für mich bestimmten, resp.
520 2601 2074 2706 auf mein Werke bezüglichen Anträge an Sie ge¬
599 2655 2093 2781 ngen lassen, ebenso wie ich an mich gelangen-
526 2712 2058 2821 de Angebote, die ich nicht selbst erledige, wo-
528 2748 2006 2866 rüber ich Sie unverzüglich verständige, auch
528 2789 2070 2912 weiterhin Ihnen überweisen werde. Einige Ange¬
534 2866 1969 2961 legenheiten schweben noch zwischen Bartsch
530 2892 2086 3017 und mir, d. h. er hat mir im Sommer einen Ueber¬
534 2943 2125 3060 setzungsantrag bezüglich der „Schwestern“ über-
532 3007 2125 3119 mittelt (nur Abdruck in einer Zeitschrift, Ueber
1243 3064 2135 3149 ving, ich habe mich prinzi¬
532 3088 1176 3177 setzung von Pie###se
530 3129 2022 3276 Üiell einverstanden erklärt,, der Termin ist
4013 994 4315 1091 19/1 v
2562 1054 4112 1149 längst überschritten und ich habe nichts wie-
2564 1123 2951 1218 der gehört.
2771 1194 4058 1295 Ich wäre auch sehr einverstanden, dass
2556 1287 4090 1340 Sie Brandt & Kirpatrik die Angelegenheit des
2562 1330 3021 1419 Alian Propert
3070 1324 4153 1419 Custodian übergeben, doch glaube
2568 1380 4090 1457 ich, dass Bartsch, in diesem Falle vielleicht
2568 1445 4157 1506 nicht ganz mit Unrecht,darauf Ansprach erheben
2558 1492 4141 1554 dürfte, diese von ihm entrierte Sache auch per-
2556 1538 4092 1593 sönlich zur Abwickelung zu bringen. Dass die
3230 1587 4114 1661 an Ort und Stdle die so¬
2611 1593 4147 1696 Orlige Nachführ des Geldes zu bewirken, ist
2556 1688 4173 1759 nach den Briefen Bartschsan Karczag zweifellos.
2801 1744 4090 1829 Mit Ihren Vorschlägen Das weite Land
2558 1777 4114 1858 betreffend bin ich einverstanden, nur ist mir
2558 1846 4108 1900 nicht ganz klar, bis zu welchs Tage sich Wo¬
2556 1872 4179 1975 titzky zur Ausübung seines Aufführungs-Options-
2550 1941 4078 2016 rechts entschliessen müsste. Die Bestätigung
2552 1995 4080 2056 darüber, dass niemand ausser Ihnen berechtigt
2556 2042 4102 2107 ist, das Recht für eine englische Buchausgabe
2552 2093 4145 2192 sowie englisohor Aufführungen zu vergeben, lege
2558 2145 2839 2226 ich bei.
2787 2232 4141 2317 Noch eins. Kirpatrik & Brandt mögen Ih-
2544 2303 4100 2360 nen doch die Leute nennen,die in meinem Namen
2550 2352 4080 2422 Angebote machen, und ob diese Angebote weiter
2552 2406 4031 2467 gehen, als sie (nach den obigen Darlegungen)
2546 2451 3003 2534 gehen dürfen.
2787 2520 4104 2615 Ich lege auch einen Zeitungsausschnitt
2542 2594 4163 2675 bei und bitte dieser Angelegenheit nachzugehen,
2544 2661 4104 2710 eventuell gegen dieses Bankgeschäft, dass Auf-
2546 2710 4116 2775 führungen des „Reigen“ zu verastalten wünscht,
2546 2756 4132 2837 oder vielleicht schon veranstaltet hat, die ge-
2546 2813 3649 2906 eigneten Schritte zu untenehmen.
2807 2878 3616 2997 Mit verbindlo hem Gruss
3135 2941 3795 3056 Ihr sehr ergebener,
2542 3137 3141 3244 Herrn Leo Greiner
2536 3189 3365 3311 S.Fischer,Verlag,Berlin.
