4419 4041
3496 824 3866 942 25.4.1921.
2396 811 2907 971 Fischer.
2562 1042 3070 1136 Lieber Freund.
2807 1113 4057 1235 1. Wenn cladek vorläufig lieber Ein-
2570 1202 3958 1273 zelgastspiele veranstalten will, als eine
2577 1267 3926 1331 Tournée, so bin ich natürlich auch damit
2577 1306 4068 1385 einverstanden und habe auch eine direkt von
2577 1350 3962 1422 ihm an mich gerichtete Anfrage in diesem
2579 1404 4028 1489 Sinn behandelt. Heute bittet er mich, dass
2573 1476 4030 1526 ihm jedesfalls die Priorität einer solchen
2577 1508 4089 1580 Tournée vorläufig noch gesichert bleibe; mit
2570 1560 4111 1641 den nötigen Kautelen wird man vielleicht auch
2570 1614 3371 1699 darauf eingehen können.
2812 1676 3889 1776 Ich lege den Brief eines Herrn
2564 1739 3987 1847 Dr. Willi Schole aus Hamburg bei und bitte
2570 1807 4057 1895 auch hier nach eigenem Ermassen entscheiden
2568 1874 4022 1944 zu wollen. Mir ist es unbekannt,ob die An-
2589 1920 4003 1998 gabe der Hamburger Kammerspiele genau den
2572 1972 3309 2057 Tatsachen entspricht.
2845 2028 4053 2136 2. Was die in Berlin anzufertigende
2570 2086 4101 2182 englische Uebersetzung des „Reisen“ anbelangt
2570 2181 4101 2258 erwarte ich gern Ihre weiteren Angaben. Eine
2573 2233 4095 2296 englische Ausgabe des „Reigen existiert be-
2568 2273 4111 2333 reits, ich glaube,ich habe Ihnen davon seiner¬
2570 2331 4116 2390 zeit geschrieben. Sie ist vor wenigen Monaten
2573 2379 4057 2441 in New-York erschienen, aber als Privatdruck
2570 2429 3957 2487 in 1475 Exemplaren. Der Uebrsetzer hätte
2573 2475 4089 2543 sich vor dem Krieg an mich gewandt.ich hatte
2570 2527 4055 2595 ihm keine Autorisation erteilt, indessen hat
2570 2575 4099 2666 er währ end des Kriegs mit einem Verleger abge-
2564 2631 3955 2689 schlossen, ich bekam mit Berufung auf das
2562 2679 3982 2756 fehlende Copy-Right einen lächerlichen Be
2568 2722 4074 2824 trag, der angeblich noch ergähzt werden soll-
2577 2789 3958 2847 te, was bis heute nicht geschehen ist. Die
2564 2835 3960 2903 Uebersetzung als solo he ist copy-righted
2568 2872 4010 2951 Wie das urheberrechtlich zu verstehen ist,
2570 2936 3987 3007 bleibt vorläufig unfassbar. Es wäre damit
2562 2995 4045 3078 eigentlich der Tächerliche Zustand gegeben,
