4401 4040
571 1098 1647 1239 in New-York abgeschlossen habe.
932 1203 2090 1354 mit ein Antrag aus Polen wegen „Rei-
575 1289 1277 1396 gen" an Sie gelangt?
854 1334 2139 1471 Für Ihre freundlichen Auskünfte wegen
579 1380 1877 1554 des „Reigen"-Buches danke ich bestens
916 1515 1521 1632 Herzlich grüssend
1110 1594 1205 1681 Ihr
3624 960 3923 1086 14.2.191
2615 1013 2867 1142 chez
2811 1191 3087 1293 Freund.
2942 1283 4157 1439 der Behandlung der Sladek-Angele-
2615 1398 4169 1505 genheit durch Ihr Rureau bin ich ganz einver
2615 1449 4092 1540 standen, so dass ich vorläufig weiter nichts
2617 1507 4017 1584 dazu zu bemerken habe. Sie können Sladek
2617 1517 4213 1643 natürlich auch länger Zeit geben als acht Tage
2613 1608 4171 1701 damit er seine Verhandlungen nicht überstürzt
2609 1651 4179 1760 führen muss. Breslau, Bremen und Hannover las¬
2627 1709 3761 1832 sen Sie also noch so lange offen.
2892 1792 4171 1883 Ueber die Vorgänge hier sind Sie wohl
2619 1854 4167 1967 aus den Zeitungen unterrichtet.Zum näheren Ve¬
2623 1911 4090 1992 ständnis brauchen sie nur den Professor Be
2621 1979 3469 2084 hardie nachzulesen.
2916 2024 3909 2139 Mit der Ueberlassung von „Aus
2627 2121 4030 2212 an die „Tribüne“ unter den von ihnen ange¬
2629 2155 4147 2260 nen Voraussetzungen bin ich volkommen ein -
2627 2210 4167 2302 verstanden. Selbstverständlich könnte auch
2627 2262 4201 2347 ein oder die andere Aufführung des „Abschieds
2635 2306 4149 2403 soupers" bei Rotter unser Verfügungsrecht über
2635 2377 3777 2490 den Anatol-Zyklus nicht tangieren.
2942 2468 4223 2557 Ich bitte Sie durch Ihr Amsterdamer-
2635 2514 4223 2623 Bureau an Herrn F. Mijnssen, Amsterdam, Beurspas
2645 2573 4147 2655 sage 8, Gulden 41.06 (einundvierzig) (hollän-
2645 2619 4147 2714 disch) auszahlen zu lassen und diesen Betrap
2645 2662 4213 2776 von meinen nächsten holländischen eingängen i
2647 2748 3471 2855 Abzug bringen zu wollen.
4003 2809 4106 2881 Orz
2956 2793 3949 2918 Beigeschlossen ein Brief aus
2664 2853 4233 2990 italienische Oebersetzung der „Liebelei“ betref
2649 2924 4147 3021 fend, worüber wir ja jetzt mit einer anderen
3743 2974 4044 3057 Sie ihn
2668 2994 3547 3089 Seite in Verhandlung sind;
2657 3041 3973 3160 terdess zu unseren italienischen Akten
