4457 4088
2420 993 2841 1142 welche
3647 1039 4063 1154 25.10.1933
2602 1260 3100 1378 Lieber Freund.
2893 1330 4175 1447 Ich erhalte Ihre Abrechnung vom 18. Ok
2620 1416 4199 1495 tober über 1 Milliarde 956 Millionen Mark, dazu
2644 1469 4217 1553 dix über weitere 5 Milliarden 340 MillionenM.
2656 1523 4171 1595 als bis heute eingegangene Beträge. Das wären
2650 1579 4177 1665 also die nach 1. Oktober eingelaufenen Tantie
2656 1631 4093 1711 men. Der reelle Wert dieser fünf Milliaoden
3633 1649 4241 1762 nige. Was soll man
2618 1683 3641 1756 das wären also 20 oder 30 Pfer
2620 1731 4209 1810 dazu sagen? Wenn ich annehme, dass das die Tanz
2662 1772 4231 1860 tieme von einer Theatervosstellung ist und 10g
2618 1842 4187 1914 Tantieme berechne,so würde das einer Abendein¬
2616 1876 4203 1984 nahme des betreffenden Theaters von 5 Coldmark
2654 1936 4169 2022 entsprechen. Und da spielen die Theater noch
2660 2000 2903 2091 weiter?
2931 2062 4199 2165 Im übrigen finde ich auchin der Ab¬
2666 2133 4201 2203 rechnung über das vergangene Quartal Vorstel-
2660 2189 4201 2253 lungen vom April und Mai verzeichnet. Sind die
2660 2221 4259 2347 Theater von der Valorisierungspflicht befreit?
2929 2321 4169 2412 Es handelt sich ja hier wirklich gar
2662 2394 4145 2464 nicht mehr um Beträge. Ob man 5 oder 10 Mark
2632 2442 4137 2522 oder 50 bekommt, ist ja vollkommen irrelevant
2662 2472 4231 2566 Die Frage ist nur,ob man vor den Theatern die
2662 2542 4223 2612 verrechnungen, sowohl was Zifferals Termin an¬
2660 2588 4135 2666 belangt, einfach so hinnehmen muss. Es sind
2632 2638 4211 2729 überhaupt keine Abrechnungen,es sind Dokumente
2660 2702 3451 2801 der Zeit in jedem Sinn.
2929 2781 3639 2893 Mit herzlichem Gruss
2967 2855 3090 2951 Ihr
2620 3066 3469 3254 Börff S.Fischer,Verlag.
