4434 4040
740 1094 1970 1189 Was die zweiten 300 Collar der Green
434 1154 1964 1243 wich Village Plaxers anbelangt, werden Sie mit
436 1222 2094 1327 Ihrer postmistischen Auffassung wohl Recht haben
742 1296 1981 1402 Haben die Kammerspiele Hamburg alles
372 1356 730 1493 gezahlt?
734 1447 1602 1565 Mit verbindlichen Grüssen
1125 1520 1745 1623 Ihr sehr er ebener
426 2812 1056 2911 Herrn Leo Greiner,
432 2888 997 2985 S. Fischer, Verlag
420 2946 672 3033 Berlin.
3535 889 3932 1007 16.11.1922.
2400 833 2928 1048 Fischer.
2599 1189 3089 1284 Lieber Freund.
2801 1282 4048 1400 Ob der neue, von Ihnen vorgeschlagene
2591 1350 4137 1495 verrechnungsmodus für die Autoren vorteilhaf-
2611 1412 4123 1518 ter ist als der frühere, vermag ich schwer zu
2607 1468 4141 1567 beurteilen, klarer scholnt er mi. jedesfalls.
2605 1515 4106 1625 Und unter der Voraussetzung,dass er für Ihre
2609 1569 4085 1681 sämmtliche Autoren, ohne die überhaupt in Be
2617 1611 4203 1720 tracht kommen, gelten soll, würde ich gerne da
2617 1664 4189 1776 rauf eingehen. Es hat sich leider gezeigt, dass
2611 1693 4224 1826 déäche Voraussetzung. unter denen ich schon bei
2613 1772 4160 1877 anderen Gelegenheiten Ihren Vorschlägen meine
2615 1817 4139 1925 Zustimmung gab, nicht so ganz rigores erfüllt
2617 1865 4203 1979 wurden. Insbesondere glaube ich zu wissen, dass
2617 1908 4230 2026 manche andere Autoren Ihres Verlass ihr Honorar
2622 1966 4228 2084 nicht erst nach Massgabe des Chaatzes erhalten,
2624 2024 4187 2117 wie Sie mir zuletzt vorschlugen, und wodurch
4075 2068 4172 2132 so
2626 2076 4030 2175 ich gewissermassen in den Urzustand eines
2634 2125 4261 2239 gut wie unbekannten Autors zurückversetzt werde.
2626 2173 4216 2285 Aber diese Betrachtungen haben fast nur akade-
2624 2206 4245 2332 mischen Chs raktor, denn tatsächlich verhält sich
2632 2268 4238 2380 die Sache so, dass ich im Laufe dieses Kalender-
2661 2318 4267 2450 ahres 1922 an Buchhonoraren nur folgende erhal-
2644 2415 2942 2487 ten habe
2640 2394 4125 2526 Im Jänner für Bertha Garlan und Griechische
2640 2473 4160 2574 Tänzerin, sowie für Zuschläge für einige Werk
2638 2529 4143 2642 zusammen 31.864 Mark, ferner für je 1 Auflage
2632 2557 4290 2675 Grüner Kakadu, gedruckt 9. und 11. Auflage, gezahlt
2638 2626 4255 2733 nur die 9. unter der Annahme eines Ladenpreises
2646 2679 4259 2781 von 18 Mark, ferne je 1 Auflage Lebendige Stun-
2644 2731 4154 2837 den,gedruckt 10.-12. Auflage, gezahlt nur die
2655 2781 4224 2884 10. gls ichfalls unter der Annahme eines Laden:
2659 2828 4265 2954 preises von 18 Mark; ausserdem Gesammelte Werke
2655 2882 4265 2983 1. Reihe, gedruckt 29.-33. Aufl., gezahlt 29. und 80.
2659 2940 4187 3037 Ladenpreis 300 Mark, Gesammelte Werke 2. Reihe.
2655 2988 4191 3089 23.-26.Aufl.,gezahlt 23., Ladenpreis 375 Mark;
2659 3037 4096 3136 Überdies von den Ergänzungsbänden gedruckt
2661 3081 4236 3211 3000, honoriert je 500, Ladenprois 80 Mark. Die
