<?xml version="1.0" encoding="UTF-8" standalone="yes"?>
<PcGts xmlns="http://schema.primaresearch.org/PAGE/gts/pagecontent/2013-07-15" xmlns:xsi="http://www.w3.org/2001/XMLSchema-instance" xsi:schemaLocation="http://schema.primaresearch.org/PAGE/gts/pagecontent/2013-07-15 http://schema.primaresearch.org/PAGE/gts/pagecontent/2013-07-15/pagecontent.xsd">
    <Metadata>
        <Creator>prov=READ-COOP:name=TrHtr:version=2.1.0:model_id=51170:date=27_07_2023_22:03</Creator>
        <Created>2023-05-02T07:57:34.308+02:00</Created>
        <LastChange>2023-07-27T22:03:08.784+02:00</LastChange>
        <TranskribusMetadata docId="1416739" pageId="54953195" pageNr="231" tsid="131304486" status="IN_PROGRESS" userId="64420" imgUrl="https://files.transkribus.eu/Get?id=NKRRWKXFFZFXYILIGAGUWLIO&amp;fileType=view" xmlUrl="https://files.transkribus.eu/Get?id=JKDAEAJEMQHPWHEYNRXWMQBL" imageId="44456920"/>
    </Metadata>
    <Page imageFilename="1416739_0231.jpg" imageWidth="4466" imageHeight="4072">
        <ReadingOrder>
            <OrderedGroup id="ro_1711828037679" caption="Regions reading order">
                <RegionRefIndexed index="0" regionRef="tr_1"/>
            </OrderedGroup>
        </ReadingOrder>
        <TextRegion id="tr_1" custom="readingOrder {index:0;}">
            <Coords points="408,782 4063,782 4063,3246 408,3246"/>
            <TextLine id="tr_1_tl_1" custom="readingOrder {index:0;}">
                <Coords points="1935,888 1947,886 1951,890 1959,878 1965,880 1990,862 1996,864 2000,860 2014,870 2022,862 2028,866 2042,860 2034,782 2018,780 2010,789 1996,780 1992,784 1983,782 1967,797 1953,789 1925,791"/>
                <Baseline points="1940,832 1985,835 2030,838 2041,847"/>
                <TextEquiv>
                    <Unicode>2</Unicode>
                </TextEquiv>
            </TextLine>
            <TextLine id="tr_1_tl_2" custom="readingOrder {index:1;}">
                <Coords points="3715,886 3735,880 3800,900 3825,886 3918,923 3957,906 3989,929 4022,912 4060,914 4054,807 3977,827 3955,807 3906,809 3863,784 3821,809 3776,791 3711,797"/>
                <Baseline points="3725,868 3770,877 3815,877 3860,877 3904,880 3949,883 3994,886 4039,892 4063,892"/>
                <TextEquiv>
                    <Unicode>a/4 ct</Unicode>
                </TextEquiv>
            </TextLine>
            <TextLine id="tr_1_tl_3" custom="readingOrder {index:2;}">
                <Coords points="2433,969 2483,976 2496,965 2520,984 2534,976 2546,986 2571,975 2595,988 2654,975 2650,878 2634,878 2575,850 2561,856 2548,849 2524,868 2508,874 2494,868 2479,878 2431,864"/>
                <Baseline points="2444,961 2489,958 2534,958 2579,961 2624,964 2658,968"/>
                <TextEquiv>
                    <Unicode>fide</Unicode>
                </TextEquiv>
            </TextLine>
            <TextLine id="tr_1_tl_4" custom="readingOrder {index:3;}">
                <Coords points="2449,1118 3910,1095 3969,1083 3971,1026 3798,1045 3648,990 3319,1041 3170,992 2672,1079 2449,1061"/>
                <Baseline points="2459,1110 2495,1110 2540,1110 2585,1110 2630,1107 2674,1107 2719,1107 2764,1104 2809,1104 2853,1104 2898,1101 2943,1098 2988,1098 3033,1101 3077,1098 3122,1098 3167,1098 3212,1095 3257,1095 3301,1092 3346,1092 3391,1089 3436,1086 3480,1086 3525,1083 3570,1083 3615,1083 3660,1080 3704,1077 3749,1080 3794,1077 3839,1077 3883,1077 3928,1074 3973,1074"/>
                <TextEquiv>
                    <Unicode>her der „Reigen“ das deutsche Volk verdorben</Unicode>
                </TextEquiv>
            </TextLine>
            <TextLine id="tr_1_tl_5" custom="readingOrder {index:4;}">
                <Coords points="398,1146 1943,1116 1979,1020 819,1087 400,1047"/>
                <Baseline points="408,1125 414,1125 459,1122 504,1122 549,1122 594,1122 638,1122 683,1122 728,1122 773,1122 817,1119 862,1116 907,1116 952,1113 997,1110 1041,1110 1086,1107 1131,1107 1176,1107 1221,1107 1265,1107 1310,1107 1355,1107 1400,1104 1444,1101 1489,1098 1534,1095 1579,1095 1624,1095 1668,1095 1713,1095 1758,1092 1803,1092 1847,1089 1892,1089 1937,1086 1982,1089"/>
                <TextEquiv>
                    <Unicode>Forderung, dass ein Vertrag, er einmal geschlxx</Unicode>
                </TextEquiv>
            </TextLine>
            <TextLine id="tr_1_tl_6" custom="readingOrder {index:5;}">
                <Coords points="439,1189 1845,1154 1908,1101 439,1138"/>
                <Baseline points="450,1182 480,1179 525,1176 570,1173 614,1173 659,1170 704,1170 749,1170 794,1170 838,1167 883,1164 928,1164 973,1164 1018,1164 1062,1161 1107,1161 1152,1158 1197,1158 1241,1158 1286,1158 1331,1158 1376,1155 1421,1152 1465,1152 1510,1152 1555,1146 1600,1146 1644,1146 1689,1146 1734,1143 1779,1143 1824,1140 1868,1137 1913,1128"/>
                <TextEquiv>
                    <Unicode>sen ist, auch erfüllt, resp. dass im Nichter-</Unicode>
                </TextEquiv>
            </TextLine>
            <TextLine id="tr_1_tl_7" custom="readingOrder {index:6;}">
                <Coords points="2451,1167 3924,1142 3894,1079 2453,1116"/>
                <Baseline points="2462,1161 2495,1164 2540,1164 2585,1161 2630,1161 2674,1161 2719,1158 2764,1158 2809,1155 2853,1155 2898,1152 2943,1152 2988,1149 3033,1149 3077,1149 3122,1149 3167,1146 3212,1146 3257,1143 3301,1143 3346,1143 3391,1140 3436,1140 3480,1140 3525,1137 3570,1134 3615,1134 3660,1134 3704,1134 3749,1131 3794,1131 3839,1128 3883,1128 3928,1128"/>
                <TextEquiv>
                    <Unicode>katz und ausserdem die Mission erfüllt hat,</Unicode>
                </TextEquiv>
            </TextLine>
            <TextLine id="tr_1_tl_8" custom="readingOrder {index:7;}">
                <Coords points="2457,1217 3686,1209 3934,1181 3936,1138 2457,1177"/>
                <Baseline points="2468,1215 2507,1215 2552,1215 2597,1212 2642,1212 2686,1209 2731,1209 2776,1209 2821,1206 2865,1203 2910,1203 2955,1203 3000,1200 3045,1200 3089,1200 3134,1200 3179,1197 3224,1197 3268,1194 3313,1194 3358,1194 3403,1191 3448,1188 3492,1188 3537,1188 3582,1185 3627,1182 3671,1182 3716,1182 3761,1182 3806,1179 3851,1173 3895,1173 3940,1164"/>
                <TextEquiv>
                    <Unicode>auf mein Gesamtwerk zu drüchen. Wie der Ver¬</Unicode>
                </TextEquiv>
            </TextLine>
            <TextLine id="tr_1_tl_9" custom="readingOrder {index:8;}">
                <Coords points="433,1232 1792,1215 1860,1199 1862,1142 435,1187"/>
                <Baseline points="444,1229 477,1226 522,1223 567,1223 611,1223 656,1226 701,1223 746,1221 791,1218 835,1218 880,1215 925,1215 970,1215 1015,1212 1059,1212 1104,1212 1149,1209 1194,1206 1238,1206 1283,1206 1328,1206 1373,1203 1418,1203 1462,1200 1507,1200 1552,1200 1597,1197 1641,1197 1686,1194 1731,1194 1776,1191 1821,1188 1865,1191"/>
                <TextEquiv>
                    <Unicode>füllungsfalle angemessene Sühne geleistet</Unicode>
                </TextEquiv>
            </TextLine>
            <TextLine id="tr_1_tl_10" custom="readingOrder {index:9;}">
                <Coords points="2457,1266 2613,1305 2861,1256 3955,1238 3914,1181 2459,1217"/>
                <Baseline points="2468,1265 2483,1265 2528,1265 2573,1271 2618,1262 2662,1265 2707,1259 2752,1259 2797,1256 2842,1259 2886,1256 2931,1256 2976,1256 3021,1253 3065,1253 3110,1253 3155,1250 3200,1250 3245,1247 3289,1244 3334,1241 3379,1238 3424,1238 3468,1241 3513,1238 3558,1235 3603,1232 3648,1229 3692,1229 3737,1229 3782,1229 3827,1226 3871,1226 3916,1229 3961,1229"/>
                <TextEquiv>
                    <Unicode>ing Rischen ja leider zu befürehten scheint.</Unicode>
                </TextEquiv>
            </TextLine>
            <TextLine id="tr_1_tl_11" custom="readingOrder {index:10;}">
                <Coords points="431,1282 1727,1272 1914,1254 1916,1197 433,1232"/>
                <Baseline points="444,1277 486,1277 531,1277 576,1274 620,1271 665,1271 710,1268 755,1265 800,1268 844,1265 889,1265 934,1265 979,1265 1023,1265 1068,1262 1113,1262 1158,1259 1203,1259 1247,1256 1292,1256 1337,1253 1382,1250 1426,1250 1471,1250 1516,1247 1561,1247 1606,1244 1650,1244 1695,1244 1740,1244 1785,1241 1830,1241 1874,1238 1919,1235"/>
                <TextEquiv>
                    <Unicode>werde. Von Zwangsmassregeln könnte wohl nur</Unicode>
                </TextEquiv>
            </TextLine>
            <TextLine id="tr_1_tl_12" custom="readingOrder {index:11;}">
                <Coords points="2451,1315 3865,1295 3886,1240 2855,1254 2717,1295 2453,1266"/>
                <Baseline points="2462,1313 2501,1313 2546,1313 2591,1310 2636,1310 2680,1310 2725,1307 2770,1304 2815,1304 2859,1304 2904,1304 2949,1304 2994,1310 3039,1313 3083,1310 3128,1307 3173,1301 3218,1295 3262,1295 3307,1295 3352,1295 3397,1292 3442,1292 3486,1292 3531,1286 3576,1283 3621,1283 3665,1283 3710,1280 3755,1277 3800,1277 3845,1274 3889,1268"/>
                <TextEquiv>
                    <Unicode>Ich halte diese Furcht im Ganzen für unbe-</Unicode>
                </TextEquiv>
            </TextLine>
            <TextLine id="tr_1_tl_13" custom="readingOrder {index:12;}">
                <Coords points="437,1335 1851,1309 1864,1248 437,1284"/>
                <Baseline points="447,1328 477,1325 522,1325 567,1325 611,1322 656,1322 701,1322 746,1319 791,1316 835,1316 880,1319 925,1316 970,1313 1015,1313 1059,1313 1104,1310 1149,1307 1194,1307 1238,1304 1283,1301 1328,1301 1373,1304 1418,1301 1462,1298 1507,1298 1552,1295 1597,1295 1641,1295 1686,1292 1731,1292 1776,1292 1821,1292 1865,1292"/>
                <TextEquiv>
                    <Unicode>die Eede sein, wenn wir einen Direktor zur</Unicode>
                </TextEquiv>
            </TextLine>
            <TextLine id="tr_1_tl_14" custom="readingOrder {index:13;}">
                <Coords points="2457,1376 3947,1351 3949,1272 3022,1335 2459,1321"/>
                <Baseline points="2468,1370 2477,1370 2522,1364 2567,1364 2612,1364 2656,1361 2701,1361 2746,1358 2791,1355 2836,1355 2880,1355 2925,1355 2970,1355 3015,1355 3059,1355 3104,1355 3149,1352 3194,1346 3239,1346 3283,1346 3328,1343 3373,1343 3418,1340 3462,1340 3507,1340 3552,1334 3597,1334 3642,1334 3686,1334 3731,1331 3776,1331 3821,1328 3866,1328 3910,1325 3955,1319"/>
                <TextEquiv>
                    <Unicode>gründet. Jedenfalls stünde das von Ihnen an¬</Unicode>
                </TextEquiv>
            </TextLine>
            <TextLine id="tr_1_tl_15" custom="readingOrder {index:14;}">
                <Coords points="433,1382 1862,1356 1892,1286 435,1333"/>
                <Baseline points="444,1379 459,1376 504,1376 549,1373 594,1373 638,1373 683,1370 728,1370 773,1370 817,1370 862,1367 907,1370 952,1367 997,1367 1041,1364 1086,1361 1131,1361 1176,1358 1221,1355 1265,1355 1310,1355 1355,1352 1400,1352 1444,1349 1489,1349 1534,1349 1579,1346 1624,1346 1668,1346 1713,1343 1758,1343 1803,1343 1847,1340 1892,1340"/>
                <TextEquiv>
                    <Unicode>Unterzeichnung, nicht aber wenn wir ihn zur</Unicode>
                </TextEquiv>
            </TextLine>
            <TextLine id="tr_1_tl_16" custom="readingOrder {index:15;}">
                <Coords points="2461,1443 3071,1396 3808,1414 3888,1386 3890,1343 2463,1384"/>
                <Baseline points="2471,1418 2504,1415 2549,1415 2594,1412 2639,1412 2683,1409 2728,1409 2773,1409 2818,1409 2862,1409 2907,1409 2952,1406 2997,1403 3042,1397 3086,1397 3131,1397 3176,1397 3221,1397 3265,1397 3310,1397 3355,1397 3400,1394 3445,1391 3489,1391 3534,1388 3579,1388 3624,1385 3668,1385 3713,1388 3758,1382 3803,1382 3848,1379 3892,1373"/>
                <TextEquiv>
                    <Unicode>gegebene Symptom - ein aufpindliches Nach</Unicode>
                </TextEquiv>
            </TextLine>
            <TextLine id="tr_1_tl_17" custom="readingOrder {index:16;}">
                <Coords points="435,1441 1851,1406 1864,1353 437,1380"/>
                <Baseline points="447,1429 477,1426 522,1426 567,1424 611,1426 656,1424 701,1424 746,1424 791,1418 835,1418 880,1418 925,1418 970,1415 1015,1415 1059,1412 1104,1412 1149,1412 1194,1409 1238,1406 1283,1406 1328,1406 1373,1403 1418,1400 1462,1400 1507,1397 1552,1397 1597,1397 1641,1397 1686,1397 1731,1397 1776,1394 1821,1394 1865,1391"/>
                <TextEquiv>
                    <Unicode>Erfüllung eines unterzeichneten Vertrages</Unicode>
                </TextEquiv>
            </TextLine>
            <TextLine id="tr_1_tl_18" custom="readingOrder {index:17;}">
                <Coords points="2457,1477 3938,1445 3938,1376 3806,1416 3073,1396 2457,1445"/>
                <Baseline points="2468,1465 2510,1468 2555,1468 2600,1465 2645,1462 2689,1462 2734,1459 2779,1456 2824,1456 2868,1456 2913,1453 2958,1453 3003,1453 3048,1456 3092,1453 3137,1453 3182,1450 3227,1450 3271,1447 3316,1447 3361,1447 3406,1444 3451,1441 3495,1441 3540,1438 3585,1438 3630,1438 3674,1432 3719,1432 3764,1432 3809,1432 3854,1429 3898,1426 3943,1424"/>
                <TextEquiv>
                    <Unicode>lassen bei dem Vorkauf meiner einzelnen und</Unicode>
                </TextEquiv>
            </TextLine>
            <TextLine id="tr_1_tl_19" custom="readingOrder {index:18;}">
                <Coords points="431,1506 1860,1457 1862,1404 433,1453"/>
                <Baseline points="441,1486 477,1480 522,1477 567,1477 611,1474 656,1474 701,1474 746,1474 791,1471 835,1468 880,1468 925,1465 970,1465 1015,1465 1059,1462 1104,1459 1149,1459 1194,1459 1238,1459 1283,1456 1328,1456 1373,1456 1418,1453 1462,1450 1507,1450 1552,1450 1597,1450 1641,1447 1686,1447 1731,1444 1776,1444 1821,1441 1865,1444"/>
                <TextEquiv>
                    <Unicode>durch irgend sele neue, im Vertrag nicht</Unicode>
                </TextEquiv>
            </TextLine>
            <TextLine id="tr_1_tl_20" custom="readingOrder {index:19;}">
                <Coords points="2461,1532 3855,1512 3938,1492 3938,1447 2463,1479"/>
                <Baseline points="2471,1522 2507,1516 2552,1516 2597,1516 2642,1516 2686,1513 2731,1510 2776,1510 2821,1507 2865,1507 2910,1504 2955,1504 3000,1501 3045,1501 3089,1501 3134,1498 3179,1501 3224,1504 3268,1498 3313,1495 3358,1495 3403,1495 3448,1492 3492,1489 3537,1486 3582,1489 3627,1489 3671,1489 3716,1486 3761,1486 3806,1480 3851,1480 3895,1480 3940,1480"/>
                <TextEquiv>
                    <Unicode>gesammelten Werke - so isollert da, dass ich</Unicode>
                </TextEquiv>
            </TextLine>
            <TextLine id="tr_1_tl_21" custom="readingOrder {index:20;}">
                <Coords points="443,1532 1851,1510 1884,1453 445,1494"/>
                <Baseline points="453,1525 456,1525 501,1528 546,1528 591,1528 635,1525 680,1525 725,1522 770,1522 814,1519 859,1519 904,1516 949,1516 994,1516 1038,1516 1083,1516 1128,1513 1173,1510 1218,1510 1262,1510 1307,1507 1352,1507 1397,1504 1441,1504 1486,1501 1531,1501 1576,1498 1621,1498 1665,1498 1710,1495 1755,1495 1800,1492 1844,1492 1889,1492"/>
                <TextEquiv>
                    <Unicode>vorgesehene Bedingungen) verhalten wollten.</Unicode>
                </TextEquiv>
            </TextLine>
            <TextLine id="tr_1_tl_22" custom="readingOrder {index:21;}">
                <Coords points="2457,1571 3969,1563 3971,1488 2459,1532"/>
                <Baseline points="2468,1573 2495,1570 2540,1567 2585,1567 2630,1570 2674,1567 2719,1564 2764,1561 2809,1561 2853,1561 2898,1561 2943,1558 2988,1555 3033,1552 3077,1555 3122,1552 3167,1552 3212,1549 3257,1546 3301,1546 3346,1546 3391,1546 3436,1543 3480,1543 3525,1540 3570,1540 3615,1537 3660,1537 3704,1534 3749,1534 3794,1534 3839,1531 3883,1531 3928,1528 3973,1531"/>
                <TextEquiv>
                    <Unicode>fast geneigt ware auch dieses mindestens zum</Unicode>
                </TextEquiv>
            </TextLine>
            <TextLine id="tr_1_tl_23" custom="readingOrder {index:22;}">
                <Coords points="451,1589 1892,1557 1925,1494 453,1532"/>
                <Baseline points="462,1579 495,1579 540,1576 585,1576 629,1576 674,1573 719,1573 764,1573 809,1573 853,1570 898,1567 943,1567 988,1567 1032,1564 1077,1564 1122,1564 1167,1564 1212,1561 1256,1558 1301,1558 1346,1555 1391,1555 1435,1555 1480,1552 1525,1549 1570,1549 1615,1549 1659,1549 1704,1546 1749,1546 1794,1543 1838,1543 1883,1540 1928,1543"/>
                <TextEquiv>
                    <Unicode>Wünscht also irgend eine Direktion sich aus</Unicode>
                </TextEquiv>
            </TextLine>
            <TextLine id="tr_1_tl_24" custom="readingOrder {index:23;}">
                <Coords points="445,1634 1916,1606 1943,1555 445,1587"/>
                <Baseline points="456,1632 471,1632 516,1629 561,1629 606,1627 650,1624 695,1624 740,1627 785,1624 829,1621 874,1621 919,1618 964,1618 1009,1618 1053,1615 1098,1615 1143,1612 1188,1612 1232,1612 1277,1609 1322,1606 1367,1606 1412,1606 1456,1603 1501,1603 1546,1603 1591,1600 1635,1600 1680,1600 1725,1600 1770,1597 1815,1594 1859,1591 1904,1588 1949,1579"/>
                <TextEquiv>
                    <Unicode>irgendwelchen Gründen ihrer freiwillig über-</Unicode>
                </TextEquiv>
            </TextLine>
            <TextLine id="tr_1_tl_25" custom="readingOrder {index:24;}">
                <Coords points="2461,1636 3867,1601 3869,1544 2461,1573"/>
                <Baseline points="2471,1624 2483,1621 2528,1618 2573,1618 2618,1618 2662,1615 2707,1615 2752,1615 2797,1615 2842,1612 2886,1612 2931,1606 2976,1603 3021,1603 3065,1603 3110,1600 3155,1600 3200,1600 3245,1597 3289,1597 3334,1597 3379,1597 3424,1594 3468,1594 3513,1594 3558,1588 3603,1588 3648,1588 3692,1588 3737,1585 3782,1582 3827,1582 3871,1579"/>
                <TextEquiv>
                    <Unicode>Teil auf andere Gründe zurückzuführen als</Unicode>
                </TextEquiv>
            </TextLine>
            <TextLine id="tr_1_tl_26" custom="readingOrder {index:25;}">
                <Coords points="2467,1677 3975,1644 3989,1583 2469,1634"/>
                <Baseline points="2477,1674 2513,1668 2558,1668 2603,1668 2647,1668 2692,1665 2737,1662 2782,1662 2827,1662 2871,1662 2916,1656 2961,1653 3006,1653 3051,1656 3095,1653 3140,1653 3185,1650 3230,1647 3274,1647 3319,1647 3364,1647 3409,1647 3454,1644 3498,1644 3543,1641 3588,1638 3633,1635 3677,1635 3722,1635 3767,1635 3812,1632 3857,1632 3901,1629 3946,1629 3991,1627"/>
                <TextEquiv>
                    <Unicode>auf die eigentümliche Belastung meines Namens</Unicode>
                </TextEquiv>
            </TextLine>
            <TextLine id="tr_1_tl_27" custom="readingOrder {index:26;}">
                <Coords points="443,1697 1931,1656 1961,1603 445,1650"/>
                <Baseline points="453,1680 483,1680 528,1680 573,1677 617,1677 662,1674 707,1674 752,1674 797,1671 841,1671 886,1671 931,1668 976,1668 1020,1665 1065,1665 1110,1662 1155,1662 1200,1662 1244,1662 1289,1659 1334,1659 1379,1656 1424,1656 1468,1656 1513,1650 1558,1650 1603,1650 1647,1650 1692,1650 1737,1647 1782,1644 1827,1644 1871,1641 1916,1641 1961,1629"/>
                <TextEquiv>
                    <Unicode>nommenen Verpflichtung zu entziehen, so müss —</Unicode>
                </TextEquiv>
            </TextLine>
            <TextLine id="tr_1_tl_28" custom="readingOrder {index:27;}">
                <Coords points="2461,1732 3943,1695 3961,1636 2463,1681"/>
                <Baseline points="2471,1722 2486,1722 2531,1719 2576,1719 2621,1719 2665,1716 2710,1713 2755,1710 2800,1713 2845,1710 2889,1710 2934,1710 2979,1707 3024,1707 3068,1704 3113,1704 3158,1701 3203,1701 3248,1698 3292,1698 3337,1695 3382,1695 3427,1695 3471,1692 3516,1692 3561,1689 3606,1689 3651,1686 3695,1686 3740,1683 3785,1683 3830,1683 3874,1680 3919,1680 3964,1677"/>
                <TextEquiv>
                    <Unicode>durch die sich immer wieder erneuernden Rei-</Unicode>
                </TextEquiv>
            </TextLine>
            <TextLine id="tr_1_tl_29" custom="readingOrder {index:28;}">
                <Coords points="449,1736 1896,1715 1965,1705 1967,1648 451,1693"/>
                <Baseline points="459,1731 492,1731 537,1728 582,1728 626,1728 671,1728 716,1725 761,1725 806,1725 850,1722 895,1719 940,1719 985,1719 1029,1716 1074,1716 1119,1713 1164,1713 1209,1713 1253,1713 1298,1710 1343,1707 1388,1707 1432,1704 1477,1707 1522,1704 1567,1704 1612,1704 1656,1698 1701,1695 1746,1698 1791,1695 1835,1695 1880,1692 1925,1689 1970,1686"/>
                <TextEquiv>
                    <Unicode>ten wir zum mindesten auf Zahlung der Conven-</Unicode>
                </TextEquiv>
            </TextLine>
            <TextLine id="tr_1_tl_30" custom="readingOrder {index:29;}">
                <Coords points="2473,1803 3957,1744 3973,1687 2475,1734"/>
                <Baseline points="2483,1776 2498,1776 2543,1773 2588,1773 2633,1770 2677,1770 2722,1767 2767,1764 2812,1761 2856,1761 2901,1761 2946,1758 2991,1758 3036,1758 3080,1755 3125,1755 3170,1752 3215,1752 3259,1749 3304,1749 3349,1749 3394,1746 3439,1746 3483,1746 3528,1743 3573,1743 3618,1740 3663,1737 3707,1737 3752,1737 3797,1737 3842,1737 3886,1734 3931,1731 3976,1731"/>
                <TextEquiv>
                    <Unicode>enaffliren und das nun einmal unausrottbare</Unicode>
                </TextEquiv>
            </TextLine>
            <TextLine id="tr_1_tl_31" custom="readingOrder {index:30;}">
                <Coords points="457,1794 1557,1756 1715,1792 1965,1748 1967,1699 459,1736"/>
                <Baseline points="468,1785 492,1782 537,1782 582,1779 626,1779 671,1779 716,1779 761,1776 806,1776 850,1773 895,1770 940,1770 985,1770 1029,1767 1074,1767 1119,1767 1164,1764 1209,1764 1253,1761 1298,1761 1343,1761 1388,1758 1432,1755 1477,1758 1522,1755 1567,1755 1612,1755 1656,1752 1701,1749 1746,1746 1791,1746 1835,1746 1880,1743 1925,1740 1970,1740"/>
                <TextEquiv>
                    <Unicode>tionalstrafe bestehen, die ich im Allgemeinen</Unicode>
                </TextEquiv>
            </TextLine>
            <TextLine id="tr_1_tl_32" custom="readingOrder {index:31;}">
                <Coords points="2481,1825 3926,1805 3977,1792 3979,1736 2481,1805"/>
                <Baseline points="2492,1824 2501,1824 2546,1821 2591,1818 2636,1818 2680,1818 2725,1818 2770,1818 2815,1815 2859,1812 2904,1812 2949,1809 2994,1806 3039,1806 3083,1806 3128,1806 3173,1803 3218,1800 3262,1800 3307,1800 3352,1797 3397,1797 3442,1797 3486,1794 3531,1794 3576,1791 3621,1791 3665,1788 3710,1788 3755,1788 3800,1785 3845,1782 3889,1782 3934,1773 3979,1767"/>
                <TextEquiv>
                    <Unicode>vorurteil. Es widerstrebt mir so sehr aller-</Unicode>
                </TextEquiv>
            </TextLine>
            <TextLine id="tr_1_tl_33" custom="readingOrder {index:32;}">
                <Coords points="449,1847 1870,1815 1939,1807 1941,1752 451,1788"/>
                <Baseline points="462,1835 468,1832 513,1832 558,1832 603,1830 647,1830 692,1830 737,1827 782,1827 826,1824 871,1824 916,1821 961,1821 1006,1818 1050,1818 1095,1818 1140,1815 1185,1815 1229,1812 1274,1812 1319,1809 1364,1809 1409,1806 1453,1806 1498,1803 1543,1803 1588,1803 1632,1803 1677,1803 1722,1800 1767,1800 1812,1794 1856,1794 1901,1794 1946,1791"/>
                <TextEquiv>
                    <Unicode>wohltätigen Zwecken zuwenden möchte Die Cau-</Unicode>
                </TextEquiv>
            </TextLine>
            <TextLine id="tr_1_tl_34" custom="readingOrder {index:33;}">
                <Coords points="2467,1884 3786,1857 3874,1847 3876,1796 2469,1819"/>
                <Baseline points="2477,1874 2492,1874 2537,1871 2582,1874 2627,1871 2671,1868 2716,1868 2761,1865 2806,1862 2850,1862 2895,1862 2940,1862 2985,1856 3030,1859 3074,1859 3119,1856 3164,1856 3209,1853 3254,1850 3298,1850 3343,1850 3388,1850 3433,1847 3477,1847 3522,1844 3567,1844 3612,1841 3657,1838 3701,1838 3746,1838 3791,1835 3836,1832 3880,1830"/>
                <TextEquiv>
                    <Unicode>lei gegenteilige Symptome aufzuzählen, die</Unicode>
                </TextEquiv>
            </TextLine>
            <TextLine id="tr_1_tl_35" custom="readingOrder {index:34;}">
                <Coords points="453,1886 1857,1868 1969,1857 1971,1797 455,1845"/>
                <Baseline points="465,1886 495,1883 540,1880 585,1883 629,1880 674,1877 719,1877 764,1874 809,1874 853,1874 898,1874 943,1871 988,1868 1032,1868 1077,1865 1122,1865 1167,1862 1212,1862 1256,1862 1301,1859 1346,1862 1391,1859 1435,1856 1480,1856 1525,1853 1570,1853 1615,1853 1659,1850 1704,1850 1749,1850 1794,1847 1838,1847 1883,1844 1928,1841 1973,1841"/>
                <TextEquiv>
                    <Unicode>tion oder Garantie könnte ja dann auf ein an</Unicode>
                </TextEquiv>
            </TextLine>
            <TextLine id="tr_1_tl_36" custom="readingOrder {index:35;}">
                <Coords points="2469,1943 3686,1916 3892,1894 3894,1843 2471,1884"/>
                <Baseline points="2480,1931 2510,1928 2555,1925 2600,1922 2645,1922 2689,1922 2734,1919 2779,1916 2824,1916 2868,1913 2913,1913 2958,1910 3003,1910 3048,1907 3092,1910 3137,1907 3182,1907 3227,1901 3271,1901 3316,1901 3361,1898 3406,1898 3451,1895 3495,1895 3540,1892 3585,1892 3630,1892 3674,1889 3719,1886 3764,1886 3809,1886 3854,1883 3898,1877"/>
                <TextEquiv>
                    <Unicode>jenem nicht übermässig beweiskräftigen un-</Unicode>
                </TextEquiv>
            </TextLine>
            <TextLine id="tr_1_tl_37" custom="readingOrder {index:36;}">
                <Coords points="449,1945 1894,1912 1925,1855 451,1884"/>
                <Baseline points="459,1937 498,1937 543,1934 588,1931 632,1928 677,1928 722,1925 767,1925 812,1922 856,1925 901,1925 946,1925 991,1922 1035,1919 1080,1916 1125,1916 1170,1916 1215,1916 1259,1916 1304,1913 1349,1913 1394,1913 1438,1910 1483,1907 1528,1907 1573,1904 1618,1904 1662,1901 1707,1901 1752,1901 1797,1901 1841,1898 1886,1895 1931,1898"/>
                <TextEquiv>
                    <Unicode>deres Werk desselben Autors, jedenfalls aber</Unicode>
                </TextEquiv>
            </TextLine>
            <TextLine id="tr_1_tl_38" custom="readingOrder {index:37;}">
                <Coords points="457,1996 1849,1963 1927,1904 459,1945"/>
                <Baseline points="468,1988 498,1985 543,1985 588,1985 632,1982 677,1979 722,1982 767,1976 812,1979 856,1976 901,1976 946,1973 991,1973 1035,1973 1080,1967 1125,1967 1170,1967 1215,1964 1259,1964 1304,1964 1349,1961 1394,1961 1438,1958 1483,1958 1528,1955 1573,1955 1618,1955 1662,1952 1707,1952 1752,1949 1797,1949 1841,1946 1886,1940 1931,1934"/>
                <TextEquiv>
                    <Unicode>nur auf eims, übertragen und vrrechnet wer¬</Unicode>
                </TextEquiv>
            </TextLine>
            <TextLine id="tr_1_tl_39" custom="readingOrder {index:38;}">
                <Coords points="2467,1996 3920,1955 3999,1945 4000,1878 2469,1943"/>
                <Baseline points="2480,1985 2525,1976 2570,1973 2615,1973 2659,1973 2704,1970 2749,1970 2794,1967 2839,1967 2883,1967 2928,1964 2973,1964 3018,1961 3062,1961 3107,1958 3152,1955 3197,1955 3242,1952 3286,1952 3331,1949 3376,1952 3421,1949 3465,1946 3510,1946 3555,1943 3600,1943 3645,1940 3689,1940 3734,1934 3779,1937 3824,1937 3868,1937 3913,1937 3958,1934 4003,1934"/>
                <TextEquiv>
                    <Unicode>günstigen Symptom allermindestens die Wage zu</Unicode>
                </TextEquiv>
            </TextLine>
            <TextLine id="tr_1_tl_40" custom="readingOrder {index:39;}">
                <Coords points="2467,2044 3845,2008 3874,1955 2467,1996"/>
                <Baseline points="2477,2030 2489,2027 2534,2027 2579,2024 2624,2021 2668,2021 2713,2021 2758,2018 2803,2018 2848,2015 2892,2015 2937,2012 2982,2015 3027,2015 3071,2012 3116,2009 3161,2009 3206,2006 3251,2003 3295,2003 3340,2003 3385,2000 3430,1997 3474,1997 3519,1997 3564,1994 3609,1994 3654,1991 3698,1991 3743,1991 3788,1988 3833,1991 3877,1997"/>
                <TextEquiv>
                    <Unicode>halten scheinen,, dass wir die Fortsetzung</Unicode>
                </TextEquiv>
            </TextLine>
            <TextLine id="tr_1_tl_41" custom="readingOrder {index:40;}">
                <Coords points="449,2046 1927,2016 1929,1937 1571,1984 451,1996"/>
                <Baseline points="462,2038 501,2036 546,2036 591,2036 635,2036 680,2030 725,2030 770,2030 814,2027 859,2027 904,2027 949,2024 994,2021 1038,2021 1083,2021 1128,2018 1173,2018 1218,2015 1262,2015 1307,2018 1352,2015 1397,2012 1441,2009 1486,2006 1531,2000 1576,2000 1621,2003 1665,2006 1710,2003 1755,2000 1800,2000 1844,2000 1889,1997 1934,1997"/>
                <TextEquiv>
                    <Unicode>den. Unter diesen Bedingungen - es ist ein</Unicode>
                </TextEquiv>
            </TextLine>
            <TextLine id="tr_1_tl_42" custom="readingOrder {index:41;}">
                <Coords points="2473,2083 3372,2051 3483,2087 3534,2049 3989,2044 3991,1983 2475,2034"/>
                <Baseline points="2486,2077 2516,2077 2561,2074 2606,2071 2650,2071 2695,2071 2740,2068 2785,2068 2830,2065 2874,2065 2919,2065 2964,2065 3009,2065 3054,2062 3098,2065 3143,2062 3188,2056 3233,2056 3277,2053 3322,2053 3367,2053 3412,2053 3457,2050 3501,2047 3546,2044 3591,2044 3636,2044 3680,2041 3725,2041 3770,2038 3815,2038 3860,2038 3904,2038 3949,2036 3994,2036"/>
                <TextEquiv>
                    <Unicode>dieser Unterhaltung lieber auf eine immer nä-</Unicode>
                </TextEquiv>
            </TextLine>
            <TextLine id="tr_1_tl_43" custom="readingOrder {index:42;}">
                <Coords points="451,2103 1874,2065 1894,2010 453,2040"/>
                <Baseline points="462,2089 465,2089 510,2086 555,2086 600,2083 644,2083 689,2080 734,2080 779,2080 823,2080 868,2077 913,2077 958,2074 1003,2074 1047,2071 1092,2071 1137,2068 1182,2068 1226,2065 1271,2065 1316,2065 1361,2065 1406,2062 1450,2059 1495,2056 1540,2056 1585,2053 1629,2053 1674,2053 1719,2050 1764,2050 1809,2050 1853,2047 1898,2050"/>
                <TextEquiv>
                    <Unicode>Mass von Entgegenkommen,das die Direktoren</Unicode>
                </TextEquiv>
            </TextLine>
            <TextLine id="tr_1_tl_44" custom="readingOrder {index:43;}">
                <Coords points="2475,2134 3999,2112 4000,2046 2475,2083"/>
                <Baseline points="2486,2128 2528,2128 2573,2128 2618,2125 2662,2122 2707,2122 2752,2119 2797,2116 2842,2116 2886,2116 2931,2116 2976,2116 3021,2116 3065,2113 3110,2110 3155,2110 3200,2107 3245,2107 3289,2104 3334,2101 3379,2104 3424,2101 3468,2098 3513,2098 3558,2095 3603,2092 3648,2092 3692,2089 3737,2092 3782,2089 3827,2089 3871,2089 3916,2086 3961,2083 4006,2083"/>
                <TextEquiv>
                    <Unicode>her rückende Begegnung verschieben wollen, die</Unicode>
                </TextEquiv>
            </TextLine>
            <TextLine id="tr_1_tl_45" custom="readingOrder {index:44;}">
                <Coords points="461,2142 1884,2132 1898,2067 463,2093"/>
                <Baseline points="471,2137 513,2137 558,2137 603,2137 647,2134 692,2131 737,2131 782,2131 826,2131 871,2128 916,2125 961,2125 1006,2122 1050,2122 1095,2122 1140,2119 1185,2119 1229,2116 1274,2116 1319,2116 1364,2116 1409,2113 1453,2113 1498,2110 1543,2104 1588,2104 1632,2104 1677,2101 1722,2101 1767,2101 1812,2098 1856,2101 1901,2101"/>
                <TextEquiv>
                    <Unicode>ihrerseits selten zu üben pflegen - können</Unicode>
                </TextEquiv>
            </TextLine>
            <TextLine id="tr_1_tl_46" custom="readingOrder {index:45;}">
                <Coords points="2469,2199 3687,2160 3880,2146 3882,2101 2471,2134"/>
                <Baseline points="2480,2182 2498,2182 2543,2179 2588,2176 2633,2173 2677,2173 2722,2173 2767,2173 2812,2170 2856,2167 2901,2167 2946,2167 2991,2167 3036,2164 3080,2164 3125,2161 3170,2161 3215,2158 3259,2155 3304,2155 3349,2155 3394,2152 3439,2152 3483,2149 3528,2146 3573,2146 3618,2146 3663,2143 3707,2140 3752,2140 3797,2137 3842,2137 3886,2134"/>
                <TextEquiv>
                    <Unicode>hoffentlich Anfang Mai endlich wird sttt</Unicode>
                </TextEquiv>
            </TextLine>
            <TextLine id="tr_1_tl_47" custom="readingOrder {index:46;}">
                <Coords points="457,2203 1412,2191 1866,2162 1868,2118 457,2140"/>
                <Baseline points="468,2191 486,2188 531,2188 576,2188 620,2185 665,2182 710,2182 755,2182 800,2182 844,2179 889,2176 934,2176 979,2176 1023,2176 1068,2173 1113,2173 1158,2170 1203,2170 1247,2167 1292,2167 1337,2167 1382,2167 1426,2164 1471,2161 1516,2158 1561,2158 1606,2155 1650,2158 1695,2158 1740,2158 1785,2155 1830,2155 1874,2155"/>
                <TextEquiv>
                    <Unicode>wir natürlich auch auf die Aufführung des</Unicode>
                </TextEquiv>
            </TextLine>
            <TextLine id="tr_1_tl_48" custom="readingOrder {index:47;}">
                <Coords points="2473,2238 3841,2209 3886,2203 3888,2150 2475,2195"/>
                <Baseline points="2483,2230 2504,2230 2549,2227 2594,2227 2639,2224 2683,2227 2728,2224 2773,2221 2818,2221 2862,2221 2907,2218 2952,2221 2997,2218 3042,2215 3086,2212 3131,2212 3176,2212 3221,2209 3265,2206 3310,2206 3355,2203 3400,2203 3445,2200 3489,2197 3534,2197 3579,2197 3624,2197 3668,2197 3713,2197 3758,2194 3803,2191 3848,2191 3892,2191"/>
                <TextEquiv>
                    <Unicode>finden können. Ich versuche meine schwedi</Unicode>
                </TextEquiv>
            </TextLine>
            <TextLine id="tr_1_tl_49" custom="readingOrder {index:48;}">
                <Coords points="453,2258 1855,2215 1872,2164 455,2201"/>
                <Baseline points="465,2241 486,2241 531,2239 576,2236 620,2236 665,2236 710,2236 755,2233 800,2233 844,2233 889,2230 934,2227 979,2224 1023,2224 1068,2224 1113,2224 1158,2224 1203,2221 1247,2218 1292,2218 1337,2218 1382,2218 1426,2215 1471,2215 1516,2212 1561,2209 1606,2209 1650,2209 1695,2206 1740,2203 1785,2203 1830,2200 1874,2203"/>
                <TextEquiv>
                    <Unicode>früher angenommenen Stückes, ob es nun der</Unicode>
                </TextEquiv>
            </TextLine>
            <TextLine id="tr_1_tl_50" custom="readingOrder {index:49;}">
                <Coords points="2479,2288 3666,2242 3845,2248 3892,2292 3914,2191 2481,2236"/>
                <Baseline points="2489,2283 2528,2280 2573,2283 2618,2289 2662,2286 2707,2286 2752,2283 2797,2277 2842,2274 2886,2271 2931,2268 2976,2268 3021,2265 3065,2262 3110,2259 3155,2259 3200,2259 3245,2259 3289,2259 3334,2256 3379,2253 3424,2253 3468,2250 3513,2250 3558,2247 3603,2244 3648,2244 3692,2244 3737,2241 3782,2241 3827,2241 3871,2239 3916,2241"/>
                <TextEquiv>
                    <Unicode>sehe xxx auf den Herbst oder das nächste</Unicode>
                </TextEquiv>
            </TextLine>
            <TextLine id="tr_1_tl_51" custom="readingOrder {index:50;}">
                <Coords points="467,2309 1839,2276 1904,2264 1906,2221 469,2252"/>
                <Baseline points="477,2295 519,2289 564,2289 609,2289 653,2286 698,2286 743,2289 788,2286 832,2283 877,2283 922,2280 967,2277 1012,2274 1056,2271 1101,2271 1146,2271 1191,2271 1235,2271 1280,2268 1325,2265 1370,2265 1415,2262 1459,2262 1504,2265 1549,2259 1594,2259 1638,2259 1683,2259 1728,2259 1773,2259 1818,2253 1862,2253 1907,2256"/>
                <TextEquiv>
                    <Unicode>„Reigen sei oder ein anderes,verzichten.</Unicode>
                </TextEquiv>
            </TextLine>
            <TextLine id="tr_1_tl_52" custom="readingOrder {index:51;}">
                <Coords points="2475,2341 3804,2309 3851,2303 3853,2248 2983,2266 2634,2315 2475,2290"/>
                <Baseline points="2486,2328 2513,2325 2558,2328 2603,2328 2647,2328 2692,2328 2737,2325 2782,2325 2827,2322 2871,2322 2916,2319 2961,2316 3006,2316 3051,2313 3095,2313 3140,2313 3185,2313 3230,2310 3274,2307 3319,2307 3364,2307 3409,2304 3454,2301 3498,2301 3543,2301 3588,2298 3633,2298 3677,2295 3722,2295 3767,2292 3812,2289 3857,2289"/>
                <TextEquiv>
                    <Unicode>Frühjahr zu schieben (ob es noch möglich</Unicode>
                </TextEquiv>
            </TextLine>
            <TextLine id="tr_1_tl_53" custom="readingOrder {index:52;}">
                <Coords points="1036,2335 1223,2321 1268,2335 1295,2311 1439,2325 1475,2307 1508,2323 1542,2311 1544,2274 1492,2266 1457,2280 1402,2262 1370,2278 1307,2266 1187,2284 1038,2274"/>
                <Baseline points="1047,2319 1053,2316 1098,2316 1143,2316 1188,2316 1232,2316 1277,2313 1322,2310 1367,2310 1412,2310 1456,2310 1501,2304 1546,2307"/>
                <TextEquiv>
                    <Unicode>Herrn Direktor</Unicode>
                </TextEquiv>
            </TextLine>
            <TextLine id="tr_1_tl_54" custom="readingOrder {index:53;}">
                <Coords points="2473,2398 3914,2362 3916,2286 2473,2345"/>
                <Baseline points="2483,2385 2486,2385 2531,2382 2576,2379 2621,2379 2665,2379 2710,2379 2755,2376 2800,2373 2845,2373 2889,2370 2934,2370 2979,2367 3024,2367 3068,2370 3113,2364 3158,2364 3203,2361 3248,2361 3292,2361 3337,2361 3382,2358 3427,2355 3471,2352 3516,2352 3561,2349 3606,2346 3651,2346 3695,2346 3740,2343 3785,2343 3830,2343 3874,2346 3919,2346"/>
                <TextEquiv>
                    <Unicode>sein wird dürfte sich morgen entscheiden),</Unicode>
                </TextEquiv>
            </TextLine>
            <TextLine id="tr_1_tl_55" custom="readingOrder {index:54;}">
                <Coords points="732,2390 1923,2372 1925,2317 1717,2270 1579,2327 835,2343 734,2305"/>
                <Baseline points="743,2379 767,2379 812,2379 856,2379 901,2379 946,2373 991,2373 1035,2373 1080,2370 1125,2370 1170,2370 1215,2367 1259,2367 1304,2367 1349,2370 1394,2370 1438,2367 1483,2367 1528,2361 1573,2358 1618,2355 1662,2349 1707,2349 1752,2349 1797,2349 1841,2349 1886,2346 1931,2346"/>
                <TextEquiv>
                    <Unicode>Was nun aber xx. Kantaler anbelangt,</Unicode>
                </TextEquiv>
            </TextLine>
            <TextLine id="tr_1_tl_56" custom="readingOrder {index:55;}">
                <Coords points="2485,2437 3538,2427 3892,2402 3894,2359 2487,2392"/>
                <Baseline points="2495,2433 2507,2433 2552,2430 2597,2430 2642,2430 2686,2430 2731,2427 2776,2424 2821,2424 2865,2424 2910,2421 2955,2421 3000,2418 3045,2418 3089,2415 3134,2415 3179,2415 3224,2412 3268,2412 3313,2412 3358,2409 3403,2406 3448,2403 3492,2403 3537,2403 3582,2400 3627,2397 3671,2397 3716,2394 3761,2391 3806,2394 3851,2394 3895,2394"/>
                <TextEquiv>
                    <Unicode>in welchem Falle ich mich in Berlin etwas</Unicode>
                </TextEquiv>
            </TextLine>
            <TextLine id="tr_1_tl_57" custom="readingOrder {index:56;}">
                <Coords points="457,2463 1918,2412 1935,2366 459,2386"/>
                <Baseline points="468,2444 507,2442 552,2442 597,2439 641,2436 686,2436 731,2433 776,2436 820,2433 865,2430 910,2430 955,2427 1000,2427 1044,2427 1089,2424 1134,2421 1179,2421 1223,2418 1268,2415 1313,2415 1358,2415 1403,2412 1447,2412 1492,2409 1537,2409 1582,2406 1627,2403 1671,2403 1716,2400 1761,2400 1806,2397 1850,2397 1895,2397 1940,2397"/>
                <TextEquiv>
                    <Unicode>der mich gestern persönlich aufgesucht hat,</Unicode>
                </TextEquiv>
            </TextLine>
            <TextLine id="tr_1_tl_58" custom="readingOrder {index:57;}">
                <Coords points="467,2496 1880,2465 1943,2455 1945,2410 467,2457"/>
                <Baseline points="477,2492 513,2492 558,2492 603,2489 647,2486 692,2486 737,2483 782,2480 826,2480 871,2477 916,2480 961,2477 1006,2474 1050,2477 1095,2474 1140,2474 1185,2471 1229,2468 1274,2465 1319,2465 1364,2465 1409,2462 1453,2459 1498,2459 1543,2456 1588,2453 1632,2453 1677,2453 1722,2453 1767,2450 1812,2450 1856,2447 1901,2444 1946,2442"/>
                <TextEquiv>
                    <Unicode>so wünscht er ja gar nichts anderes als ein</Unicode>
                </TextEquiv>
            </TextLine>
            <TextLine id="tr_1_tl_59" custom="readingOrder {index:58;}">
                <Coords points="2479,2490 3949,2469 3951,2398 2481,2433"/>
                <Baseline points="2489,2489 2522,2483 2567,2483 2612,2480 2656,2480 2701,2480 2746,2477 2791,2474 2836,2474 2880,2474 2925,2474 2970,2471 3015,2468 3059,2465 3104,2465 3149,2465 3194,2462 3239,2462 3283,2462 3328,2459 3373,2459 3418,2459 3462,2456 3507,2453 3552,2453 3597,2450 3642,2447 3686,2447 3731,2444 3776,2447 3821,2447 3866,2444 3910,2442 3955,2442"/>
                <TextEquiv>
                    <Unicode>länger aufhalten würde als ich ursprünglich</Unicode>
                </TextEquiv>
            </TextLine>
            <TextLine id="tr_1_tl_60" custom="readingOrder {index:59;}">
                <Coords points="461,2552 1713,2532 1951,2500 1953,2457 463,2492"/>
                <Baseline points="471,2546 480,2546 525,2543 570,2540 614,2540 659,2537 704,2534 749,2534 794,2531 838,2531 883,2528 928,2528 973,2528 1018,2525 1062,2522 1107,2522 1152,2519 1197,2519 1241,2516 1286,2519 1331,2516 1376,2513 1421,2513 1465,2510 1510,2510 1555,2510 1600,2504 1644,2504 1689,2504 1734,2501 1779,2501 1824,2498 1868,2498 1913,2495 1958,2492"/>
                <TextEquiv>
                    <Unicode>Erstrecken des Termins über die nächste Sai-</Unicode>
                </TextEquiv>
            </TextLine>
            <TextLine id="tr_1_tl_61" custom="readingOrder {index:60;}">
                <Coords points="2518,2550 3855,2512 3926,2502 3928,2457 2520,2498"/>
                <Baseline points="2528,2534 2543,2537 2588,2534 2633,2534 2677,2531 2722,2531 2767,2528 2812,2528 2856,2525 2901,2525 2946,2522 2991,2519 3036,2519 3080,2516 3125,2516 3170,2516 3215,2513 3259,2513 3304,2513 3349,2510 3394,2507 3439,2507 3483,2507 3528,2507 3573,2501 3618,2501 3663,2498 3707,2498 3752,2495 3797,2495 3842,2495 3886,2492 3931,2492"/>
                <TextEquiv>
                    <Unicode>epfant hatte. Wien dürfte ich gleich nach</Unicode>
                </TextEquiv>
            </TextLine>
            <TextLine id="tr_1_tl_62" custom="readingOrder {index:61;}">
                <Coords points="2485,2593 3975,2559 3977,2504 2487,2544"/>
                <Baseline points="2495,2591 2501,2591 2546,2585 2591,2585 2636,2582 2680,2582 2725,2582 2770,2579 2815,2579 2859,2579 2904,2576 2949,2576 2994,2573 3039,2570 3083,2570 3128,2570 3173,2567 3218,2567 3262,2564 3307,2564 3352,2561 3397,2558 3442,2558 3486,2555 3531,2555 3576,2552 3621,2552 3665,2549 3710,2549 3755,2546 3800,2546 3845,2543 3889,2543 3934,2540 3979,2546"/>
                <TextEquiv>
                    <Unicode>Ostern verlassen, in Haag bin ich wahrschein-</Unicode>
                </TextEquiv>
            </TextLine>
            <TextLine id="tr_1_tl_63" custom="readingOrder {index:62;}">
                <Coords points="494,2605 1752,2581 1927,2567 1929,2506 496,2563"/>
                <Baseline points="504,2594 546,2594 591,2594 635,2591 680,2588 725,2588 770,2585 814,2585 859,2585 904,2585 949,2582 994,2579 1038,2576 1083,2573 1128,2570 1173,2573 1218,2567 1262,2567 1307,2567 1352,2564 1397,2564 1441,2561 1486,2561 1531,2558 1576,2558 1621,2555 1665,2555 1710,2555 1755,2555 1800,2552 1844,2549 1889,2546 1934,2549"/>
                <TextEquiv>
                    <Unicode>son hinaus, was wir ihm ohneweiters gewäh-</Unicode>
                </TextEquiv>
            </TextLine>
            <TextLine id="tr_1_tl_64" custom="readingOrder {index:63;}">
                <Coords points="2483,2660 3961,2611 3963,2559 2487,2591"/>
                <Baseline points="2495,2647 2531,2639 2576,2636 2621,2636 2665,2636 2710,2636 2755,2633 2800,2630 2845,2627 2889,2627 2934,2627 2979,2624 3024,2624 3068,2621 3113,2618 3158,2615 3203,2615 3248,2615 3292,2612 3337,2612 3382,2612 3427,2609 3471,2609 3516,2609 3561,2606 3606,2603 3651,2600 3695,2600 3740,2597 3785,2597 3830,2594 3874,2594 3919,2591 3964,2594"/>
                <TextEquiv>
                    <Unicode>lich vom 2.d.an. Meine Abmachungen mit dem</Unicode>
                </TextEquiv>
            </TextLine>
            <TextLine id="tr_1_tl_65" custom="readingOrder {index:64;}">
                <Coords points="469,2666 1841,2624 1868,2563 471,2609"/>
                <Baseline points="480,2659 483,2659 528,2647 573,2642 617,2642 662,2639 707,2639 752,2639 797,2639 841,2639 886,2636 931,2633 976,2630 1020,2627 1065,2627 1110,2624 1155,2624 1200,2621 1244,2621 1289,2621 1334,2618 1379,2618 1424,2615 1468,2615 1513,2612 1558,2609 1603,2609 1647,2606 1692,2606 1737,2603 1782,2603 1827,2600 1871,2597"/>
                <TextEquiv>
                    <Unicode>fen können, wie ich überhaupt gegen solche</Unicode>
                </TextEquiv>
            </TextLine>
            <TextLine id="tr_1_tl_66" custom="readingOrder {index:65;}">
                <Coords points="2485,2693 3747,2678 3953,2648 3955,2607 2487,2644"/>
                <Baseline points="2495,2686 2528,2686 2573,2686 2618,2686 2662,2686 2707,2683 2752,2680 2797,2680 2842,2677 2886,2677 2931,2674 2976,2674 3021,2671 3065,2671 3110,2668 3155,2665 3200,2668 3245,2662 3289,2662 3334,2662 3379,2662 3424,2662 3468,2659 3513,2659 3558,2656 3603,2653 3648,2653 3692,2650 3737,2647 3782,2647 3827,2647 3871,2645 3916,2642 3961,2633"/>
                <TextEquiv>
                    <Unicode>Direktor Verkade treffe ich diesmal persön¬</Unicode>
                </TextEquiv>
            </TextLine>
            <TextLine id="tr_1_tl_67" custom="readingOrder {index:66;}">
                <Coords points="472,2707 1874,2674 1922,2662 1923,2603 474,2658"/>
                <Baseline points="486,2698 531,2695 576,2698 620,2701 665,2698 710,2698 755,2698 800,2698 844,2695 892,2693 906,2691 952,2683 997,2680 1041,2680 1086,2680 1131,2677 1176,2674 1221,2674 1265,2671 1310,2668 1355,2668 1400,2665 1444,2665 1489,2662 1534,2659 1579,2659 1624,2656 1668,2656 1713,2656 1758,2653 1803,2650 1847,2650 1892,2650 1925,2650"/>
                <TextEquiv>
                    <Unicode>Prolongationen, wenn finanzielle Sicherstel</Unicode>
                </TextEquiv>
            </TextLine>
            <TextLine id="tr_1_tl_68" custom="readingOrder {index:67;}">
                <Coords points="2496,2760 3516,2709 3815,2740 3959,2703 3961,2648 2498,2689"/>
                <Baseline points="2507,2746 2531,2740 2576,2740 2621,2737 2665,2734 2710,2731 2755,2734 2800,2731 2845,2731 2889,2728 2934,2725 2979,2725 3024,2722 3068,2719 3113,2719 3158,2719 3203,2719 3248,2716 3292,2713 3337,2713 3382,2713 3427,2710 3471,2707 3516,2707 3561,2707 3606,2707 3651,2707 3695,2707 3740,2710 3785,2704 3830,2698 3874,2695 3919,2695 3964,2692"/>
                <TextEquiv>
                    <Unicode>lich. Ungern habe ich erfahren, dass gerade</Unicode>
                </TextEquiv>
            </TextLine>
            <TextLine id="tr_1_tl_69" custom="readingOrder {index:68;}">
                <Coords points="469,2760 1036,2731 1116,2776 1197,2727 1839,2723 1908,2709 1910,2662 634,2727 471,2695"/>
                <Baseline points="480,2752 486,2749 531,2746 576,2746 620,2746 665,2740 710,2740 755,2737 800,2734 844,2731 892,2718 892,2718 940,2728 985,2728 1029,2728 1074,2728 1119,2731 1164,2725 1209,2725 1253,2725 1298,2725 1343,2722 1388,2719 1432,2716 1477,2716 1522,2713 1567,2710 1612,2710 1656,2710 1701,2707 1746,2704 1791,2704 1835,2701 1880,2701 1913,2704"/>
                <TextEquiv>
                    <Unicode>Tung beräftig erfolgt ist, kaum jemals etwas</Unicode>
                </TextEquiv>
            </TextLine>
            <TextLine id="tr_1_tl_70" custom="readingOrder {index:69;}">
                <Coords points="2485,2794 3617,2784 3932,2762 3961,2707 2485,2766"/>
                <Baseline points="2495,2788 2534,2788 2579,2785 2624,2785 2668,2785 2713,2785 2758,2782 2803,2782 2848,2779 2892,2779 2937,2776 2982,2773 3027,2773 3071,2770 3116,2770 3161,2770 3206,2767 3251,2767 3295,2767 3340,2764 3385,2764 3430,2764 3474,2767 3519,2764 3564,2764 3609,2761 3654,2764 3698,2761 3743,2758 3788,2752 3833,2749 3877,2746 3922,2746 3967,2746"/>
                <TextEquiv>
                    <Unicode>in der letzten Zeit das „Zwischenstiel“ von</Unicode>
                </TextEquiv>
            </TextLine>
            <TextLine id="tr_1_tl_71" custom="readingOrder {index:70;}">
                <Coords points="467,2837 600,2817 636,2835 766,2825 784,2841 886,2813 951,2841 1018,2802 1069,2821 1071,2739 471,2762"/>
                <Baseline points="480,2800 492,2800 537,2800 582,2797 626,2797 671,2794 716,2791 761,2791 806,2788 850,2788 895,2785 940,2785 985,2782 1029,2782 1074,2785"/>
                <TextEquiv>
                    <Unicode>einzuwenden habe.</Unicode>
                </TextEquiv>
            </TextLine>
            <TextLine id="tr_1_tl_72" custom="readingOrder {index:71;}">
                <Coords points="2487,2859 3810,2813 3904,2804 3904,2762 2487,2809"/>
                <Baseline points="2498,2845 2519,2842 2564,2839 2609,2836 2653,2836 2698,2833 2743,2833 2788,2833 2833,2830 2877,2830 2922,2830 2967,2827 3012,2827 3056,2824 3101,2821 3146,2821 3191,2818 3236,2818 3280,2815 3325,2815 3370,2812 3415,2812 3460,2812 3504,2812 3549,2809 3594,2806 3639,2806 3683,2803 3728,2800 3773,2800 3818,2797 3863,2797 3907,2794"/>
                <TextEquiv>
                    <Unicode>einer recht mässigen Gesellschaft und mit</Unicode>
                </TextEquiv>
            </TextLine>
            <TextLine id="tr_1_tl_73" custom="readingOrder {index:72;}">
                <Coords points="2485,2898 3514,2861 3613,2896 3703,2853 3975,2857 3977,2798 2487,2857"/>
                <Baseline points="2495,2892 2501,2892 2546,2889 2591,2889 2636,2886 2680,2886 2725,2886 2770,2886 2815,2883 2859,2883 2904,2880 2949,2877 2994,2874 3039,2874 3083,2874 3128,2874 3173,2871 3218,2868 3262,2868 3307,2868 3352,2862 3397,2865 3442,2862 3486,2862 3531,2859 3576,2862 3621,2862 3665,2859 3710,2850 3755,2848 3800,2850 3845,2850 3889,2850 3934,2848 3979,2850"/>
                <TextEquiv>
                    <Unicode>dem entsprechenden Erfolge in Holland aufge-</Unicode>
                </TextEquiv>
            </TextLine>
            <TextLine id="tr_1_tl_74" custom="readingOrder {index:73;}">
                <Coords points="762,2894 1945,2870 1965,2807 1760,2792 1687,2833 1158,2802 1104,2831 1018,2802 953,2841 764,2833"/>
                <Baseline points="773,2886 806,2886 850,2883 895,2883 940,2883 985,2880 1029,2883 1074,2880 1119,2877 1164,2880 1209,2874 1253,2871 1298,2871 1343,2871 1388,2871 1432,2865 1477,2865 1522,2862 1567,2862 1612,2859 1656,2859 1701,2859 1746,2856 1791,2856 1835,2856 1880,2853 1925,2853 1970,2853"/>
                <TextEquiv>
                    <Unicode>Direktor Samst aus Chomnitz wünscht</Unicode>
                </TextEquiv>
            </TextLine>
            <TextLine id="tr_1_tl_75" custom="readingOrder {index:74;}">
                <Coords points="2492,2953 3981,2910 3995,2849 2494,2902"/>
                <Baseline points="2504,2943 2519,2940 2564,2940 2609,2940 2653,2937 2698,2937 2743,2934 2788,2934 2833,2931 2877,2931 2922,2931 2967,2928 3012,2925 3056,2922 3101,2922 3146,2922 3191,2922 3236,2922 3280,2919 3325,2916 3370,2913 3415,2913 3460,2913 3504,2907 3549,2904 3594,2904 3639,2901 3683,2901 3728,2898 3773,2895 3818,2898 3863,2898 3907,2898 3952,2898 3997,2898"/>
                <TextEquiv>
                    <Unicode>führt wurde. Sie würden mich sehr verbinden,</Unicode>
                </TextEquiv>
            </TextLine>
            <TextLine id="tr_1_tl_76" custom="readingOrder {index:75;}">
                <Coords points="472,2961 1797,2926 1971,2882 856,2908 476,2831"/>
                <Baseline points="483,2946 498,2949 543,2946 588,2946 632,2946 677,2943 722,2943 767,2940 812,2940 856,2940 901,2937 946,2934 991,2934 1035,2931 1080,2928 1125,2928 1170,2928 1215,2922 1259,2922 1304,2922 1349,2922 1394,2919 1438,2916 1483,2916 1528,2913 1573,2913 1618,2910 1662,2910 1707,2907 1752,2910 1797,2907 1841,2904 1886,2907 1931,2904 1976,2898"/>
                <TextEquiv>
                    <Unicode>wie er mir schreibt, Vertrag über einige we</Unicode>
                </TextEquiv>
            </TextLine>
            <TextLine id="tr_1_tl_77" custom="readingOrder {index:76;}">
                <Coords points="2481,2998 3973,2969 4010,2912 2483,2949"/>
                <Baseline points="2492,2994 2537,2991 2582,2991 2627,2988 2671,2988 2716,2985 2761,2985 2806,2982 2850,2982 2895,2979 2940,2979 2985,2976 3030,2976 3074,2973 3119,2973 3164,2973 3209,2970 3254,2967 3298,2967 3343,2967 3388,2967 3433,2964 3477,2964 3522,2964 3567,2958 3612,2958 3657,2955 3701,2955 3746,2958 3791,2955 3836,2952 3880,2949 3925,2949 3970,2946 4015,2946"/>
                <TextEquiv>
                    <Unicode>wenn Sie mir mitteilen wollten, unter welchen</Unicode>
                </TextEquiv>
            </TextLine>
            <TextLine id="tr_1_tl_78" custom="readingOrder {index:77;}">
                <Coords points="500,3010 1959,2981 1961,2902 502,2967"/>
                <Baseline points="510,3006 531,3003 576,3000 620,3000 665,2994 710,2994 755,2994 800,2991 844,2988 889,2988 934,2988 979,2985 1023,2982 1068,2982 1113,2979 1158,2976 1203,2976 1247,2976 1292,2973 1337,2970 1382,2970 1426,2970 1471,2967 1516,2964 1561,2964 1606,2964 1650,2970 1695,2967 1740,2961 1785,2961 1830,2961 1874,2958 1919,2955 1964,2955"/>
                <TextEquiv>
                    <Unicode>tere Städte. Da Sie ihn bereits Zwiekau und</Unicode>
                </TextEquiv>
            </TextLine>
            <TextLine id="tr_1_tl_79" custom="readingOrder {index:78;}">
                <Coords points="3878,2994 3896,2994 3908,3004 3914,3004 3926,2996 3945,3004 3967,3002 3965,2959 3936,2955 3930,2961 3922,2961 3914,2955 3904,2961 3894,2951 3878,2951"/>
                <Baseline points="3889,2994 3934,2994 3970,2997"/>
                <TextEquiv>
                    <Unicode>er</Unicode>
                </TextEquiv>
            </TextLine>
            <TextLine id="tr_1_tl_80" custom="readingOrder {index:79;}">
                <Coords points="480,3056 1884,3024 1886,2967 482,3004"/>
                <Baseline points="492,3051 501,3051 546,3051 591,3051 635,3048 680,3045 725,3042 770,3042 814,3039 859,3042 904,3039 949,3039 994,3036 1038,3033 1083,3030 1128,3030 1173,3027 1218,3027 1262,3027 1307,3024 1352,3024 1397,3021 1441,3021 1486,3018 1531,3018 1576,3015 1621,3015 1665,3012 1710,3012 1755,3009 1800,3009 1844,3009 1889,3006"/>
                <TextEquiv>
                    <Unicode>Glauchau überlassen haben, soebestemt viel</Unicode>
                </TextEquiv>
            </TextLine>
            <TextLine id="tr_1_tl_81" custom="readingOrder {index:80;}">
                <Coords points="2485,3063 3370,3018 3709,3048 3841,3026 3843,2961 2485,2994"/>
                <Baseline points="2495,3048 2501,3045 2546,3042 2591,3042 2636,3039 2680,3039 2725,3036 2770,3036 2815,3036 2859,3033 2904,3030 2949,3030 2994,3027 3039,3027 3083,3024 3128,3024 3173,3021 3218,3021 3262,3021 3307,3021 3352,3021 3397,3018 3442,3018 3486,3024 3531,3021 3576,3018 3621,3012 3665,3012 3710,3009 3755,3012 3800,3006 3845,3012"/>
                <TextEquiv>
                    <Unicode>Bedingungen Sie mit Ihrem holländischen</Unicode>
                </TextEquiv>
            </TextLine>
            <TextLine id="tr_1_tl_82" custom="readingOrder {index:81;}">
                <Coords points="2496,3107 3554,3067 3796,3101 4006,3069 4008,2998 3851,2987 3709,3044 2498,3054"/>
                <Baseline points="2507,3095 2534,3095 2579,3095 2624,3092 2668,3089 2713,3086 2758,3086 2803,3083 2848,3083 2892,3080 2937,3080 2982,3077 3027,3077 3071,3077 3116,3074 3161,3074 3206,3071 3251,3068 3295,3068 3340,3068 3385,3068 3430,3065 3474,3065 3519,3062 3564,3059 3609,3059 3654,3056 3698,3056 3743,3054 3788,3051 3833,3045 3877,3048 3922,3048 3967,3045 4012,3036"/>
                <TextEquiv>
                    <Unicode>treten und dieser mit holländischen direkte-</Unicode>
                </TextEquiv>
            </TextLine>
            <TextLine id="tr_1_tl_83" custom="readingOrder {index:82;}">
                <Coords points="484,3113 1727,3087 1857,3069 1858,3024 486,3056"/>
                <Baseline points="495,3104 519,3101 564,3101 609,3101 653,3098 698,3095 743,3095 788,3089 832,3089 877,3089 922,3086 967,3086 1012,3089 1056,3086 1101,3080 1146,3077 1191,3077 1235,3077 1280,3074 1325,3074 1370,3074 1415,3071 1459,3071 1504,3071 1549,3068 1594,3065 1638,3065 1683,3065 1728,3062 1773,3059 1818,3059 1862,3056"/>
                <TextEquiv>
                    <Unicode>leicht kein zwingender Grund mehr allzu</Unicode>
                </TextEquiv>
            </TextLine>
            <TextLine id="tr_1_tl_84" custom="readingOrder {index:83;}">
                <Coords points="478,3162 1971,3126 1988,3063 480,3111"/>
                <Baseline points="489,3155 513,3152 558,3155 603,3152 647,3152 692,3149 737,3146 782,3143 826,3143 871,3143 916,3140 961,3140 1006,3140 1050,3137 1095,3134 1140,3131 1185,3131 1229,3131 1274,3128 1319,3125 1364,3125 1409,3125 1453,3122 1498,3122 1543,3119 1588,3116 1632,3116 1677,3113 1722,3113 1767,3113 1812,3113 1856,3113 1901,3110 1946,3110 1991,3110"/>
                <TextEquiv>
                    <Unicode>strenge zu sein, denn Glaschau dürfte wohl zu</Unicode>
                </TextEquiv>
            </TextLine>
            <TextLine id="tr_1_tl_85" custom="readingOrder {index:84;}">
                <Coords points="2492,3170 2713,3176 2768,3148 2813,3170 2859,3140 2910,3164 3211,3142 3365,3168 3437,3132 3437,3093 3355,3071 2494,3107"/>
                <Baseline points="2504,3149 2546,3146 2591,3143 2636,3143 2680,3143 2725,3143 2770,3140 2815,3140 2859,3137 2904,3134 2949,3134 2994,3134 3039,3131 3083,3131 3128,3131 3173,3128 3218,3125 3262,3125 3307,3125 3352,3119 3397,3122 3442,3122"/>
                <TextEquiv>
                    <Unicode>ren abzuschliessen pflegen.</Unicode>
                </TextEquiv>
            </TextLine>
            <TextLine id="tr_1_tl_86" custom="readingOrder {index:85;}">
                <Coords points="474,3235 886,3207 1150,3270 1416,3268 1941,3185 1943,3117 476,3160"/>
                <Baseline points="486,3212 513,3206 558,3203 603,3203 647,3203 692,3200 737,3200 782,3197 826,3197 871,3194 916,3197 961,3197 1006,3194 1050,3188 1095,3188 1140,3185 1185,3185 1229,3185 1274,3182 1319,3179 1364,3176 1409,3176 1453,3173 1498,3173 1543,3170 1588,3170 1632,3170 1677,3170 1722,3167 1767,3164 1812,3164 1856,3161 1901,3155 1946,3155"/>
                <TextEquiv>
                    <Unicode>den kleinsten städten gehören,in denen bis¬</Unicode>
                </TextEquiv>
            </TextLine>
            <TextLine id="tr_1_tl_87" custom="readingOrder {index:86;}">
                <Coords points="2880,3254 3449,3241 3516,3288 3745,3288 3784,3276 3788,3138 3670,3166 3510,3124 3365,3170 3298,3148 3120,3183 3077,3156 2884,3164"/>
                <Baseline points="2892,3236 2937,3233 2982,3233 3027,3236 3071,3233 3116,3230 3161,3227 3206,3227 3251,3227 3295,3224 3340,3224 3385,3224 3430,3224 3474,3221 3519,3221 3564,3218 3609,3218 3654,3215 3698,3212 3743,3209 3788,3209"/>
                <TextEquiv>
                    <Unicode>Mit verbindl ehen Grüssen</Unicode>
                </TextEquiv>
            </TextLine>
        </TextRegion>
    </Page>
</PcGts>
