2386 3961
561 970 2222 1086 rarvorschlag, der wie Sie aus-drücklich bemerken,
565 1026 2205 1148 mich befriedigen soll,also den letztgemachten
550 1121 2155 1227 wohl überschreiten dürfte,gerne entgegensehen.
548 1204 2197 1323 Eine dritte Novelle, im Wesentlichen abgeschlos-
552 1333 2193 1433 sen,bedarf wohl aus formalen Gründen noch einer
542 1435 2085 1561 letzten Durcharbeitung; auch sie dürfte wohl
536 1524 2012 1642 noch vor dem Sommer dunckfertig vorliegen.
532 1644 2101 1771 Meine Absicht war und ist es eigentlich noch,
538 1736 2014 1856 jede dieser drei Novellen auch in Buchform
532 1831 2070 1964 einzeln zu veröffentlichen. Zuerst natürlich
1379 1925 1472 1987 zum
523 1943 2128 2078 die im Berliner Tagblatt xxx Vorabdruck gelan-
511 2045 2095 2151 gende, die aber nicht früher als zwei bis drei
509 2149 2124 2284 Monate nach Abschluss des vorabdrucks in Buch-
517 2244 2147 2375 form herauskommen darf. Es wäre etwa ein zwei
490 2348 2153 2465 bis höchstens drei-Mark-Buch; an Ihre Ein-Mark-
505 2450 2047 2558 Romanbibliothek denke ich nicht,erstens, weil
511 2558 1991 2685 mir für einen solchen Fall bessere Chancen
502 2658 2085 2782 zu Gebote stünden, als Ihre Romanbibliothek sie
500 2755 2078 2880 im Allgemeinen bietet, wie ich denn nicht ver-
490 2855 2159 2996 hehlen will, dass mir die zehnperzentige Beteili-
478 2950 2120 3087 gung, insbesondere bei einer Auflagenziffer von
