<?xml version="1.0" encoding="UTF-8" standalone="yes"?>
<PcGts xmlns="http://schema.primaresearch.org/PAGE/gts/pagecontent/2013-07-15" xmlns:xsi="http://www.w3.org/2001/XMLSchema-instance" xsi:schemaLocation="http://schema.primaresearch.org/PAGE/gts/pagecontent/2013-07-15 http://schema.primaresearch.org/PAGE/gts/pagecontent/2013-07-15/pagecontent.xsd">
    <Metadata>
        <Creator>prov=READ-COOP:name=TrHtr:version=2.1.0:model_id=51170:date=27_07_2023_22:03</Creator>
        <Created>2023-05-02T07:57:40.008+02:00</Created>
        <LastChange>2023-07-27T22:03:33.900+02:00</LastChange>
        <TranskribusMetadata docId="1416739" pageId="54953430" pageNr="281" tsid="131304539" status="IN_PROGRESS" userId="64420" imgUrl="https://files.transkribus.eu/Get?id=SKZYVRLOUXGBKSVPQABNBNZZ&amp;fileType=view" xmlUrl="https://files.transkribus.eu/Get?id=QNKVBUUZQDDZBRBCOSBWURMU" imageId="44457155"/>
    </Metadata>
    <Page imageFilename="1416739_0281.jpg" imageWidth="4408" imageHeight="4089">
        <ReadingOrder>
            <OrderedGroup id="ro_1711828076678" caption="Regions reading order">
                <RegionRefIndexed index="0" regionRef="tr_2"/>
                <RegionRefIndexed index="1" regionRef="tr_1"/>
            </OrderedGroup>
        </ReadingOrder>
        <TextRegion id="tr_2" custom="readingOrder {index:0;}">
            <Coords points="247,1018 2041,1018 2041,3161 247,3161"/>
            <TextLine id="tr_2_tl_1" custom="readingOrder {index:0;}">
                <Coords points="268,1123 1897,1110 1947,1090 1949,998 270,1036"/>
                <Baseline points="280,1113 298,1110 343,1107 388,1107 432,1107 477,1107 522,1107 567,1104 611,1104 656,1101 701,1101 746,1101 790,1101 835,1101 880,1098 925,1098 970,1095 1014,1092 1059,1095 1104,1095 1149,1095 1193,1092 1238,1089 1283,1086 1328,1086 1372,1083 1417,1083 1462,1080 1507,1080 1552,1080 1596,1077 1641,1077 1686,1077 1731,1074 1775,1074 1820,1071 1865,1071 1910,1068 1954,1068"/>
                <TextEquiv>
                    <Unicode>von 10 Mark (und wären es meinethalben100) gefal-</Unicode>
                </TextEquiv>
            </TextLine>
            <TextLine id="tr_2_tl_2" custom="readingOrder {index:1;}">
                <Coords points="262,1236 1886,1216 1958,1190 1960,1086 264,1155"/>
                <Baseline points="274,1214 307,1211 352,1211 396,1211 441,1211 486,1208 531,1208 576,1205 620,1205 665,1205 710,1202 755,1202 799,1202 844,1202 889,1199 934,1196 978,1196 1023,1196 1068,1193 1113,1193 1158,1193 1202,1193 1247,1190 1292,1187 1337,1187 1381,1184 1426,1184 1471,1184 1516,1181 1560,1181 1605,1178 1650,1178 1695,1178 1740,1175 1784,1175 1829,1172 1874,1172 1919,1169 1963,1158"/>
                <TextEquiv>
                    <Unicode>len lassen muss. Auch eine Akontozahlung für Thea-</Unicode>
                </TextEquiv>
            </TextLine>
            <TextLine id="tr_2_tl_3" custom="readingOrder {index:2;}">
                <Coords points="270,1323 1827,1325 1949,1293 1951,1197 272,1245"/>
                <Baseline points="283,1310 298,1313 343,1310 388,1310 432,1310 477,1307 522,1307 567,1307 611,1307 656,1304 701,1307 746,1304 790,1304 835,1301 880,1298 925,1298 970,1298 1014,1295 1059,1295 1104,1295 1149,1292 1193,1292 1238,1292 1283,1289 1328,1289 1372,1286 1417,1283 1462,1286 1507,1283 1552,1280 1596,1280 1641,1280 1686,1280 1731,1280 1775,1277 1820,1277 1865,1274 1910,1271 1954,1271"/>
                <TextEquiv>
                    <Unicode>tertantiemen habe ich erhalten  zwei Millionen</Unicode>
                </TextEquiv>
            </TextLine>
            <TextLine id="tr_2_tl_4" custom="readingOrder {index:3;}">
                <Coords points="268,1432 1805,1415 1921,1404 1923,1325 270,1352"/>
                <Baseline points="283,1414 313,1414 358,1414 402,1411 447,1411 492,1411 537,1411 582,1411 626,1408 671,1405 716,1405 761,1405 805,1402 850,1402 895,1402 940,1402 984,1399 1029,1399 1074,1396 1119,1396 1164,1396 1208,1396 1253,1393 1298,1393 1343,1390 1387,1390 1432,1390 1477,1387 1522,1384 1566,1384 1611,1381 1656,1381 1701,1378 1746,1378 1790,1378 1835,1375 1880,1375 1925,1375"/>
                <TextEquiv>
                    <Unicode>Mark, also gut gerechnet 2'3 Mark.Auch hier sind</Unicode>
                </TextEquiv>
            </TextLine>
            <TextLine id="tr_2_tl_5" custom="readingOrder {index:4;}">
                <Coords points="268,1561 1631,1489 1881,1524 1908,1421 1046,1417 695,1472 270,1441"/>
                <Baseline points="280,1516 298,1516 343,1513 388,1513 432,1513 477,1513 522,1510 567,1510 611,1510 656,1507 701,1507 746,1507 790,1507 835,1504 880,1504 925,1501 970,1501 1014,1501 1059,1501 1104,1498 1149,1498 1193,1495 1238,1495 1283,1495 1328,1492 1372,1492 1417,1492 1462,1492 1507,1489 1552,1486 1596,1486 1641,1483 1686,1483 1731,1483 1775,1480 1820,1480 1865,1477 1910,1474"/>
                <TextEquiv>
                    <Unicode>freilich die Markzahlungen zu einem etwas (kaum</Unicode>
                </TextEquiv>
            </TextLine>
            <TextLine id="tr_2_tl_6" custom="readingOrder {index:5;}">
                <Coords points="233,1659 1415,1602 1761,1635 1881,1607 1884,1533 1583,1502 235,1567"/>
                <Baseline points="247,1611 274,1614 319,1614 364,1614 408,1614 453,1614 498,1617 543,1614 587,1614 632,1611 677,1611 722,1608 767,1608 811,1608 856,1605 901,1605 946,1605 990,1602 1035,1602 1080,1602 1125,1602 1169,1599 1214,1596 1259,1593 1304,1596 1349,1593 1393,1593 1438,1593 1483,1590 1528,1590 1572,1590 1617,1587 1662,1584 1707,1587 1752,1584 1796,1581 1841,1581 1886,1578"/>
                <TextEquiv>
                    <Unicode>viel) besseren Kurs bei Ihnen eingegangen. (Die</Unicode>
                </TextEquiv>
            </TextLine>
            <TextLine id="tr_2_tl_7" custom="readingOrder {index:6;}">
                <Coords points="275,1744 1829,1718 1955,1687 1958,1618 761,1620 277,1674"/>
                <Baseline points="289,1722 304,1722 349,1719 393,1716 438,1716 483,1713 528,1713 573,1713 617,1713 662,1713 707,1710 752,1710 796,1707 841,1707 886,1707 931,1707 975,1704 1020,1704 1065,1701 1110,1701 1155,1701 1199,1701 1244,1701 1289,1698 1334,1698 1378,1695 1423,1692 1468,1692 1513,1692 1557,1689 1602,1689 1647,1686 1692,1689 1737,1686 1781,1686 1826,1683 1871,1683 1916,1680 1960,1683"/>
                <TextEquiv>
                    <Unicode>Tantieme ist für 2.Quartal. 1923, wurde am 30. oder</Unicode>
                </TextEquiv>
            </TextLine>
            <TextLine id="tr_2_tl_8" custom="readingOrder {index:7;}">
                <Coords points="283,1866 1949,1812 1977,1731 1171,1722 844,1775 286,1740"/>
                <Baseline points="295,1820 325,1820 370,1820 414,1820 459,1817 504,1817 549,1814 593,1814 638,1811 683,1811 728,1811 773,1808 817,1808 862,1808 907,1808 952,1808 996,1805 1041,1805 1086,1802 1131,1802 1175,1802 1220,1799 1265,1799 1310,1799 1355,1796 1399,1796 1444,1796 1489,1793 1534,1793 1578,1790 1623,1790 1668,1790 1713,1787 1757,1787 1802,1784 1847,1784 1892,1784 1937,1781 1981,1781"/>
                <TextEquiv>
                    <Unicode>31. Juli bei meiner Bank eingezahlt; in diesem Fall</Unicode>
                </TextEquiv>
            </TextLine>
            <TextLine id="tr_2_tl_9" custom="readingOrder {index:8;}">
                <Coords points="279,1966 1890,1921 2014,1905 2017,1829 281,1864"/>
                <Baseline points="292,1922 319,1922 364,1922 408,1922 453,1922 498,1919 543,1919 587,1916 632,1916 677,1916 722,1913 767,1913 811,1910 856,1910 901,1910 946,1907 990,1907 1035,1907 1080,1904 1125,1904 1169,1904 1214,1901 1259,1901 1304,1901 1349,1901 1393,1901 1438,1901 1483,1895 1528,1895 1572,1892 1617,1892 1662,1892 1707,1889 1752,1889 1796,1889 1841,1886 1886,1886 1931,1883 1975,1880 2020,1874"/>
                <TextEquiv>
                    <Unicode>war mein Schade nicht unerheblich, da gerade indie-</Unicode>
                </TextEquiv>
            </TextLine>
            <TextLine id="tr_2_tl_10" custom="readingOrder {index:9;}">
                <Coords points="288,2049 1975,2034 1990,1912 290,1955"/>
                <Baseline points="301,2029 337,2026 382,2023 426,2026 471,2023 516,2023 561,2020 605,2020 650,2017 695,2017 740,2014 784,2014 829,2014 874,2011 919,2011 964,2011 1008,2008 1053,2008 1098,2008 1143,2005 1187,2005 1232,2002 1277,2002 1322,2002 1366,1999 1411,1999 1456,1999 1501,1996 1546,1996 1590,1993 1635,1993 1680,1993 1725,1990 1769,1990 1814,1990 1859,1987 1904,1987 1948,1984 1993,1984"/>
                <TextEquiv>
                    <Unicode>sem abgelaufenen Quartal der furchtbare Marksturz</Unicode>
                </TextEquiv>
            </TextLine>
            <TextLine id="tr_2_tl_11" custom="readingOrder {index:10;}">
                <Coords points="283,2130 1755,2136 2032,2097 2034,2027 1343,2032 1216,2078 1153,2030 959,2075 610,2034 283,2086"/>
                <Baseline points="295,2128 337,2125 382,2125 426,2125 471,2125 516,2125 561,2122 605,2122 650,2119 695,2119 740,2116 784,2119 829,2116 874,2113 919,2113 964,2113 1008,2110 1053,2110 1098,2110 1143,2110 1187,2110 1232,2107 1277,2107 1322,2107 1366,2107 1411,2104 1456,2101 1501,2101 1546,2098 1590,2098 1635,2095 1680,2095 1725,2095 1769,2095 1814,2092 1859,2092 1904,2092 1948,2089 1993,2089 2038,2089"/>
                <TextEquiv>
                    <Unicode>erfolgte). Wie immer - was soll ich mit einer Akon-</Unicode>
                </TextEquiv>
            </TextLine>
            <TextLine id="tr_2_tl_12" custom="readingOrder {index:11;}">
                <Coords points="283,2254 1875,2221 1875,2147 1709,2112 1576,2158 1474,2121 286,2169"/>
                <Baseline points="295,2226 310,2229 355,2229 399,2229 444,2229 489,2226 534,2226 579,2223 623,2223 668,2220 713,2220 758,2220 802,2217 847,2217 892,2217 937,2217 981,2214 1026,2214 1071,2214 1116,2214 1161,2211 1205,2211 1250,2208 1295,2208 1340,2208 1384,2205 1429,2205 1474,2205 1519,2202 1563,2202 1608,2199 1653,2199 1698,2196 1743,2196 1787,2196 1832,2193 1877,2196"/>
                <TextEquiv>
                    <Unicode>tozahlung von 2-3 Friedenmark anfangen? (Diese</Unicode>
                </TextEquiv>
            </TextLine>
            <TextLine id="tr_2_tl_13" custom="readingOrder {index:12;}">
                <Coords points="290,2348 1925,2322 1962,2221 292,2291"/>
                <Baseline points="301,2336 310,2334 355,2334 399,2334 444,2331 489,2331 534,2328 579,2328 623,2328 668,2325 713,2322 758,2322 802,2322 847,2319 892,2319 937,2319 981,2316 1026,2316 1071,2316 1116,2316 1161,2313 1205,2310 1250,2310 1295,2307 1340,2307 1384,2307 1429,2307 1474,2307 1519,2307 1563,2304 1608,2304 1653,2304 1698,2301 1743,2298 1787,2298 1832,2298 1877,2295 1922,2295 1966,2295"/>
                <TextEquiv>
                    <Unicode>Summe stellt einen verschwindenden Bruchteil der</Unicode>
                </TextEquiv>
            </TextLine>
            <TextLine id="tr_2_tl_14" custom="readingOrder {index:13;}">
                <Coords points="290,2450 1740,2409 1877,2446 1969,2413 1971,2337 292,2370"/>
                <Baseline points="301,2435 316,2432 361,2432 405,2432 450,2432 495,2432 540,2432 584,2429 629,2429 674,2429 719,2426 764,2426 808,2423 853,2423 898,2423 943,2420 987,2420 1032,2420 1077,2420 1122,2417 1167,2414 1211,2414 1256,2414 1301,2411 1346,2408 1390,2408 1435,2408 1480,2408 1525,2408 1569,2405 1614,2405 1659,2405 1704,2402 1749,2402 1793,2402 1838,2402 1883,2399 1928,2399 1972,2399"/>
                <TextEquiv>
                    <Unicode>Provisionsperzente dar,die der Verlag von den in</Unicode>
                </TextEquiv>
            </TextLine>
            <TextLine id="tr_2_tl_15" custom="readingOrder {index:14;}">
                <Coords points="316,2553 1962,2524 2030,2514 2032,2418 316,2485"/>
                <Baseline points="328,2539 334,2536 379,2536 423,2536 468,2536 513,2533 558,2533 602,2531 647,2528 692,2528 737,2525 781,2525 826,2525 871,2522 916,2525 961,2522 1005,2522 1050,2522 1095,2522 1140,2519 1184,2519 1229,2516 1274,2516 1319,2513 1363,2513 1408,2513 1453,2510 1498,2510 1543,2507 1587,2507 1632,2507 1677,2504 1722,2504 1766,2504 1811,2504 1856,2501 1901,2501 1946,2501 1990,2501 2035,2507"/>
                <TextEquiv>
                    <Unicode>schweizer Francs einlaufenden Tantiemen bezahlt.</Unicode>
                </TextEquiv>
            </TextLine>
            <TextLine id="tr_2_tl_16" custom="readingOrder {index:15;}">
                <Coords points="292,2679 1923,2638 1945,2524 1365,2572 1264,2533 296,2557"/>
                <Baseline points="307,2641 337,2641 382,2641 426,2641 471,2641 516,2638 561,2635 605,2635 650,2635 695,2632 740,2632 784,2629 829,2626 874,2626 919,2626 964,2626 1008,2623 1053,2620 1098,2623 1143,2620 1187,2620 1232,2620 1277,2617 1322,2620 1366,2620 1411,2617 1456,2614 1501,2614 1546,2611 1590,2611 1635,2611 1680,2608 1725,2608 1769,2605 1814,2605 1859,2602 1904,2599 1948,2599"/>
                <TextEquiv>
                    <Unicode>In diesem Zusammenhang und in Konsequenz unerer</Unicode>
                </TextEquiv>
            </TextLine>
            <TextLine id="tr_2_tl_17" custom="readingOrder {index:16;}">
                <Coords points="292,2760 1918,2745 1979,2740 1984,2633 294,2686"/>
                <Baseline points="304,2748 331,2745 376,2742 420,2739 465,2739 510,2739 555,2739 599,2739 644,2736 689,2736 734,2733 778,2733 823,2730 868,2730 913,2727 958,2727 1002,2730 1047,2727 1092,2727 1137,2725 1181,2725 1226,2722 1271,2722 1316,2719 1361,2716 1405,2716 1450,2716 1495,2716 1540,2716 1584,2713 1629,2710 1674,2710 1719,2710 1763,2710 1808,2707 1853,2704 1898,2704 1943,2701 1987,2695"/>
                <TextEquiv>
                    <Unicode>Abmachungen, nach der ich Auslandsverträge dem Ver-</Unicode>
                </TextEquiv>
            </TextLine>
            <TextLine id="tr_2_tl_18" custom="readingOrder {index:17;}">
                <Coords points="281,2871 1781,2843 1873,2821 1875,2745 283,2786"/>
                <Baseline points="295,2847 310,2844 355,2844 399,2844 444,2844 489,2844 534,2838 579,2838 623,2838 668,2838 713,2835 758,2832 802,2832 847,2829 892,2829 937,2829 981,2829 1026,2829 1071,2829 1116,2826 1161,2826 1205,2823 1250,2823 1295,2823 1340,2823 1384,2820 1429,2820 1474,2817 1519,2817 1563,2814 1608,2811 1653,2811 1698,2811 1743,2811 1787,2811 1832,2808 1877,2811"/>
                <TextEquiv>
                    <Unicode>lag nur fallweise und keineswegs obligatorish</Unicode>
                </TextEquiv>
            </TextLine>
            <TextLine id="tr_2_tl_19" custom="readingOrder {index:18;}">
                <Coords points="286,2950 883,2976 1764,2921 1838,2958 1908,2943 1910,2838 286,2893"/>
                <Baseline points="298,2945 343,2945 388,2945 432,2945 477,2942 522,2942 567,2939 611,2942 656,2939 701,2936 746,2936 790,2933 835,2930 880,2930 925,2930 970,2930 1014,2930 1059,2930 1104,2927 1149,2927 1193,2927 1238,2924 1283,2924 1328,2924 1372,2921 1417,2921 1462,2919 1507,2916 1552,2919 1596,2916 1641,2916 1686,2913 1731,2913 1775,2910 1820,2910 1865,2910 1910,2913"/>
                <TextEquiv>
                    <Unicode>Überlasse, möchte ich hier gleich bemerken, dass</Unicode>
                </TextEquiv>
            </TextLine>
            <TextLine id="tr_2_tl_20" custom="readingOrder {index:19;}">
                <Coords points="294,3059 1855,3050 1877,2952 296,2989"/>
                <Baseline points="307,3050 313,3050 358,3050 402,3047 447,3047 492,3047 537,3044 582,3044 626,3041 671,3041 716,3041 761,3038 805,3035 850,3035 895,3035 940,3035 984,3035 1029,3029 1074,3032 1119,3029 1164,3029 1208,3026 1253,3026 1298,3026 1343,3026 1387,3026 1432,3023 1477,3020 1522,3020 1566,3020 1611,3017 1656,3017 1701,3014 1746,3014 1790,3014 1835,3011 1880,3011"/>
                <TextEquiv>
                    <Unicode>ich mit Kalckar und Linden künftig persönlich</Unicode>
                </TextEquiv>
            </TextLine>
            <TextLine id="tr_2_tl_21" custom="readingOrder {index:20;}">
                <Coords points="286,3154 1805,3159 2034,3124 2036,3050 1236,3026 288,3091"/>
                <Baseline points="298,3151 340,3151 385,3151 429,3148 474,3148 519,3145 564,3145 608,3145 653,3145 698,3142 743,3142 787,3142 832,3139 877,3136 922,3136 967,3133 1011,3133 1056,3133 1101,3130 1146,3127 1190,3127 1235,3127 1280,3127 1325,3127 1369,3124 1414,3124 1459,3121 1504,3121 1549,3118 1593,3118 1638,3115 1683,3115 1728,3115 1772,3113 1817,3113 1862,3113 1907,3113 1951,3110 1996,3110 2041,3110"/>
                <TextEquiv>
                    <Unicode>abzuschliessen und zu verrechnen wünsche. Die alten</Unicode>
                </TextEquiv>
            </TextLine>
        </TextRegion>
        <TextRegion id="tr_1" custom="readingOrder {index:1;}">
            <Coords points="2533,797 4288,797 4288,3254 2533,3254"/>
            <TextLine id="tr_1_tl_1" custom="readingOrder {index:0;}">
                <Coords points="3702,887 3765,896 3795,885 3839,903 3880,892 3944,924 3968,913 3983,924 4055,887 4040,719 3959,739 3944,724 3893,735 3789,708 3689,719"/>
                <Baseline points="3712,847 3757,847 3802,850 3847,853 3892,856 3936,859 3981,868 4026,871 4059,874"/>
                <TextEquiv>
                    <Unicode>2318</Unicode>
                </TextEquiv>
            </TextLine>
            <TextLine id="tr_1_tl_2" custom="readingOrder {index:1;}">
                <Coords points="2520,1042 2786,1086 2902,1036 3992,1027 4149,998 4151,937 3791,883 3628,944 2522,983"/>
                <Baseline points="2533,1038 2545,1038 2590,1041 2635,1038 2680,1038 2725,1035 2769,1035 2814,1032 2859,1032 2904,1029 2948,1029 2993,1023 3038,1023 3083,1023 3127,1017 3172,1017 3217,1014 3262,1014 3307,1011 3351,1008 3396,1005 3441,1005 3486,1002 3530,999 3575,996 3620,996 3665,996 3709,993 3754,993 3799,990 3844,987 3889,984 3933,984 3978,981 4023,981 4068,978 4112,978 4157,975"/>
                <TextEquiv>
                    <Unicode>Vorträge laufen näürlich weiter und die Schwiz</Unicode>
                </TextEquiv>
            </TextLine>
            <TextLine id="tr_1_tl_3" custom="readingOrder {index:2;}">
                <Coords points="2527,1151 2849,1140 2945,1184 3732,1090 4105,1134 4155,1125 4159,1044 3734,998 3318,1068 2529,1083"/>
                <Baseline points="2539,1146 2551,1143 2596,1143 2641,1143 2686,1140 2730,1137 2775,1137 2820,1134 2865,1131 2910,1128 2954,1128 2999,1125 3044,1122 3089,1122 3133,1122 3178,1116 3223,1119 3268,1116 3312,1116 3357,1113 3402,1110 3447,1107 3492,1104 3536,1101 3581,1098 3626,1095 3671,1095 3715,1092 3760,1092 3805,1089 3850,1086 3894,1086 3939,1086 3984,1083 4029,1080 4074,1080 4118,1077 4163,1074"/>
                <TextEquiv>
                    <Unicode>eselbst als deutsches Sprachgebiet bleibt Ihnen</Unicode>
                </TextEquiv>
            </TextLine>
            <TextLine id="tr_1_tl_4" custom="readingOrder {index:3;}">
                <Coords points="2533,1264 3019,1284 3124,1225 3346,1258 3436,1216 4061,1201 4064,1125 2535,1210"/>
                <Baseline points="2545,1244 2587,1241 2632,1241 2677,1238 2722,1235 2766,1235 2811,1232 2856,1232 2901,1229 2945,1229 2990,1226 3035,1223 3080,1223 3124,1220 3169,1220 3214,1217 3259,1217 3304,1214 3348,1211 3393,1211 3438,1208 3483,1205 3527,1205 3572,1202 3617,1199 3662,1196 3706,1196 3751,1196 3796,1193 3841,1190 3886,1187 3930,1187 3975,1184 4020,1181 4065,1178"/>
                <TextEquiv>
                    <Unicode>weiterhin überlassen; aber ich habe unter den</Unicode>
                </TextEquiv>
            </TextLine>
            <TextLine id="tr_1_tl_5" custom="readingOrder {index:4;}">
                <Coords points="2529,1376 4155,1315 4181,1221 3776,1199 2533,1308"/>
                <Baseline points="2542,1355 2572,1349 2617,1349 2662,1346 2707,1343 2751,1340 2796,1337 2841,1334 2886,1334 2930,1331 2975,1331 3020,1328 3065,1325 3110,1325 3154,1322 3199,1322 3244,1319 3289,1316 3333,1316 3378,1313 3423,1310 3468,1307 3512,1307 3557,1304 3602,1304 3647,1301 3692,1298 3736,1298 3781,1295 3826,1295 3871,1292 3915,1289 3960,1289 4005,1286 4050,1283 4094,1283 4139,1280 4184,1274"/>
                <TextEquiv>
                    <Unicode>gegenwärtigen Umständen wahrhaftig keinerlei An-</Unicode>
                </TextEquiv>
            </TextLine>
            <TextLine id="tr_1_tl_6" custom="readingOrder {index:5;}">
                <Coords points="2540,1461 2799,1500 2910,1437 3366,1472 3880,1450 4053,1393 4138,1426 4192,1413 4196,1299 2542,1393"/>
                <Baseline points="2551,1450 2587,1450 2632,1447 2677,1444 2722,1441 2766,1438 2811,1438 2856,1435 2901,1432 2945,1432 2990,1429 3035,1429 3080,1426 3124,1426 3169,1423 3214,1423 3259,1420 3304,1417 3348,1414 3393,1411 3438,1411 3483,1408 3527,1405 3572,1405 3617,1402 3662,1402 3706,1402 3751,1399 3796,1396 3841,1396 3886,1393 3930,1390 3975,1390 4020,1387 4065,1384 4109,1381 4154,1375 4199,1372"/>
                <TextEquiv>
                    <Unicode>lass weder rechtlichen noch suhischen, aus Norwe-</Unicode>
                </TextEquiv>
            </TextLine>
            <TextLine id="tr_1_tl_7" custom="readingOrder {index:6;}">
                <Coords points="2535,1563 2910,1541 3011,1598 3715,1559 4140,1511 4157,1441 2538,1504"/>
                <Baseline points="2548,1555 2551,1555 2596,1552 2641,1552 2686,1549 2730,1546 2775,1543 2820,1540 2865,1537 2910,1537 2954,1534 2999,1534 3044,1531 3089,1528 3133,1528 3178,1522 3223,1522 3268,1522 3312,1519 3357,1516 3402,1516 3447,1513 3492,1510 3536,1510 3581,1507 3626,1507 3671,1501 3715,1501 3760,1498 3805,1498 3850,1495 3894,1495 3939,1492 3984,1489 4029,1486 4074,1483 4118,1477 4163,1471"/>
                <TextEquiv>
                    <Unicode>gen,Schweden,Dänemark in Fällen,wo die Vermitt-</Unicode>
                </TextEquiv>
            </TextLine>
            <TextLine id="tr_1_tl_8" custom="readingOrder {index:7;}">
                <Coords points="2533,1652 4107,1639 4111,1515 2535,1594"/>
                <Baseline points="2545,1650 2548,1650 2593,1650 2638,1650 2683,1647 2727,1647 2772,1644 2817,1641 2862,1641 2907,1638 2951,1635 2996,1635 3041,1632 3086,1632 3130,1629 3175,1626 3220,1623 3265,1620 3310,1620 3354,1620 3399,1617 3444,1617 3489,1614 3533,1611 3578,1611 3623,1608 3668,1605 3712,1605 3757,1602 3802,1599 3847,1599 3892,1596 3936,1596 3981,1593 4026,1590 4071,1587 4115,1581"/>
                <TextEquiv>
                    <Unicode>lung des verlages total überflüssig ist,einem</Unicode>
                </TextEquiv>
            </TextLine>
            <TextLine id="tr_1_tl_9" custom="readingOrder {index:8;}">
                <Coords points="2542,1770 2845,1807 3359,1733 3499,1775 3743,1724 4166,1744 4196,1650 3673,1635 2777,1709 2546,1655"/>
                <Baseline points="2554,1752 2587,1752 2632,1749 2677,1749 2722,1746 2766,1746 2811,1746 2856,1743 2901,1740 2945,1737 2990,1737 3035,1737 3080,1734 3124,1731 3169,1731 3214,1728 3259,1725 3304,1725 3348,1722 3393,1719 3438,1719 3483,1716 3527,1713 3572,1713 3617,1710 3662,1707 3706,1707 3751,1704 3796,1701 3841,1701 3886,1701 3930,1701 3975,1698 4020,1695 4065,1692 4109,1689 4154,1683 4199,1680"/>
                <TextEquiv>
                    <Unicode>12%igen Anteil meiner Tantiemen dem Verlag über-</Unicode>
                </TextEquiv>
            </TextLine>
            <TextLine id="tr_1_tl_10" custom="readingOrder {index:9;}">
                <Coords points="2540,1853 2649,1894 2712,1881 2745,1903 2895,1894 2965,1844 3013,1857 3054,1899 3139,1879 3141,1785 3087,1768 2947,1805 2921,1785 2847,1807 2686,1788 2542,1807"/>
                <Baseline points="2551,1853 2563,1853 2608,1853 2653,1853 2698,1850 2742,1847 2787,1847 2832,1844 2877,1844 2921,1841 2966,1838 3011,1838 3056,1835 3101,1835 3145,1838"/>
                <TextEquiv>
                    <Unicode>weisen zu lassen.</Unicode>
                </TextEquiv>
            </TextLine>
            <TextLine id="tr_1_tl_11" custom="readingOrder {index:10;}">
                <Coords points="2862,1962 3002,1942 3080,1997 3244,1931 4138,1949 4183,1942 4188,1842 2865,1890"/>
                <Baseline points="2874,1940 2892,1940 2936,1940 2981,1940 3026,1937 3071,1937 3115,1937 3160,1937 3205,1934 3250,1931 3295,1931 3339,1928 3384,1925 3429,1922 3474,1922 3518,1919 3563,1916 3608,1919 3653,1916 3698,1913 3742,1910 3787,1907 3832,1907 3877,1904 3921,1901 3966,1901 4011,1898 4056,1895 4100,1892 4145,1889 4190,1883"/>
                <TextEquiv>
                    <Unicode>Wie soll ich mich nun gar zu der neuer</Unicode>
                </TextEquiv>
            </TextLine>
            <TextLine id="tr_1_tl_12" custom="readingOrder {index:11;}">
                <Coords points="2557,2075 3154,2038 3562,2075 3695,2017 4251,2001 4253,1934 2562,1990"/>
                <Baseline points="2569,2062 2599,2059 2644,2056 2689,2053 2733,2053 2778,2050 2823,2050 2868,2047 2913,2044 2957,2044 3002,2041 3047,2041 3092,2038 3136,2035 3181,2035 3226,2035 3271,2032 3315,2029 3360,2026 3405,2026 3450,2023 3495,2020 3539,2017 3584,2017 3629,2014 3674,2014 3718,2011 3763,2008 3808,2008 3853,2005 3897,2002 3942,2002 3987,2002 4032,1999 4077,1999 4121,1996 4166,1993 4211,1990 4256,1984"/>
                <TextEquiv>
                    <Unicode>lich freundlichst ausgedrückten Bereitwi lligkeit</Unicode>
                </TextEquiv>
            </TextLine>
            <TextLine id="tr_1_tl_13" custom="readingOrder {index:12;}">
                <Coords points="2559,2171 3741,2171 4083,2097 4218,2134 4249,2023 2564,2097"/>
                <Baseline points="2572,2163 2596,2163 2641,2157 2686,2157 2730,2154 2775,2151 2820,2151 2865,2148 2910,2148 2954,2145 2999,2145 3044,2142 3089,2140 3133,2140 3178,2137 3223,2134 3268,2134 3312,2131 3357,2131 3402,2128 3447,2125 3492,2125 3536,2122 3581,2119 3626,2119 3671,2116 3715,2116 3760,2113 3805,2110 3850,2107 3894,2107 3939,2104 3984,2104 4029,2101 4074,2098 4118,2095 4163,2095 4208,2092 4253,2089"/>
                <TextEquiv>
                    <Unicode>neuerlicher Akontozahlungen verhalten? Sie hat für</Unicode>
                </TextEquiv>
            </TextLine>
            <TextLine id="tr_1_tl_14" custom="readingOrder {index:13;}">
                <Coords points="2555,2280 3379,2291 3621,2224 4218,2254 4223,2139 3577,2176 3329,2134 2740,2226 2557,2200"/>
                <Baseline points="2566,2262 2569,2265 2614,2262 2659,2262 2704,2259 2748,2256 2793,2253 2838,2253 2883,2253 2927,2250 2972,2247 3017,2247 3062,2244 3107,2241 3151,2241 3196,2238 3241,2235 3286,2235 3330,2232 3375,2229 3420,2229 3465,2226 3509,2223 3554,2223 3599,2220 3644,2217 3689,2217 3733,2214 3778,2214 3823,2211 3868,2211 3912,2211 3957,2208 4002,2205 4047,2202 4091,2202 4136,2199 4181,2199 4226,2199"/>
                <TextEquiv>
                    <Unicode>mich nur dann Wert, wenn in einer solchen Zahlung</Unicode>
                </TextEquiv>
            </TextLine>
            <TextLine id="tr_1_tl_15" custom="readingOrder {index:14;}">
                <Coords points="2568,2365 3150,2405 4192,2359 4196,2252 2570,2313"/>
                <Baseline points="2581,2366 2587,2363 2632,2363 2677,2360 2722,2360 2766,2357 2811,2354 2856,2354 2901,2351 2945,2351 2990,2348 3035,2345 3080,2345 3124,2342 3169,2342 3214,2339 3259,2339 3304,2336 3348,2336 3393,2334 3438,2331 3483,2328 3527,2328 3572,2325 3617,2322 3662,2322 3706,2319 3751,2319 3796,2316 3841,2316 3886,2316 3930,2313 3975,2313 4020,2307 4065,2304 4109,2301 4154,2301 4199,2298"/>
                <TextEquiv>
                    <Unicode>eine etwas grosszügigere Gesinnung zum Ausdruck</Unicode>
                </TextEquiv>
            </TextLine>
            <TextLine id="tr_1_tl_16" custom="readingOrder {index:15;}">
                <Coords points="2562,2496 3239,2444 3338,2487 3484,2435 3564,2481 4094,2457 4229,2363 2566,2409"/>
                <Baseline points="2575,2468 2578,2468 2623,2468 2668,2465 2713,2462 2757,2459 2802,2459 2847,2456 2892,2453 2936,2453 2981,2450 3026,2450 3071,2450 3115,2447 3160,2444 3205,2441 3250,2441 3295,2438 3339,2435 3384,2432 3429,2432 3474,2432 3518,2429 3563,2426 3608,2423 3653,2423 3698,2420 3742,2417 3787,2417 3832,2414 3877,2411 3921,2411 3966,2408 4011,2408 4056,2408 4100,2405 4145,2405 4190,2402 4235,2402"/>
                <TextEquiv>
                    <Unicode>käme, als ich sie diesmal zu erkennen in der Lage</Unicode>
                </TextEquiv>
            </TextLine>
            <TextLine id="tr_1_tl_17" custom="readingOrder {index:16;}">
                <Coords points="2572,2588 3128,2557 3222,2605 3610,2529 3673,2570 4050,2562 4236,2505 4238,2455 2575,2533"/>
                <Baseline points="2587,2566 2632,2569 2677,2566 2722,2566 2766,2563 2811,2560 2856,2557 2901,2554 2945,2551 2990,2551 3035,2551 3080,2551 3124,2548 3169,2548 3214,2545 3259,2542 3304,2539 3348,2539 3393,2536 3438,2533 3483,2533 3527,2531 3572,2528 3617,2525 3662,2525 3706,2522 3751,2522 3796,2519 3841,2519 3886,2516 3930,2513 3975,2510 4020,2507 4065,2507 4109,2507 4154,2504 4199,2501 4244,2498"/>
                <TextEquiv>
                    <Unicode>war. Sind die Eingängeaus meinen Büchern und Stü</Unicode>
                </TextEquiv>
            </TextLine>
            <TextLine id="tr_1_tl_18" custom="readingOrder {index:17;}">
                <Coords points="2581,2679 4149,2662 4244,2627 4247,2535 2738,2640 2585,2596"/>
                <Baseline points="2593,2668 2638,2671 2683,2668 2727,2665 2772,2665 2817,2662 2862,2659 2907,2656 2951,2653 2996,2653 3041,2653 3086,2650 3130,2650 3175,2647 3220,2644 3265,2641 3310,2641 3354,2638 3399,2635 3444,2635 3489,2632 3533,2629 3578,2629 3623,2626 3668,2623 3712,2623 3757,2623 3802,2620 3847,2617 3892,2614 3936,2614 3981,2614 4026,2614 4071,2611 4115,2611 4160,2608 4205,2608 4250,2605"/>
                <TextEquiv>
                    <Unicode>cken aus welchen Gründen immer weiterhin so kläg</Unicode>
                </TextEquiv>
            </TextLine>
            <TextLine id="tr_1_tl_19" custom="readingOrder {index:18;}">
                <Coords points="2575,2788 4138,2766 4277,2734 4282,2649 2577,2718"/>
                <Baseline points="2587,2772 2629,2772 2674,2769 2719,2769 2763,2766 2808,2763 2853,2760 2898,2757 2942,2757 2987,2754 3032,2751 3077,2751 3121,2751 3166,2748 3211,2745 3256,2742 3301,2742 3345,2739 3390,2739 3435,2739 3480,2736 3524,2736 3569,2733 3614,2730 3659,2730 3703,2727 3748,2725 3793,2722 3838,2722 3883,2719 3927,2716 3972,2716 4017,2713 4062,2710 4106,2710 4151,2707 4196,2707 4241,2704 4285,2701"/>
                <TextEquiv>
                    <Unicode>lich, wie in den letzten Monaten, so mache ich auch</Unicode>
                </TextEquiv>
            </TextLine>
            <TextLine id="tr_1_tl_20" custom="readingOrder {index:19;}">
                <Coords points="2583,2899 4155,2869 4282,2825 4284,2742 2585,2830"/>
                <Baseline points="2596,2877 2632,2874 2677,2871 2722,2871 2766,2868 2811,2865 2856,2862 2901,2862 2945,2859 2990,2856 3035,2856 3080,2853 3124,2850 3169,2850 3214,2847 3259,2847 3304,2844 3348,2844 3393,2841 3438,2838 3483,2835 3527,2838 3572,2835 3617,2832 3662,2829 3706,2829 3751,2826 3796,2823 3841,2820 3886,2820 3930,2817 3975,2814 4020,2811 4065,2811 4109,2811 4154,2808 4199,2811 4244,2805 4288,2802"/>
                <TextEquiv>
                    <Unicode>auf Akontozahlungen keinen Anspruch.Eine Revision</Unicode>
                </TextEquiv>
            </TextLine>
            <TextLine id="tr_1_tl_21" custom="readingOrder {index:20;}">
                <Coords points="2581,3006 4009,2984 4157,2921 4282,2950 4286,2856 2583,2921"/>
                <Baseline points="2593,2975 2632,2975 2677,2975 2722,2972 2766,2969 2811,2969 2856,2966 2901,2963 2945,2963 2990,2963 3035,2957 3080,2954 3124,2954 3169,2951 3214,2951 3259,2948 3304,2945 3348,2945 3393,2942 3438,2939 3483,2939 3527,2936 3572,2936 3617,2933 3662,2930 3706,2930 3751,2927 3796,2924 3841,2921 3886,2921 3930,2919 3975,2916 4020,2916 4065,2913 4109,2913 4154,2910 4199,2910 4244,2907 4288,2904"/>
                <TextEquiv>
                    <Unicode>unserer, bis zum 15. Dez.gültigen Abmachungen aber</Unicode>
                </TextEquiv>
            </TextLine>
            <TextLine id="tr_1_tl_22" custom="readingOrder {index:21;}">
                <Coords points="2594,3104 2771,3133 3183,3061 3281,3115 3955,3024 4225,3083 4231,2941 2599,3017"/>
                <Baseline points="2608,3080 2623,3080 2668,3080 2713,3077 2757,3074 2802,3074 2847,3074 2892,3071 2936,3068 2981,3065 3026,3062 3071,3062 3115,3059 3160,3059 3205,3056 3250,3053 3295,3050 3339,3050 3384,3047 3429,3047 3474,3044 3518,3041 3563,3041 3608,3038 3653,3035 3698,3035 3742,3032 3787,3032 3832,3026 3877,3026 3921,3026 3966,3020 4011,3020 4056,3020 4100,3020 4145,3014 4190,3014 4235,3008"/>
                <TextEquiv>
                    <Unicode>erscheint mir, wie ich zum Schlusse noch einmal</Unicode>
                </TextEquiv>
            </TextLine>
            <TextLine id="tr_1_tl_23" custom="readingOrder {index:22;}">
                <Coords points="2588,3211 3130,3159 3362,3200 3510,3150 3946,3194 4127,3135 4131,3065 2592,3117"/>
                <Baseline points="2602,3178 2611,3178 2656,3178 2701,3178 2745,3172 2790,3172 2835,3169 2880,3169 2924,3166 2969,3166 3014,3163 3059,3160 3104,3160 3148,3160 3193,3154 3238,3154 3283,3151 3327,3151 3372,3151 3417,3148 3462,3145 3506,3145 3551,3142 3596,3139 3641,3139 3686,3136 3730,3136 3775,3133 3820,3130 3865,3127 3909,3127 3954,3124 3999,3124 4044,3121 4089,3118 4133,3118"/>
                <TextEquiv>
                    <Unicode>bemerke,absolut geboten. Mit herzlichem Gruss</Unicode>
                </TextEquiv>
            </TextLine>
            <TextLine id="tr_1_tl_24" custom="readingOrder {index:23;}">
                <Coords points="2638,3272 2686,3287 2806,3242 2834,3257 2915,3237 2947,3255 3030,3231 3111,3261 3144,3244 3207,3261 3235,3250 3239,3185 3130,3159 2956,3187 2856,3172 2793,3198 2734,3181 2640,3207"/>
                <Baseline points="2653,3235 2659,3235 2704,3235 2748,3235 2793,3232 2838,3229 2883,3226 2927,3226 2972,3226 3017,3223 3062,3223 3107,3220 3151,3217 3196,3217 3241,3220"/>
                <TextEquiv>
                    <Unicode>c. Fischer, Berlin.</Unicode>
                </TextEquiv>
            </TextLine>
            <TextLine id="tr_1_tl_25" custom="readingOrder {index:24;}">
                <Coords points="3726,3261 3758,3261 3763,3266 3769,3261 3789,3261 3793,3266 3804,3261 3811,3266 3815,3261 3837,3263 3846,3192 3832,3194 3828,3185 3819,3181 3804,3185 3793,3172 3778,3168 3776,3163 3763,3174 3737,3174"/>
                <Baseline points="3739,3244 3757,3241 3802,3241 3847,3229"/>
                <TextEquiv>
                    <Unicode>Ihr</Unicode>
                </TextEquiv>
            </TextLine>
        </TextRegion>
    </Page>
</PcGts>
