4391 3991
1517 850 1912 930 V.C.V....
3564 913 3959 1098 11.10.1918.
2432 869 2800 1072 Fischer
2995 1210 3504 1346 Lieber Freund
2857 1392 4170 1530 Uraufführung der „Schwestern“, die nun
2483 1478 4160 1599 auch den Untertitel „Casanova in Spa“ haben,fin-
2509 1579 4158 1702 det in Wien am Deutschen Volkstheater am 21.De-
2520 1689 4125 1821 zember statt. Eben habe ich an Reinhardt tele-
2507 1778 4093 1890 graphiert, ob er es nicht vorteilhaft fände am
2516 1881 4114 2015 gleichen Tag damit herauszukommen. Von Versen-
2511 1994 4186 2101 dung vor der Aufführung sehen wir auch weiterhin
2509 2082 4039 2242 im Allgemeinen ab. Die Bühnen, die nach Ihrer
2509 2216 4006 2328 eben an mich gelangten Liste das Manuscript
2507 2315 4117 2419 verlangt haben, kommen für gleichzeitige Urauf-
2507 2397 4242 2537 führung kaum in Betracht. Sind die Bühnenmanuscrip¬
2498 2511 4188 2626 te überhaupt schon fertig? Wenn ja, bitte an mich
2503 2593 4164 2712 drei Dutzend zu senden. Wenn nicht, bitte Fertig-
2498 2708 4104 2835 stellung so sehr als möglich zu beschleunigen,
2507 2818 4108 2941 ebenso das Erscheinen des Buchs, das am Tag der
2494 2932 4056 3049 Uraufführung zum Verkaufe bereit sein sollte.
2492 3021 4065 3131 Ich bitte, sehr auf dem Titelblatt des Stücks
