4458 4072
326 1094 841 1230 in die Schweiz.
593 1169 1817 1266 Wie stellt nun unser rechtliches Ver¬
276 1228 1812 1327 hältnis zu Motitzky wegen des „Weiten Land“?
283 1299 1942 1396 Bis zu welchem Tag läuft seine Opt von? Ich weise
313 1368 1817 1461 natürlich nach wie vor alle Interessentenan
317 1405 460 1510 ihn.
602 1439 1316 1631 Mit herzlichem Gruss
867 1564 973 1629 Ihr
339 2919 1165 3036 Herrn S.Fischer, Verlag,
265 2990 542 3081 perli.
3200 872 3914 990 Celerina „ 28.8.1923„
2319 820 2785 1001 Fischer
3213 964 3622 1111 edelfusseäl
3005 930 3113 1113 G.F.S
2367 967 2885 1120 Lieber Freund.
2509 1059 4084 1208 Wie ich mich zu der neuesten Akontozahlung
2326 1167 3991 1305 — von 8 Millionen - verhalten soll, weiss ich
2384 1262 4117 1411 wirklich nicht. Nach dem Hotelindex, den ich gestern
2421 1370 4132 1482 in der Vossischen las, entsprechen diese 8 Millic¬
2378 1452 4024 1588 nen einem Wett von 10 Goldmark. Freilich, als Sie
2380 1536 3989 1698 das Geld für die Bücher einnahmen, war der Wert
2414 1648 4060 1789 10-70 oder auch 50 Mal höher. Und so dürfte ich
2384 1771 4097 1912 bei der Schlussabrechnung Anspruch auf Valorisie-
2429 1853 3955 1987 rung erheben. Sie schreiben, dass die bisher
2425 1946 4127 2099 a konto der Honorare erfolgten Zahhungen ziemlich
2406 2078 4095 2209 dem Anteil entsprechen, der sich für mich aus dem
2432 2145 2677 2211 Verlags
2425 2160 4088 2289 ###erlös für die Zeit bis Ende Juli ergäbe.
2397 2276 4093 2421 Ich mag den Verlagserlös noch so gering annehmen,
2395 2375 4002 2533 sagen wir zwischen 8 und 10 des Ladenpreises,-
2425 2460 4037 2604 die zuletzte geleisteten Zahlungen von 8 plus 8
2397 2557 4037 2701 Millionen könnten höchstens einem tatsächlichen
2401 2690 4037 2831 Verkauf von 25-30 Exemplaren meiner Bücher, etwa
2447 2768 4039 2939 3-3 oder sagen wir 5 Expl.meiner Gesammtausgabe
2447 2878 4071 3036 entsprechen. Ist es vielleicht doch zum Teil die
2406 2977 4104 3111 nehnbarkeit,die unkontrollierbare Vagheit des Be-
2401 3087 4026 3256 griffs Verlagserlös, das meine Bucheinnahmenauf
