4443 3993
3477 996 3955 1159 7.Juli 19191.
2928 1234 3724 1424 An den Theatervertrieb
2886 1417 3258 1539 S.Fischer,
2914 1511 3038 1643 a
3642 1537 3953 1668 Berlin.
2880 1647 4053 1826 Resten Dank für Ihr Telepraum. Ich
2568 1765 4124 1938 ersuche um freundliche Mitteilung, ob Sie nun
2573 1851 4071 2038 endlich den Vertrag von Krauer erhalten ha-
2554 1968 2735 2082 ben.
2880 2027 4069 2202 Heute erhielt ich durch die öster-
2562 2172 4092 2322 reichische Länderbank,Prager Filiale an die
2568 2257 4102 2422 Bodenkrditanstalt gesandt, von Prager Landes¬
2560 2361 3913 2495 theater 3433 Kr. 38 (czechische Valuta).
2892 2457 3935 2617 Die Aufstellung,
2617 2562 3994 2723 r einzelnen Aufführungen, für die diese
2548 2680 4026 2833 Summe die Tantiene bedeutet, erwarte ich in
2554 2770 4134 2926 Ihrer Quartalabeschnung zu finden.Falle Ihnen
2550 2904 4128 3014 das Präger Deutsche Landestheater die Abreck-
2550 3004 4128 3124 nung noch nicht geschickt hat, weisen die Di-
2554 3085 4083 3231 rektion vielleicht an besten an. Sie bis auf
