4417 3992
494 1164 998 1260 lich nicht ab.
770 1243 1964 1380 Ich erhalte immer neue Anträge die
494 1372 2038 1484 eventuelle Aufführung des „Reigen“ betreffend
506 1441 1974 1590 Aus Berlin liegen mir nun solche von Rein -
500 1544 1952 1680 hardt, von Potter (Trianontheater) und Bar¬
496 1672 890 1772 nowsky vor.
774 1729 2023 1884 Reinhardt war der Erste.er sich ge¬
500 1846 2019 1993 mellet hat und das künstlerische Niveau wäre
504 1952 1985 2068 wohl (wenigstens für die ersten vorstellun¬
502 2048 1982 2178 gen) dort am ehesten gewährleistet. Direktor
506 2168 1993 2258 Rotter würde das Stück en suite spielen und
500 2250 2001 2381 die Schauspielkräfte engagieren, die ich ihm
502 2377 2023 2474 vorschlage und er bekommen könnte. Ausserdem
506 2448 2029 2572 würde er eine besonders hohe Garantie zahlen,
496 2542 2033 2654 was ja allerdings in diesem Fall niht in Be¬
508 2648 2025 2769 tracht käme, Barnowsky hat sich erst neulich
496 2760 1958 2873 gemeldet, wollte aber sofort mit den Proben
494 2856 1991 2981 beginnen und als ich ablehnte kam er mit dem
500 2962 1987 3091 Vorschlag nur einzelne Szenen aus dem „Rei¬
496 3060 1829 3179 gen zugleich mit „Fräulein Julie“ von
2540 1035 4092 1176 Strindberg zu geben. Ich möchte Sie nicht di-
2530 1127 4102 1247 rekt um einen Rat bitten, xxxxxixxxis¬
2536 1231 4089 1372 aber vielleicht haben sie zu diesen drei An-
2542 1378 3991 1484 trägen nicht gerade als verleger, aber als
2546 1441 3945 1592 Berlinger Theaterbesucher und Kunstkenner
2540 1558 4010 1654 etwas zu bemerken.Hier in Wien will (unter
2546 1674 4045 1778 Anderen) Bernau die Szenenreihe an den Kam-
2532 1760 4102 1895 merspielen zur Aufführung bringen.gleichfall
2540 1868 3981 1995 en suite. Entschliesse ich mich überhaupt
2540 1984 3977 2103 zu der ganzen Sache, so wäre mir natürlich
2548 2083 3987 2215 eine gleichzeitige Premiere in Berlin und
2540 2181 3348 2291 Wien am willkommensten.
2777 2287 4016 2358 Der Schriftsatz mit denvollgemeinen
2548 2383 3979 2513 Regeln für den Vertrieb meiner Stücke, den
2542 2477 3993 2562 Sie mir neulich übersenden liessen, ist im
2546 2573 3981 2687 Ganzen und Grossen zutreffend, ich schicke
2546 2670 4073 2809 Ihnen dieser Tage einen ausführlicheren, der,
2540 2803 4102 2885 wie ich hoffe, für alle Zukunft Weitläufigkei-
2548 2899 4100 2971 ten und Missverständnisse ausschliessen wird.
2813 2960 3994 3120 Verrechnet Brunn mit Ihnen direkt
2558 3050 4022 3240 oder mit Eirich? Ist das Erstere der Fall,
