4393 4088
3920 793 4203 937 Re qui
3406 902 3801 1030 15.12.1921.
3805 927 4155 1074 Ouverte
2336 890 2883 1056 Hischer
3945 1013 4155 1153 zu c
2449 1090 2945 1205 Lieber Freund.
2707 1155 4011 1264 Mit dem „Reigen“ machen Sie es mir ei¬
2507 1221 4033 1328 gentlich nicht xxx leicht. Am 6.schriebensie
2949 1272 4082 1379 gehug Papier vorätig hat, dann
2489 1306 2905 1377 mir: „Wenn I
2495 1328 3951 1411 wäre es freilich sicherer Sie blieben noch
2495 1353 4092 1470 eine Weile bei ihm,bis die Papierfrage geklärt
2501 1429 3997 1518 ist.“ Am 7.schreiben sie mir (unter Beilage
2507 1466 4058 1571 der Harzschen Reigen-Anzeige) :xxhx ich hof¬
2493 1528 3993 1631 fe, ich würde es auch mit dem Papier möglich
2501 1573 4011 1696 machen können, wenn Sie das Buch bald bei mir
2503 1657 2998 1748 sehen möchten.
2707 1686 4112 1831 Dass ich den „Reigen“ gern bald bei Ihnen
2509 1779 4088 1875 sehen möchte, darüber xxxx glaube ich Sie nicht
2507 1833 4023 1920 im Zweifel gelassen zu haben, aber selbstver
2511 1894 4050 1990 ständlich mochte ich das nicht um den Preis,
2513 1934 3981 2025 dass mei ne anderen Bücher durch die leidige
2507 1986 4094 2102 Papiernot darunter leiden. Dass unter den heu¬
2519 2025 4102 2142 tigen Umständen nicht immer alle Bücher auf La-
2513 2087 4074 2170 ger sein können, verstehe ich sehr wohl und so
2515 2138 4066 2231 liegt mir nicht sonderlich viel dran, wenn ge-
2521 2194 4074 2297 legentlich „Freiwild“ oder „Vemächtnis oder
2525 2237 3920 2334 „Die Frau des Weisen“ nicht zu haben sind
2513 2281 4031 2374 Aber es gibt widder andere Bücher, die nicht
2515 2311 4114 2441 nur aus künstlerischen, sondern auch aus prakii¬
2521 2378 4108 2487 schen Gründen niemals fehlen dürften. Ich nen¬
2519 2410 4140 2536 ne darunter nur (aus Erfahrungen aus der letzten
2519 2479 4078 2594 Zeit) „Komödie der Worte“, „Lebendige Stunden
2525 2536 4116 2641 oder gar „Der Weg ins Freie,vor allem aber na¬
2532 2580 4102 2681 türlich die Gesammtausgabe. Sieirkieren doch
2525 2636 4046 2743 wirklich nichts, wenn ein oder das andere Mal
2523 2683 4076 2788 eine grössere Anzahl von Exemplaren sozusagen
2532 2743 4050 2832 in Reserve bleibt. Den „Reigen bei Ihnen zu
2525 2784 4086 2895 haben darin sehe ich nicht so sehr einen ma -
2532 2836 4070 2931 teriellen, sondern gewissermassen einen mora
2534 2889 4052 2984 lischen Vorteil und zwar ebenso sehr für Sie
2542 2947 4090 3050 als für mich wie ich unbescheidegermassen hin
2532 2992 4050 3101 zusetze. Es ist mir persönlich sympathischer
2546 3040 4165 3155 zei Ihnen ausretätinnal mit 10 oder 20 Auflagen
