4428 4056
599 1100 2077 1292 Auch wenn ich Ihnen Anträge, die direkt
478 1266 2032 1386 an mich gelangen, zu weiterer Behandlung über-
516 1400 2077 1516 lasse,gelten die gleichen Provisionsbedingun-
507 1483 2067 1605 gen, als wenn der Antrag direkt an Sie gelangt
518 1611 704 1711 wäre.
756 1669 1990 1816 Schliesse ich persönlich über einen
522 1758 2032 1914 direkt an mich gelangenden Antrag ab,so ent-
522 1868 2040 2019 fällt selbstverständlich jede Provision, doch
516 1976 2131 2125 werden sie unverzüglich von solchen Abschlüssen
514 2109 2080 2216 verständigt werden. Im Allgemeinen aber werde
516 2175 2057 2326 ich mich, wenn nicht irgendwelche gewichtigen
514 2274 1990 2430 Gegengründe vorliegen,stets Ihres Auslands-
514 2382 2046 2508 bureaux bedienen, was hiemit freundschaftlich
514 2498 1630 2639 unverbindlich ausgesprochen sei.
793 2554 1982 2717 Vor wenigen Tagen war Herr Andreas
516 2666 1951 2833 Revesz, Korrespondent des Madrider Blattes
514 2786 661 2850 le recit et
522 2802 2113 2943 „El Sol“ bei mir und überbrachte mir einen An-
516 2883 2048 3014 trag der „Biblioteca Nueva“,Lista 66,Madrid,
516 2987 2053 3119 die eine Anzahl meiner Werke (er sagte meine
520 3105 2024 3283 sämmtlichen) übersetzen lassen und in ihren
4097 864 4217 1046 24
4207 980 4325 1150 1.
2543 1048 4103 1226 Verlag übernehmen wollen. Die Bedingungen, die
2560 1185 4171 1344 ichvorschlug,10% vom Ladenpreis jedes Exempla-
2552 1286 4165 1411 res, Garantiesumme bei Abschluss des Vertrages,
2550 1406 4078 1539 ungefähr entsprechend dem Honorarentrag von
2554 1504 4196 1616 1-2 Auflagen erschienen Herr Revesz. der mit den
2560 1589 4203 1744 dortigen verhältnissen vertraut zu sein scheint,
2564 1713 4196 1837 gerechtfertigt. Er wird sie dem Verlag übermit-
2566 1787 4153 1922 teln, dem ich zugleich mitteilen liess, dass er
2570 1916 4169 2028 sich wegen alles Weiteren mit Ihnen in Verbin-
2568 2003 4085 2154 dung setzen möge. Meines Wissens ist bisher
2564 2084 4095 2237 nur „Abschiedssouper“ vor etwa 15 Jahren in
2575 2222 4142 2343 Spanien aufgeführt worden, ich habe damals ei-
2579 2307 4118 2434 nen gestempelten Vertrag unterschrieben, eine
2570 2413 4211 2554 Photographie des Uebersetzers und eine der spa¬
2579 2492 4219 2628 nischen Anni, aber kein Honorarethalten. In die-
2591 2626 4252 2757 ser Hinsicht haben sich die Verhältnisse hoffen
2591 2711 4147 2850 lich gebessert. Herr Revesz sagt mir, dass ich
2597 2813 4116 2949 automatisch durch die Aufführung Meines mei
2597 2898 4103 3068 ner Stücke Mitglied der spanischen Sociedad
2626 3030 4109 3206 des Autores werde und dass der Autor (auch
