4408 4041
3861 738 4101 924 9/6.45
371 979 1730 1084 richtig stellen? Und nun noch eine Frage
371 1038 1776 1135 begreiflicherweise ganz unverbindlich, die
2532 1069 3932 1169 lem aber müssteman an Boni & Liveright d'
371 1112 1776 1192 ich aber an Sie weitergeben muss, weil man
2550 1158 3911 1234 ge stellen, von wem er Autorisationen zu
365 1154 1800 1234 mich dringend darum gebeten hat: Wären Sie
2540 1207 3937 1264 ufen hat. Es könnten doch nur solche sein
376 1209 1865 1285 im Pilazgeringsten geneigt mit einem Verlags
2455 1264 3949 1329 die ich erteilt habe und die mir bzahlt wor-
371 1274 1833 1348 unternehmen in Verhandlungen zu treten, das
2460 1310 3926 1388 den sind. Sie ersehen aus meinem Kommentar,
386 1316 1835 1392 ohne auf Einzelausgaben zu reflektieren, nur
2455 1354 3869 1432 wie es damit steht. Ich möchte wissen, ob
376 1373 1800 1470 die Gesammtausgabe meiner Werke in Verlag,
2460 1403 3865 1479 Leute, die eine Autorisation erworben und
371 1424 1426 1515 resp. in Vertrieb nehmen würde.
2458 1454 3894 1531 überhaupt keinen Pfennig gezahlt oder sich
2455 1506 3879 1588 mit ein paar Dollars abgefunden haben, mir
1726 1506 1831 1578 der
570 1496 1567 1599 Ich lege Ihnen einen
380 1525 1837 1637 von Ihnen freundlichst übersassen amerikani
2458 1553 3911 1627 verwehren könnten über sob he Werke neu zu
2458 1622 3913 1677 verfügen. Das Unglaublichste bleibt jeden
373 1610 1899 1685 schen Liste bei. Sie werden aus diesem vom
386 1660 1840 1740 tar vor allem ersehen, dass Boni & Liberight
2460 1646 3964 1743 falls, dass irgend ein beliebiger Uebersetze
2455 1709 3827 1789 in der Lage ist seine Uebersetzung eines
376 1713 1812 1785 den Mund etwas zu voll zu nehmen scheinen.
382 1766 1781 1831 Was für Geldausgaben fürchtet er? Welche
2455 1774 3831 1852 nicht copyrightaten-Buches copyrighten zu
376 1819 1764 1886 Rechte hätte er ganz oder partiell rückzu
2453 1812 3831 1884 lassen, damit seine Uebersetzung zu schü
375 1825 1878 1943 kaufen? Die meisten xxxx ixxx meiner in Ame-
2464 1877 3932 1930 tzen und zu gleicher Zeit den Verfasser des
378 1909 1880 1996 rika erschienen Werke sind ohne Autorisation
2460 1920 3926 1981 Originalwerks von der Verwertung seiner ei-
380 1966 1901 2061 gedruckt worden. Die Herren Boni & [Liver]ight
2475 1972 3953 2036 genen Arbeit auszuschliessen. Es sind wirk-
380 2021 1776 2093 haben sich an die sem Freibeutertum gleich
2472 2013 3985 2088 lich, nur vom rechtlichen Standpunkt gesehen.
376 2067 1873 2135 falls beteiligt. Prst auf meine Reklamatio-
2466 2069 3896 2133 das materielle Moment ganz ausser Acht ge¬
382 2108 1861 2186 nen hin u.zw. durch Vermittlung von Bartsch,
2460 2114 3555 2223 lassen, uneidliche Zustände.
376 2167 1848 2247 haben sie sich entschlossen für je 2 Bücher
407 2215 1823 2291 je 75 Dollar zu zahlen. Es kommt schliessl
2681 2186 3677 2295 Mit Ihrer Annahme, dass Herr
386 2276 1852 2339 darauf hinaus, dass die Leute für einen Pap-
2455 2259 3688 2342 mir wohl auch nicht bessere bedingung
394 2306 1829 2394 penstil die Hand auf meine gesammte Produk
2451 2297 3972 2394 stellen würde, haben sie vielleicht nicht Un-
392 2346 1907 2451 tion legen möchten. Lassen wir uns doch durch
2458 2382 3911 2445 recht. Ich ein ielt vor einigen Tagen einen
388 2415 1785 2489 die Ziffern nicht länger verblüffen. Wenn
2451 2426 3928 2487 Brief von ihm, in dem es heisst: „I spoke to
388 2474 1854 2567 500 Dollar auch heute ungefähr 250.000 Kro¬
2455 2479 3898 2542 Pr.Paukner about published at some future
382 2521 1858 2590 nen sind, so sind 250.000 Kronen eben nicht
2449 2525 3934 2609 date your.Weg ins Freie and all the other
382 2569 1846 2652 mehr als 2500 Kronen im Frieden waren. Wäre
2451 2572 3810 2639 tworks that are suitable for England and
388 2599 1890 2698 es uns eingefallen gegen eine Garantie (eine
2458 2618 3865 2698 America. It would be advantageous to have
382 2664 1884 2740 abziehbare Garantie) von dieser lächerlichen
2458 2679 3939 2749 your complete works published by one publi-
386 2719 1854 2793 Kleinheit im Frieden das Recht auf eine Ge-
2445 2738 3928 2829 sher, as It would be possible to do the pro¬
388 2774 1861 2844 sammt ausgabe aus der Hand zu geben und dazu
2449 2780 3810 2859 per publicity for your books. Das sagt
388 2818 1852 2890 nur 5% Tantiemen. Und wie stünde esdenn mit
2449 2835 3675 2920 freilich noch nicht viel. Frau Pau
388 2873 1816 2945 den Terminen? Innerhalb welchen Zeitraums
2458 2858 3917 2947 ist auf Reisen, ich weiss nicht wo; im Heröst
380 2918 1740 3002 müssten die einzel nen Bände erscheinen?
2451 2928 3955 2996 wollte sie wieder hier sein. Herrn Selzer ha
382 2960 1818 3040 Alles das scheint mir so vage, dass man gar
2451 2987 3957 3055 ich ganz dilatorisch geantwortet. Die Herren
380 3023 1791 3147 nicht recht darüber dickutieren kann. Vor
2458 3036 3977 3107 Boni & [L]iveright müsste man mindestens wissen
