4472 3994
417 1117 2050 1234 ganzen 27 Exemplare zu dem eingedruckten Preise
421 1223 2044 1363 von 5 K. als verkauft auszuweisen,in der übli-
427 1323 1917 1417 ohen Weise zu verrechnen und mein Konto mit
417 1398 1946 1519 diesen 135 K. zu belasten. Ueberzahlungen aus
421 1496 1973 1632 Oesterreich werde ich, wie wir es bisher immer
423 1609 2050 1721 getan, bei der österreichischen Blindenstelle di¬
413 1694 1940 1848 rekt einzahlen, ebenso wie ich Sie neuerdings
417 1813 2044 1940 bitte eventuelle Ueberzahlungen aus Deutschland
417 1930 1977 2042 direkt an die deutsche Blindenstelle zu über-
413 2027 725 2150 reichen.
690 2117 2036 2238 Ich bin unschlüssig geworden,ob ich un-
421 2225 1836 2334 ter den derzeitigen politischen Umständen
438 2311 2030 2448 "Die Schwestern" noch in diesem Winter zur Auf-
713 2403 796 2453 arme
410 2409 1909 2534 führung soll gelangen lassen und habe mich
415 2548 1986 2636 telegraphisch an Reinhardt um dessen Meinungs-
406 2630 1992 2744 äus erung gewandt. Ich kann mir nicht gut den-
400 2721 1994 2838 ken, dass sich die Stimmung in Deutschland oder
410 2836 2002 2946 bei uns im Laufe der nächsten Monate erheblich
410 2942 2023 3046 zum Bessern wenden sollte.Falls wir die Auffüh-
396 3034 1992 3167 rung also bis zur nächsten Saison verschieben.
54 3726 163 3876 t
2444 1088 4072 1204 müsste die Buchausgabe so lange zurückgehalten
2453 1196 4124 1348 werden. Die Bühnenexemplare sind ja wohl fertig?
2684 1315 3990 1402 Höchst erfreulich ist es mir, dass Sie
2455 1398 3999 1511 sich mit Dr. Rosenbaum so gut geeignigt haben
2459 1482 4095 1634 und die Wiener Angelegenheiten auch, wie ich hö-
2450 1590 4128 1727 re.im besten Gang befinden. Der Besuch des Herm
2457 1696 4107 1844 Ripper, don ich bestens zu grüssen bitte. war mir
2438 1805 3501 1963 höchst wertvoll und angenehm.
2957 1982 3332 2115 Herzlichst
3307 2077 3436 2205 Ihr
