4485 3993
249 645 402 813 8bre
343 1060 1926 1209 pflichtendes unternehmen, ehe ich Ihre Meinung
348 1178 1928 1316 gehört habe. Denn Sie wissen, wie ich zu Ihnen
352 1294 1841 1408 stehe, und wie leid es mir täte, ich sagte es
350 1373 1847 1522 Ihnen schon neulich, die Kontinuität unserer
345 1476 1974 1618 Beziehungen auch nur in einem Einzelfall unter¬
354 1583 1994 1732 brochen zu wissen. Vielleicht finden Sie einen
343 1690 1852 1828 Ausweg,sewa dich durch Papierbeschaffung in
350 1764 1826 1920 Oesterreich, wenn ich auch beinahe fürchten
350 1889 1930 2029 muss, dass diese Sachegründlich verfahren ist.
1172 1957 1467 2038 übrigens.
359 1979 1924 2127 Was mich in Ihrem Brief so besonders befremdet
354 2077 1902 2237 hat, ist der Satz, dass Sie hoffen auch
350 2158 1992 2331 meine Novelle und mein nama drücken zu können.
352 2291 1994 2440 Nur hoffen? Von welchen der bei Ihnen vorberei¬
361 2401 1856 2538 teten Werke wissen Sie es dann? Und so will
1100 2464 1375 2540 Blückfalls
361 2490 1828 2641 ich denn diesen Brief mit der Hoffnung be-
1255 2562 1401 2632 soner
361 2556 2118 2739 schliessen, dass Sie für mich auch weiterhin nicht
352 2715 1865 2833 noch viel Papier benötigen, aber dass sie es
367 2816 1946 2938 auch haben werden. Ohne Sie drängen zu wollen
359 2908 2053 3021 möchte ich Sie doch herzlich um eine recht bal¬
365 2980 1742 3104 dige Beantwortung dieser Zeilen bitten.
669 3113 1325 3268 Mit vielen Grüssen
811 3238 947 3362 Ihr
2296 866 2648 1095 Pôles
3474 894 3822 1122 7.5.1918.
2855 1207 3380 1349 Lieber Freund!
2761 1329 3968 1474 Heute nur ein paar Worte zur Frage
2431 1474 4040 1581 der Gesammtausgabe.Man sagt mir, das aussichts-
2431 1550 4038 1688 reichste Mittel zur Erlangung eines Extraquan-
2435 1648 4042 1777 tums von Papier von der deutschen Kriegswirts-
2429 1756 4042 1900 schaftsstelle wäre eine Befürwortung durch ei¬
2435 1858 3981 1976 ne deutsche Kriegsfürsorgestelle, etwa Rothes
2435 1946 4025 2094 Freuz, dem ich für Kriegsdauer einen grösseren
2444 2057 4012 2197 Teil, etwa ein Viertel meines Honorars vom Er-
2444 2167 3870 2300 trag der Gesammelten Werke widmen würde.
2442 2280 3988 2416 Bitte teilen Sie mir mit, ob Sie unter dieser
2446 2385 4010 2505 Voraussetzung das betreffende Kriegsfürsorge.
2451 2492 3951 2648 amt zur Unterstützung meines Ansuchens ver-
2451 2575 3964 2709 anlassen könnten und wollten und machen Sie
2451 2685 3970 2805 mir vielleicht einen Vorschlag hinsichtlich
2435 2792 3566 2975 Weiterführung der Angelegenheit.
2759 2916 4038 3008 Mein Telegramm haben sie wohl erhal¬
2460 2991 4049 3159 ten. Sie nehmen also wohl einen Ladenpreis von
