4417 3976
3869 809 4103 937 20/8/8
3947 915 4058 1061 11
1728 991 1835 1089 10
2379 1080 3982 1223 Wortlaut des Vertrages den Kleinen Theater das
239 1067 1891 1301 Aufführung in Wien voraussichtlich Anfang Dezem-
2370 1186 4092 1312 Recht zu Abendvorstellungen nicht ausdrücklich ab-
236 1241 989 1423 ber stattfinden wird.
2379 1284 4071 1429 spricht, beweist nichts gegen mich. Wohin käme man,
566 1332 1928 1486 Im übrigen ist xxxehix von einer Versen-
2379 1408 4038 1525 wenn ein Theater zu allem das Reht hätte, was man
256 1425 1904 1616 dung der „Schwestern" an die Bühnen bis auf Wei-
3513 1505 4092 1637 Seinen Anspruch
2373 1503 3446 1640 ihm nicht ausdrücklich verbieten.
256 1551 1191 1683 teres gefälligst abzusehen.
2375 1605 4077 1724 auf das Recht weitere Abendvorstellungen zu verah-
564 1585 1869 1798 6. ) Auch hinsichtlich des. Reigen' ent-
2373 1709 4099 1846 stalten könnte das Kleine Theater nur damit begrün
265 1744 1850 1885 scheide ich mich bis auf Weiteres nur von Fall
2379 1811 3941 1926 den, dass der Verlag eben durch Jahre hindurch
269 1835 1967 1993 zu Fall. Etwaige Anfragen bitte dahin zu beantwor-
2370 1919 3977 2034 keinerlei Einwendungen gegen die Anhaltung von
262 1939 1937 2082 ten, dass die Uraufführung Ende Januar in den Ber-
2375 2006 4043 2125 Vorstellungen erhoben hat, zu denen es eigentlich
271 2041 1950 2171 liner Kammerspielen stattfinden wird, dass ich das
2379 2097 4086 2232 nicht berechtigt war. Aber die sache ist praktisch
273 2171 1950 2316 Stück aber im Allgemeinen noch nicht für die Büh-
3906 2169 4116 2251 weder
2375 2212 4099 2331 weiter von keinerlei Bedeutung,wir wollen keinerla
2375 2277 2832 2353 nachträgliche
3203 2282 3346 2351 noch
282 2266 1011 2386 men freigegeben habe.
2399 2295 4036 2440 Forderungen erheben und auch nicht kündigen, ehe
579 2353 779 2429 G.C.H.F.S.
620 2295 1837 2477 7. ) Ist die Angelegenheit Amsterdam
2370 2383 4060 2542 von je mr anderen Berliner Bühne ein präziser An-
278 2455 1774 2596 Verlag Querido, „Casanova“ günstig erledigt?
2366 2529 4084 2646 trag an mich gelangt ist, der bisher noch aussteht.
629 2544 1922 2683 8.) Die Auffassung Ihrer Theaterabtei-
2611 2592 3934 2746 9.) Von der 17.-19. Auflage „Bernhardi“
3648 2659 4004 2748 a ee ee le 2e 2e rt e
280 2650 2026 2791 lung hinsichtlich des Rechts des Kleinen Theaters
2373 2717 4004 2832 wusste ich noch nichts. Die Beschwerden, dass das
282 2759 1846 2906 zu Abendorstellungen der „Liebelei“ teile ich
2366 2813 4079 2945 Buch wie so manche meiner anderen nicht zu bekom-
278 2880 1928 2995 nicht. Da das Theater das Stück nur für die Nach-
2364 2893 4045 3054 men sei, erhielt ich diesmal privat und nicht nur
284 2963 1974 3101 mittage erworben hat, steht ihm selbstverständlich
2366 2986 3906 3175 aus Wien, sondern mit besonderer Betonung aus
284 3054 2002 3247 kein Recht zu es auch abends aufzuführen. Dass der
