4413 3991
210 1047 1716 1167 schade, dass Sie Ihrem freundlichen Telegramm
212 1165 1844 1268 nicht gleich die Ursache Ihrer Befürwortung an-
1074 1226 1251 1295 unfacht
484 1234 952 1312 et Sache wesenterez
200 1247 439 1316 Aus halte
217 1245 1777 1373 geführt haben. xxx In seinem Telegramm an mich
1209 1325 1566 1400 irgendwelcke
217 1365 1779 1484 hat nämlich Helmer keineswegs seinen Bedenken
212 1465 1846 1587 Ausdruck gegeben, sondern es heisst darin; „Kann
212 1573 1819 1693 Fliederbusch glänzend besetzen, bitte um Herab-
219 1653 1791 1793 setzung etc. – Wenn Helmer in seinem Brief an
221 1753 1781 1882 sie bemerkt, er habe das (die Ermässigung der
227 1846 1823 1995 Garantiesumme) für die Pflege der Schnitzleri.
225 1949 1812 2092 sehen stücke wirklich verdient, so darf ich da-
399 2054 612 2126 vielleicht
225 2079 1852 2206 rauf xxx erwidern, dass ich sein Theater ebenso
223 2168 1735 2292 gepflegt habe wie er meine stücke,womit die
235 2279 1829 2399 gegenseitige Dankesrechnung wohl zum mindesten
229 2382 1798 2483 ausgeglichen erscheint. Und wenn Sie,verehrter
235 2447 1804 2597 Herr Greiner, sagen, dass Helmer durch Zeiss in
233 2584 1835 2710 einen gesteigerten Existenzkampf hineingezogen
233 2670 1760 2801 wurde, so dürfte der neue Direktor des Schau¬
233 2771 1873 2885 spielhauses auch seinerseits und vielleicht mit
227 2883 311 2920 G.C.F.P.
235 2878 1745 3015 noch grösserem Rechte auf die Schwierigkeit
238 2992 1745 3097 seines Existenzkampfes hinweisen; wenn auch
227 3063 1884 3234 meiner Ansicht nach diese Auffassung auf beiden
2348 866 2727 1060 prence
3896 898 3980 1018 3
2380 1055 4041 1213 Seiten mir allzu tragisch schiene, wo es sich am
2382 1201 4007 1306 Ende um nichts Anderes handelt, als um die auch
2384 1301 4075 1432 vom künstlerischen Standpunkt willkommen zu heis-
2382 1400 4026 1499 sende Konkurrenz zwischen zwei Theatern ineiner
2384 1512 3925 1619 der grössten Städte Deutschlands. Und um nun
2380 1600 3917 1705 wieder auf unseren speziellen Fall zurückzu-
2370 1703 3988 1817 kommen; Seit seinem Direktiensantritt, vielmehr
2365 1810 3919 1930 schon Monate vorher, hat Geheinrat Zeiss sich
2370 1905 3991 2029 brieflich und telegraphisch um ein neues stück
2374 2008 3976 2121 von mir bemüht. Bei meinem mangelnden Finblick
2361 2107 3982 2241 in das interne Frankfurter Theatergetriebe war
2344 2216 3972 2334 mir die Entscheidung diesmal besonders schwer.
2355 2319 4014 2433 Meine Anfrage an Herrn Fischer, den ich um einen
2361 2386 3967 2552 Rat ersuchte, blieb unbeantwortet. Endlich ent-
3286 2487 3526 2557 vos allem
2361 2529 3904 2647 schloss ich mich, natürlich mit pücksichht auf
2357 2626 3976 2710 meine bisherigen Beziehungen zum Neuen Theater
2353 2702 3898 2824 diesem auch den „Fliederbusch“ zu überlassen.
2359 2826 4041 2950 ohne das Schauspielhaus auch nur in eine Konkur¬
2353 2901 3997 3038 renz treten zu lassen. Als ich diesen entschluss
2346 3007 3967 3183 - natürlich noch vor Absehluss Ihres Vertrages
