4437 4040
423 1036 1904 1135 sind gewiss günstig genug. Die Garantiesumme
423 1117 1936 1250 von 1000 Dollars mit Rücksucht auf die Grös-
425 1228 1948 1361 se des unternehmens etwas mässig (wir dürfen
427 1331 1803 1448 nicht immer umrechnen), aber wenn es sich
431 1420 1934 1556 sonst aus sichtsvoll erweisen sollte,kommt es
421 1527 1946 1663 darauf am wenigsten an. Mit der von Ihnen in
431 1627 1981 1760 diesem Fall zu berechnenden provision von 15%
423 1732 1869 1859 erkläre ich mich vollkommen einverstanden.
429 1839 1981 1956 Sie werden wohl Herrn Bartsch selbst verstän-
427 1940 1983 2102 digen, dass während der Dauer Ihser Verhandlun-
674 2053 854 2104 neuen
433 2057 1837 2155 en keine Abschlüsse über einzelne meiner
423 2142 1908 2268 Werke zu machen wären,werden aber die Frist
431 2241 1974 2403 nicht allzu weit ausdehnen. Sagen sie mir ge-
427 2357 1890 2496 fälligst, welchen undtermin Sie in Aussicht
421 2484 945 2579 genommen haben.
659 2527 1946 2689 Eventuelle Aufführungen meiner stücke
427 2642 1970 2802 in Amerika werden natürlich durch diese Ange-
423 2747 1531 2883 legenheit nicht weiter tangiert.
581 2814 1845 3014 3. Der Verlag Gurlitt hat sich auhon
421 2919 1950 3128 vor einigen Monaten und nun neuerdings durch
4042 840 4133 965 14
4111 925 4204 1074 be
2502 1066 4012 1305 Eipper wegen Lukusausgaben einzelner meiner
2507 1238 4089 1372 Werke,vor allem „Casanovas Heimfahrt“ an mich
2507 1362 4062 1497 gewandt. Herr Eipper erwähnt bei dieser Gele
2513 1440 4080 1584 genheit auch Ihrer seinerzeitigen Verhandlun-
2498 1554 4089 1697 gen mit Meid,schreibt sogar davon, dass damals
2525 1641 4048 1803 schon einige Bilder von Meid angefstigt wor-
2513 1750 4056 1904 den seien. Ich glaubte, und glaube eigentlich
2515 1887 4072 1991 noch, dass die Sache sich vollkommen zerschla-
2513 1972 3983 2112 gen hätte. Im Ganzen habe ich dnn Eindruck,
2509 2061 3995 2211 dass Sie auf Luzusausgaben im Allgemeinen
2515 2159 4038 2312 keinen sonderlichen Wert legen und frage an,
2523 2282 4084 2409 ob Sie mir vorläufig meine Novelle „Casanovas“
2484 2369 3991 2525 Heimfahrt" für eine solche in einem andern
2543 2468 3999 2606 Verlag erscheinende Luxemausgabe freigeben
2575 2575 3935 2715 wollfen. Herr Eipper wird sich wohl noch
2519 2709 3967 2844 direkt mit Ihnen ins Einvernehmen setzen.
2767 2768 4072 2919 4. Es ist richtig, dass ich über einen
2539 2865 4004 3020 neuen bestimmten Termin für die Aufführung
2537 2982 4119 3140 des „Reigen" mit Reinhardt noch nicht überein-
2541 3101 4117 3277 gekommen bin. Dassim Laufe der letzten Monate
