2386 3961
509 952 2096 1123 erinnerlich gewesenen, auch nicht ganz klar ge-
497 1093 2055 1219 fassten Paragraphen unseres Vertrags, sondern
503 1164 2061 1290 nach der Absicht und nach dem Sinn desselben
509 1270 2125 1402 vorgegangen,wobei wir's wohl auch belassen wol
495 1406 2129 1516 len und Sie werden die Güte haben mir nach wie
513 1484 2051 1626 vor Wiener, Berliner, Hamburger Anträge direkt
505 1567 2131 1726 mitzuteilen und wir werden uns von Fall zu Fall
509 1691 2120 1815 einigen,ob die betreffenden Bühnen die Tantie-
509 1781 2139 1921 men direkt an mich oder an Sie ausbezahlen sol
499 1903 2086 2055 len. Irgend eine Mühe ist ja doch wohl für Sie
507 1986 2027 2139 nicht damit verbunden, denn zum Exempel das
501 2094 2049 2247 Hamburger Schauspielhaus nach bisheriger Ge-
515 2206 2114 2350 pflogenheit die für mich bestimmten Summen Ih-
513 2298 2066 2424 rem Verlag überweist und Sie mit der übrigen
517 2432 2116 2538 Quartalsrechnung diese Summe an mich abführen.
517 2530 2118 2639 Ob die Verträge bei Ihnen oder bei mir liegen,
503 2627 2135 2739 ist wohl auch gleichgültig. Dass Sie in Fällen,
525 2729 2035 2833 wo Sie zu speziellen Verhandlungen genötigt
523 2810 2137 2955 waren, auch für Hamburg (Thaliatheater, etc. und
513 2922 2143 3038 Berlin (Volksbühne seinerzeit glaube ich Ihre
511 3012 2047 3191 Provision berechneten, ist natürlich ganz in
