4466 4072
3275 1014 3836 1144 29.11.1923
2556 1008 3197 1160 de l'aire
2519 1241 3749 1371 Lieber und verehrter Herr Dr. Jacob.
2871 1391 4061 1480 Das beiliegende Blatt braucht kein
2500 1447 4071 1554 besonderes X ommentar. ich habe, wie Sie sehen,
2496 1501 4057 1604 die Markbeträge, die der verlag Fischer mir im
2502 1562 4017 1647 Jahre 1923 bis Ende September überwiesen hat
2502 1575 4129 1701 in ihren wahren Wert umgerechnet. Vom 1.Juli an
2511 1653 4096 1752 hat sich ja Fischer bereit erklärt die fremden
2550 1705 4149 1797 Valuten in Originalwährung an mich auszuzahlen.
2544 1742 4195 1847 Was seine Zahlungen im ersten Halbjahr anbelangt
2546 1826 4137 1903 hat er sich noch immer nicht entschieden ausge
2542 1863 4096 1962 sprochen. Es ist ganz selbstverständlich, daß
2546 1894 4203 2012 ich nicht daran denke mich mit den 1000 Frieden###
2542 1966 4168 2072 mark für die gesammteinnahme aus meinen Büchern
2583 2037 4021 2105 In der gesammten Welt abfinden zu lassen.
2577 2041 4197 2158 Aus den Aufstellungen, die ich noch immer erwar¬
2589 2111 4069 2212 te und die die wirklichen Einnahmen in den
2622 2152 4170 2265 fremden Valuten zur klaren Anschauung bringen
2614 2212 4135 2311 müssen, wird sich mit absoluter Notwendigkeit
2624 2265 4083 2368 herausstellen, dass mir ein gar nicht unbe¬
2628 2304 4168 2410 trächtlicher bestbetrag zukommt und dass die
2622 2364 4050 2463 Umwechslung der Valuten in Mark irgendwie
2630 2389 4110 2509 wahrscheinlich durch kertümer, die sich auf
2630 2457 4203 2562 klären werden, zu meinen ungunsten erfolgt ist,
2630 2515 4077 2614 wenn man nicht überhaupt vergessen hat die
2634 2568 4120 2665 Einnahmen aus den freiden Valuten regelmäs-
2636 2622 4085 2713 sig zu buchen. Zufällig finde ich in einem
2628 2684 4015 2774 Heft der zeitschrift des Schutzverbandes
2634 2698 4203 2824 deutscher schriftsteller vom Juni d.J.ein Gut
2636 2774 4071 2871 achten des senatspräsidenten Oberjustizrat
2638 2838 4054 2913 Queck, nach dem der Schriftsteller, der als
2634 2865 4162 2966 Honorar einen Prozoutsatz vom radenpreisdos
2638 2933 4170 3030 ungebundenen Exemplars bezieht,an den Valuta
2645 2983 4195 3067 zuschlägen im gleichen prozentsatz teilnimmt.
2643 3034 4067 3119 Das Traurige ist ja nur, dass es zu dieger
2638 3080 4073 3174 Selbstverständlichkeit überhaupt einesGut
2638 3125 4094 3259 achtens bedarf und dass Verleger, korrekte
