4427 4058
3883 793 4225 928 5th 810
1869 949 1968 1067 14
4020 951 4133 1081 15
540 1027 2070 1208 Briefen enthaltenen Fragen - vor allem Namen
2554 1059 3430 1194 kushesondarexhoffexiehxx
2556 1102 4139 1279 Ich sehe den Skißen Hans Maids mit den gröss-
546 1166 2036 1311 der Uebersetzer und der Veleger betreffend
2546 1237 3440 1371 ten Erwartungen entgegen.
536 1297 1083 1410 zu beantworten.
2731 1295 4000 1488 Lassen Sie mich, lieber Freund, diesen
677 1357 2101 1502 Von der spanischen Biblioteca nueva habe
2554 1414 4096 1551 Brief mit den herzlichstaunGommerwünschen für
540 1474 1949 1605 ich seither nichts gehört. Wie ich Ihnen
2558 1529 4026 1690 Sie und die Ihren schliessen. Wie ich höre
538 1559 2111 1698 schon seinerzeit schrieb habe ich durch Herrn
2566 1655 4143 1780 gehen sie nach Partenkirchen. Ich bin mir über
530 1657 2105 1792 Ravesz den Verlag ersuchen lassen sich direkt
2558 1738 3853 1887 meinen Sommer noch ganz im Unklaren.
540 1756 2080 1917 mit Ihnen in Verbindung zu setzen. Falls das
2868 1857 3526 1998 Mit vielen Grüssen
548 1865 2060 2014 innerhalt der allernächsten Zeit nicht ge-
3122 1966 3240 2080 Ihr
550 1980 1968 2103 schehen sollte, könnte und sollten man wohl
550 2092 2105 2223 des Antrag jenes andern Uebersetzers betreffs
550 2189 2103 2346 „Frau Berta Garlan“ und „Sterben“ in Erwägung
548 2312 800 2435 ziehen.
683 2362 2113 2497 Das Athenaeum, Budapest, schreibt mir, dass
540 2473 2103 2592 wegen der schwierigen Herstellungsverhältnis-
546 2604 2058 2697 se etc, etc. es derzeit unmöglich ist die un-
542 2677 2141 2836 garische Uebersetzung der „Schwestern“ auf den
546 2801 1200 2928 Markt zu bringen.
747 2896 1978 3029 Mein Telegramm zur Luxusausgabe von
560 3015 2080 3148 „Casnovas Heimkehr“ haben Sie wohl erhalten.
548 3083 2022 3257 Sie sch reiben mir wohl bald mehr darüber,
