4424 4024
3697 931 3867 1068 0.12.
2639 906 2911 1058 Dehé
3055 1247 3503 1379 Lieber Freund
3053 1445 4169 1556 gute vorgens sind die Freiexempla für
2607 1529 4148 1643 re der „Schwestern“ bei mir eingetroffen (die
2601 1627 4113 1776 übrigens schon in einzelnen Wiener Buchhand-
2605 1733 4096 1862 lungen seit Tagen zu sehen waren. Uebrigens
2603 1843 4038 1972 schadet diese Verfrühung weiter nichts, da
2616 1922 4088 2068 die Aufführung ohnedies auf Ende Jänner ver
2616 2026 4092 2178 schoben wurde und ich keineswegs mehr so la
2614 2122 4048 2264 mit der Buchausabe hätte waren wollen.
2622 2235 4167 2372 erbetene Liste der Rezensions- und Freiexempla
2614 2332 4138 2482 re erhalte ich wohl dieser Tage. Exz###
2630 2457 4173 2599 xyz k.k. k. a. m. xxx
2616 2549 2903 2662 taxu###xx
3136 2626 3938 2780 Ihrem Prospekt über die
2672 2693 4153 2870 Dächer des Jahres fehlt sowohl der „Casanova“
2620 2868 4065 2986 In Spa“, als „Casanovas Heinfahrt“. Schade.
2678 2945 4082 3084 vielleicht tragen Sie das in irgend einer
3538 3049 4032 3199 einem Telegram
2712 3065 3245 3203 nach, wie ich nehst
