4439 4056
484 1147 777 1252 müssten.
624 1242 2147 1325 Wegen der Verrechnung der Einzelausgaben nach
490 1302 2105 1370 Absatz noch ein Wort. Soli das ungefähr so viel
490 1353 2046 1423 heissen, als dass immer eine Auflage nach voll-
486 1407 2105 1479 ständigem Verkauf dieser Auflage statt wie bis
484 1454 2068 1520 her vor Ausgabe der betreffenden Auflage) be -
486 1494 2093 1601 zah 1t oderdass halbjährig verrechnet wird? Sie
490 1549 2033 1627 schreiben, dass Sie mit Hauptmann dasselbe ver
486 1601 2070 1671 einbart haben. So darf ich es wohl als selbst
492 1662 2060 1722 verständlich annehmen (Sie haben ja schmerzeit
492 1706 2072 1778 diese Frage nicht beantwortet)dass auch die Be¬
486 1753 2132 1835 zahlung der Gesamtausgabe etc. ganz in der glei¬
490 1809 1829 1906 chen Weise wie in meinem Falle erfolgt.
659 1881 2033 1984 Vielen Dank für die freundlich Uebersen
486 1947 2124 2021 dung der Rücher. Ich bitte Sie nur ausser den mir
486 2021 2144 2087 fehlen, von Ihnen genannten, je zwei Ergänzungsbän-
492 2066 2056 2124 de der erzählenden Schriften und Theaterstücke
496 2122 2023 2173 der Gesammtausgabe zukommen zu lassen. Ferner
486 2165 2066 2231 bitte ich je einen Ergänzungsband der Erzählen
488 2210 2054 2280 den und einen Ergänzungsband der Theaterstücke
492 2270 2000 2330 in der Zeit zwischen 5.-10.Juli freundlichst
496 2293 2056 2410 senden zu wollen an M. Skofield Thayer aus New-
499 2365 1314 2462 York,Berlin,Hotel Adlon.
690 2458 2109 2532 Der Maler Armin Horovitz macht Skizzen zu
486 2507 2124 2581 Illustrationen für eine Luxusausgabe der „Leben-
486 2573 2095 2633 digen Stunden. Haben Sie irgend ein Interesse¬
486 2614 2000 2688 daran,dass eine solche Luxuswusgabe in Ihrem
499 2666 2023 2738 verlag erscheint? so ist Herr Horovitz gern be
490 2721 2095 2787 reit Ihnen im Herbst die Skizzen zur Ansicht zu
486 2775 2091 2832 senden (was Sie natürlich keineswegs verpflich-
492 2802 2134 2886 tet). Interessiert sie die Sache nicht, oder findet
492 2874 2097 2933 sie nicht Ihren Beifall, so werden Sie ja gewiss
459 2919 2076 3006 nichts dagegen haben, dass die Sache anderswo er
499 2966 775 3043 scheint.
696 3053 1889 3137 Von Ihren Absichten auf den „Reigen
490 3106 2054 3214 glaube ich wohl annehmen zu können - sind Sie
484 3168 1209 3255 endgültig abgekommen.
653 3193 1434 3306 Mit herzlichen Grüssen
950 3267 1084 3350 Ihr
3045 501 3170 608 1
2398 686 2486 779 P.
2447 772 2721 888 Fiche
2371 892 2826 1005 peine
3393 913 3768 1024 17.7.1922.
2478 1123 3459 1255 Sehr verehrter Herr Greiner.
2721 1222 4116 1368 Neulich empfing ich den Besuch des Herrn
2482 1333 4003 1436 Hermann Bernstein, der auch Gelegenheit hatte
2495 1390 4011 1481 sich auch in Berlin mit Ihnen zu unterhalten
2495 1436 4011 1531 und mir die Liste über Autorisationen meiner
2495 1483 3994 1603 Werke zeigte, die Sie ihm überreicht haben. So
2495 1533 3972 1640 wa u.a. bei „Zwischenspiel",.Comtesse Mizi
3036 1551 4153 1671 übersetzt von Björkmann, erschienn
2495 1615 2938 1687 „Einsamer Weg
2493 1634 4091 1732 bei Mittehell, Kennerley notiert, dass die Autori
2495 1681 4015 1796 sationsfrage ungeklärt seil. Das stimmt nicht
2501 1735 4017 1831 ganz. Diese drei Stücke sind übersetzt,weder
2501 1761 4081 1891 Sie noch ich haben jemals einen Heller Honorar
2499 1823 4112 1936 erhalten und gar von einem Aufführungsrecht war
2507 1889 4147 1994 gewiss niemals die Rede. Es besteht nun und das
2503 1934 4091 2029 Ist auch Herrn Bernsteins Ansicht, absolut kein
2501 1992 3988 2097 Zweifel, dass ich das Recht hätte über diese
3512 2017 4079 2107 frei zu verfügen.
2509 2064 3502 2163 Stücke in Amerika vollkomme.u.
2507 2087 4091 2194 Es würde doch nicht nur den Prinzipien der ein
2507 2136 4089 2250 fachsten rogik, sondern auch jedem Rechts-ja so
2503 2190 4085 2295 gar jedem juridischen Empfinden widersprechen,
2511 2247 4054 2359 was nicht ganz dasselbe ist,wenn ein Verleger
2515 2276 4134 2385 oder Uebersetzer, sei es nun auf Grund eines man
2513 2348 4134 2453 gelhaften Copyright oder trotz eines betehenden
2515 2394 4033 2488 Copyright, einfach dadurch, dass er irgend ein
2513 2420 4106 2550 Werk herausgibt, resp. übersetzt, dieses Werk in
2521 2499 4151 2606 sein Eigentum überführt, ohne jemals auch nur ei¬
2517 2550 4130 2653 nen Heller Honorar gezahlt, ja oftmals ohne eine
2526 2610 4073 2713 Autorisat on erworben zu haben. Wenn wir eine
2521 2641 4099 2765 sulche Auffassung gelten liessen,hiesso ja das
2515 2703 4163 2791 einfach diesen Faub senktionieren und ermutigen.
2526 2752 4044 2849 Wir sind schon durch die bestehenden
2521 2783 4165 2903 rechtlichen Verhältnisse übel genug dran und ha-
2526 2857 4136 2975 ben affenGrund gagan* uns gegen unsere Interes-
2526 2905 4167 3022 sen schädigende Auslegung und Anwendung Zur Weh-
2530 2960 4110 3057 re zu setzen, dass wir aber gar freiwillig uns
2530 3010 4044 3115 unserer geringen Vorteile und Rechte begeben
2532 3057 4046 3164 sollten, das niesse doch die Nachgiebigkeit
2534 3078 4151 3212 etwas zu weit treiben. Es ist also, um wieder auf
