4393 4088
257 973 1837 1125 Ueberweisung von 400 dänischen vronen. Hier ist
261 1052 1630 1201 doch wohl die Provision schon abgezogen.
473 1098 1719 1266 4. Mein Telegramm betreffend Amerika-
511 1172 1811 1333 land" haben sie erhalten. Das ist ein
277 1241 1706 1371 recht charakteristischer Fall. Dieser Herr
277 1212 431 1331 „Not
569 1277 1739 1402 hatte sich im Mai an mich gewandt,
279 1331 1750 1469 lelder findet sich eine Abschrift meiner an
308 1355 516 1456 Kollezk
286 1386 1744 1520 ihn jedenfalls gesandten Antwort nicht vor.
281 1418 1822 1572 Ich nehme an, dass ihm meine Bedingungen nicht
286 1485 1759 1630 recht waren und nun setzt er sich, ohne sich
288 1534 1857 1674 weiter um mich zu kümmern, mit Ihhen in Verbin-
297 1578 1886 1721 dung. Nicht undenkbar, dass in dieser Angelegen-
290 1639 1793 1777 heit auch Herr Bartsch eine Polle spielt und
304 1670 1918 1828 ich frage mich, ob es nicht an der Zeit für mich
295 1730 1773 1875 wäre, meine Unabhängigkeit von Herrn Bartsch
313 1770 1927 1924 irgendwie offizieli bkkannt zu geben. Ich glaube
310 1842 1815 1971 übrigens seinerzeit Herrn Wotiezki in meinem
308 1880 1824 2032 Briefe um seine eventuellen Verbindungen mit
319 1931 1873 2096 Verlegern und Thaterdirektionen gefragt zu ha-
313 1985 1853 2132 bene. Sollten sie mit Herrn W. zu den telegra-
319 2027 1938 2186 fisch angegebenen Bedingungen zu einem Abschluss
335 2081 1889 2224 gelangen, (was ich natürlich für unwahrschein-
328 2114 1893 2284 lich halte), so möge er die fälligen Garantie-
324 2186 1784 2322 summen an mein New-Yorker Konto (Ladenburg,
330 2244 1837 2380 Thalmann & Co) einzahlen. Wäre es dann nicht
330 2268 1945 2440 das Einfachste, wenn ich die in dieser Fall auf
337 2331 1869 2487 gie entfallende Provinien einfach in der Ori-
326 2391 1840 2547 ginalvaluta an ein von Ihnen mir zu bezeich-
346 2438 1909 2581 nendes Konto überweigen liesse? Wäre das übe¬
346 2460 1933 2634 haupt nicht die einfachste Regelung der ganzen
339 2594 913 2712 Provisionsfrage?
692 2630 1929 2775 Wegen des „Weiten Lands“ Buchausgabe
353 2712 1851 2842 allein, hat sich indess ein anderer Bewerber
359 2739 1900 2891 aus Amerika Dr.B.Zeisler an mich gewandt., der
353 2795 1904 2940 mir bei dieser Gelegenheit auch mitteilt, dass
357 2846 1844 3000 Herr Thomas Salzer [bei dem jetzt eben eine
362 2904 1869 3050 sehr schöne englische Ausgabe von „Casanovas“
364 2951 1875 3105 Heimfahrt herausgekommen ist) behauptet das
373 2994 1846 3137 alleinige Uebersetzungsrecht für alle meine
371 3027 1951 3210 Werke zu besitzen. Die Wahrheit ist, dass er es
2565 721 2922 830 A.W.A.C.F.P.T.K
3704 866 3963 976 12 m 21.
2340 911 3931 1087 nicht einmal je ausdrücklich verlangt und dass
2349 1018 3931 1141 ich mich natürlich nur bereit erklärt habe von
2351 1067 3934 1203 Eall zu Fall mit ihm zu verhandeln, xxxnd andere
2349 1085 4023 1244 nicht eruirbare Leute behaupten wieder, sie haben
2331 1179 3858 1319 ben Autorisationen meiner Werke zu vrkaufen;
2349 1230 3795 1360 es sind wirklich unleidliche Verhältnisse.
2527 1295 3974 1449 6. Dies führt mich auch wieder auf die An¬
3434 1369 3958 1465 Property Custo-
2362 1391 3393 1514 gelegenheit unserer beim Allia
2364 1418 3972 1556 dian erliegenden Tan tiaman. 300 Dollar für.Ko¬
2364 1480 3811 1634 mödie der Worte „Follar für „Einsamer
2369 1500 3998 1659 Weg und weitere 300 Dollar, welche nach Bartsch
2362 1583 3911 1706 von der betreffenden Gesellschaft gleichfalls
2384 1616 3974 1759 (Greenwich Village Players) in Washington einge
2366 1672 3985 1808 zahlt worden sind. Auch in diesem Falle wünsche
2375 1726 3985 1855 ich dringend, dass die für mich bestimmte Summe,
2373 1797 3923 1920 wenn es so weit und es überhaupt möglich ist,
2378 1828 3876 1953 in New-York bei meiner Bank eingezahlt werde
2380 1851 4005 2005 und wir nicht vielleicht auf die Verrechnungsmo-
2380 1931 4007 2058 dalitäten des Herrn Bartsch angewiesen sind. Ich
2384 1985 4003 2112 ersuche dringend um Auskunft, ob diese Agelegen -
2382 2045 3956 2181 heit überhaupt schon in die Wege geleitet ist.
2594 2112 3974 2259 7. Recht lieb wäre es mir, wenn die „Rei-
2431 2195 3972 2308 en -Angelegenheit mitharz möglichst bald ge -
2393 2221 4048 2355 ordnet würde. Die 74-78. Auflage ist mir von Hut
2395 2302 3954 2429 Bantsch nach dem alten Preis bezahlt, indessen
2398 2340 3949 2471 wohl auch schon erschienen und wird wohl auh
2404 2391 3885 2532 schon zu einem höheren Preis als zu 12 Mark
2407 2404 3994 2579 verkauft. Wollen wir warten bis diese Auflagen
2945 2489 3909 2623 was wohl sehr bald der Fall
2409 2545 4001 2672 vorwird und erst dann mit ihm verhandeln, so
2753 2550 2887 2619 sin
2409 2596 3893 2744 entsteht naturgemäss eine Pause, in der der
2418 2621 3945 2771 „Reigen überhaupt nicht xxx zu erhaltenist
2416 2695 4010 2826 Meiner Ansicht nach kämen wir am raschesten zu
2416 2742 4052 2871 einem Resultat, wenn Sie die noch in Harz Händen
2416 2762 4210 2936 befindlichen Auflagen von ihm ablösten und gleib und
2431 2855 4005 2985 neue druckten. Wenn Harz sich auch ohneweiters
2431 2893 4010 3025 bereit erklärt hat, wozu er freilich kontrakt -
2436 2949 4007 3088 lich verpflichtet war, die „Reigen -Rechte nie-
2429 2998 3923 3155 ter vollkommen /in meine Hände wieder zurück
2509 3112 2940 3217 nungeschmulert
