4417 3976
1864 964 1947 1098 2
379 1145 1945 1269 zeige von Hans Bartsch in New York, der ja wie
1205 1211 1411 1279 Gouillez lʼhonneur dʼêtre
1440 1220 1584 1281 G.C.H.F.P
869 1217 1158 1283 G.C.H.F.P.S.,
383 1236 1941 1370 ich glaube Ihr Vertreter in Amerika ist. Das
379 1325 2015 1450 die „Grosse Szene“ im Laufe des vorigen Winters
371 1428 1965 1570 mit grossen Erfolg in New York gespielt worden
377 1539 1988 1656 ist, glaube ich Ihnen schon mitgeteilt zu haben.
377 1632 2002 1788 Wie ich weiters (nicht mit der gleichen Authen
379 1724 1922 1868 tizimat)hore), soll auch der „Kakatu“ gespielt
1456 1829 1568 1883 G.C.H.P.
377 1848 1963 1971 worden sein. Ihr Vertreter wird Sie wohl genau
373 1959 1959 2081 darüber zu orientieren wissen und alles tun, um
383 2041 1953 2182 Ihre und meine Rechte zu wahren. Die Sache ist
371 2144 2023 2303 bei dem heutigen Stand des Dollar nicht ohne Be-
369 2229 663 2396 deutung.
882 2369 1411 2509 Ocrachtungsvoll
847 3352 937 3434 autres
3551 962 3976 1147 20.10.1919.
2863 1234 3119 1323 An den
2931 1362 3525 1481 Verlag S.Fischer,
3578 1494 3842 1648 Berlin.
3885 1607 4126 1691 estern“.
2925 1619 3893 1755 a die Unaufführung der „Schw“
3883 1667 4077 1747 2e 1amestre
2484 1710 4019 1858 für Anfang Dezember bevorsteht,würde es sich
2482 1811 4040 1965 wohl empfehlen, dies: Buchausgabe jetzt fertig-
3162 1899 3327 1961 G.C.H.F
2486 1910 4046 2058 zustellen.um sie für die Versendung bereit zu
2484 2035 4011 2124 halten, die natürlich erst knapp vor der Erst
2491 2116 4050 2260 aufführung geschehen soll. Ich sende zu leich
2501 2231 3939 2350 ein Bühnenexemplar an Sie ab, in dem einige
2491 2322 4087 2423 kleine Korrekturen erfolgt sind,die ich in der
2499 2410 4095 2561 Buchausabe zu berücksichtigen bitte. Zugleich
2505 2540 4054 2659 er suchs ich an mich persönlich noch zwei Du-
2517 2643 3922 2736 tzend Rühnenexemplare absenden zu wollen.
2903 2727 3978 2865 Wenn sie es für richtig halten,
2505 2839 3992 2960 will ich nun nichts mehr dagegen einwenden,
2505 2946 4066 3080 dass Sie die Wünsche der Bühnen um Einsendung
2511 3043 3984 3189 von Rühne nexemplaren erfüllen. Sie wissen ja,
