4417 4039
921 1045 1097 1167 nicht.
539 1115 1923 1264 erscheinen/des gleichen Schutzes wie die
535 1210 2042 1345 reichsdeutschen Autoren selbst? Gibt es hie-
539 1293 2045 1423 rüber besondere oder allgemeine Entscheidun-
541 1419 1950 1534 gen? Müssten neuerscheinende Werke, meiner
533 1516 2014 1638 Fredervon mir oder von Ihnen in Ungarn ange-
518 1619 1043 1755 meldet werden?
733 1714 1956 1859 2.) Von Herrn Pierre Loving habe ich
529 1819 2059 1939 schon etwa vor 14 Tagen einen Brief erhalten,
529 1915 1983 2055 der dem an Sie gerichteten ziemlich analog
525 2042 2047 2150 lautet. Ich habe mich für dieses eine Mal mit
533 2138 1941 2257 seinen vorschlägen einverstanden erklärt,
535 2249 2065 2350 werde mir aber für künftighin andere Honorar-
535 2321 1978 2458 bedingungen zu erwirken suchen. Sie selbst
523 2429 1941 2548 wünsche ich in dieser Angelegenheit nicht
508 2534 1161 2650 weiter zu bemühen.
774 2617 1999 2761 3.) Wie steht es nun mit Druck resp.
520 2726 1954 2864 Erscheinen meiner vergriffenen Bücher ins-
523 2815 2005 2951 besondere der gesammelten Werke? Die letzte
518 2935 1979 3050 Veranlassung zu dieser neuerlichen Anfrage
529 3061 1886 3185 bildet ein Besuch, den ich gestern durch
4133 886 4234 1016 P.
2675 1012 4176 1144 den Ihnen gewiss nicht unbekanntenß. R. Wun-
2677 1132 4236 1239 derlich aus Leipzig erhielt, der mit mir über
2668 1225 4073 1375 irgendwelche Luxusausgaben zu verhandeln
2675 1336 4197 1450 wünschte. Im Laufe des Gesprächs, ganz spon-
2666 1440 4143 1572 tan, beklagte sich Herr Wunderlich über die
2660 1534 4131 1671 Schwierigkeit bei Beschaffung meiner Werke
2670 1634 4126 1755 Ich wies auf die Papierkalamitäten hin, von
2664 1731 4164 1867 denen Sie mir in der letzten Zeit erst wie-
2654 1848 4213 1954 der geschrieben hätten,worauf Herr Wunderlich
2658 1943 4153 2059 bemerkte, dass diese Schwierigkeiten keines-
2644 2061 4186 2166 wegs so unüberwindlich seien, was er mit kon-
2644 2135 4147 2282 kreten Angaben belegte, insbesondere mit Of-
2635 2233 4128 2387 ferten aus der Schweiz zu allergünstigsten
2648 2369 4145 2480 Zahlungsbedingungen und mit der Mitteilung,
3404 2427 3622 2507 Papier
2652 2453 4133 2571 dass auch in Oesterreich in grossen Vorrä-
2648 2549 4139 2691 ten vorhanden sei. Ich fragte Herrn Wunder-
2666 2668 4137 2800 lich ganz ausdrücklich,ob er mir gestatte,
2652 2769 4139 2896 seine Aeusserungen an sie weiter zu leiten,
2652 2867 4104 2997 er erklärte sich ohneweiters damit einver-
2654 2957 4131 3079 standen und zugleich gern bereit Ihnen sämmt
2652 3065 4159 3224 liche für sie eventuell zweckdienliche Anga-
