4427 4058
501 1117 1959 1232 ten und solchen, die später durch sie ange-
499 1203 1987 1294 bracht würden. Ich weiss auch nicht, welches
505 1254 1918 1343 die „Ueberschüsse“ sein könnten, die Ihrer
505 1296 2029 1397 Vertretung gehören sollen,die dafür die Ver-
499 1335 2090 1502 mittlung und die Uebersetzung zu besorgen hätä-
511 1444 626 1535 te.
820 1478 2001 1603 Ich möchte noch bemerken, dass Herr
721 1543 2064 1652 die-von ihm vorgeschlagenen Bedingungen
487 1577 676 1668 Cutti
521 1615 2035 1714 die in ganz Italien üblichen nennt,was mir
521 1660 1775 1779 von kompetuter Seite bestätigt wird.
850 1744 1809 1898 Mit vorzüglicher Hochahtung
3527 961 3941 1074 23.10.1920.
2526 1232 2689 1351 An
3838 1294 3939 1383 .24
3562 1320 3723 1399 "    "
2972 1316 3475 1413 Fischer, Verlag,
3013 1393 3556 1472 slandsabteilung.
3612 1428 3879 1526 Berlin.
2794 1498 4111 1625 Sie schreiben mir, dass Sie für die spa
2558 1579 3945 1662 nischen Uebersetzungsrechte für „Sterben
2605 1611 4123 1722 Frau des Weisen und „Andreas Thammayer“ von
2552 1678 4131 1765 Bliblioteca Mueva Madrid 100 (hundert) Pesetas
2558 1736 4058 1829 erhalten haben. Ich glaube annehmen zu dür¬
2558 1781 4048 1874 fen, dass es sich hier nur um eine Carantie-
2558 1843 3990 1926 summe handelt, allerdings auch um eine, die
2558 1892 3974 1979 mir recht niedrig gegriffen scheint. Herr
2568 1942 3957 2023 Reves, der seinerzeit im Auftrage der Bi
2568 1995 4058 2072 blioteca Nueva bei mir war, fand meine Bedin
2564 2041 4054 2130 gungen 10% vom Ladenpreis des Exemplars und
2572 2108 4073 2171 etwa 1000 Pesetas Garantiesumme durchaus an
2572 2148 4064 2231 gemessen. Es muss doch ein gewisses Verhält
2570 2195 4066 2286 nis zwischen dem Verkaufspreis des Exemplars
2570 2245 4081 2344 und der Honorierung des Autors hergestellt
2568 2292 4095 2387 werden. Immer wiederholeich, dass ich lieber
2568 2354 4028 2441 auf Verbindungen mit dem Ausland verzichte
2572 2415 4018 2481 als dass ich es mir gefallen lasen möchte,
2576 2455 4038 2540 den unglücklibhen Stand uusener Valuta von
2570 2512 4006 2625 ausländischen Verlegern in so unvornehmer
2578 2564 3487 2649 Weise ausgenützt zu sehen.
2811 2643 4093 2738 Mit den von Ihnen vorgeschlagenen Be-
2570 2716 4010 2794 dingungen, dine Uebersetzung meines Pomans
2582 2750 4105 2873 „Der Weg ins Freie“ ins Italienische betref¬
2584 2811 4083 2891 fend; 1800 Eire pränumerando für die ersten
2582 2865 4151 2944 500 Exemplare, 1000 Lire für jedes der folgen
2584 2920 4115 2998 den 5000, 500 Lire vom 25. Tausend ab für je
2582 2962 4046 3051 5000 erkläre ich mich einverstanden,aller-
2580 3025 4097 3109 dingsnur, weil ich es für recht unwahrschein
2588 3069 4020 3186 lich halte, dass der Roman in Italien eine
