8889 3993
484 986 2024 1098 mir freilich recht gering, aber man soll doch
482 1104 2036 1258 nichts unversucht lassen. xxxxxx
780 1202 1910 1328 3. Meije „Wursté-Anfrage beruhte
478 1284 2078 1432 auf einem Irrtum. Meinhardt und Bernauer hat¬
470 1398 2020 1554 ten seinerzeit wegen dieser Burleske bei mir
478 1498 2042 1656 angefragt und ich hatte sie an Ihre Firma ge-
478 1612 1898 1700 wiesen. Ich wusste nicht, dass sich weiter
472 1684 1326 1828 nichts angeknüpft hatte.
806 1798 2098 1946 4. Wie ich Ihnen schon neulich schrik
460 1912 1940 2016 ist iedess eine Summe vom Prager Deutschen
458 1984 2072 2156 Theater an mich gelangt und icherwarte nun von
460 2102 1928 2246 Ihnen die Einsendung der Verrechnung,sowie
464 2212 1994 2354 präzise Mitteilung, wie es mit den Verträgen
466 2318 1958 2436 über „Bernhardi“ und die anderen Stücke, die
466 2430 1996 2534 Herr Vramer erworben hat, steht. Wenn Sie mir
448 2518 2038 2628 einmal einen solchen Vertrag zur Einsichtnahme
458 2606 2030 2730 senden könnten, wäre ich Ihnen recht verbunden.
472 2722 1978 2852 nabesondere möchte ich sehen, wie es mit den
490 2842 1930 2980 Donnements und den Vormerkgebühren steht,
532 2914 1942 3052 welcher Hinsicht man wie ich aus eigener
910 3006 1152 3078 Schlechter
484 3000 1392 3124 Wahrung weiss, auch bei dem
1448 3034 2038 3142 grössten und ver¬
440 3104 1982 3202 lässlichsten Theatern sonderbare Dinge erle¬
434 3156 1428 3256 ben kann. - Hochachtungsvoll
3568 974 3970 1096 28.7.1919.
2846 1190 3110 1330 An den
2854 1288 3752 1426 Bühnenvertrieb 3.Fischer,
3716 1382 3994 1564 Berlia.
2824 1496 4108 1602 Die Prager Angelegenheit kompliziert
2544 1606 4126 1732 sich immer weiter. Zirka am 7. Juli erhielt ich
2538 1708 4146 1812 direkt aus Prag und zwar durch die Länderback
2544 1802 4064 1918 Wien den Betrag von Kr. 5229.37 österr.Währ.
2544 1902 4012 2024 Verrechnung von dort erhielt ich nicht, ich
2532 2002 4114 2106 musste und muss wohl annehmen, dass dieser Be-
2542 2106 4138 2280 trag die T###tinnen für den „Professor Bernhar-
2544 2222 4084 2336 di vorstellen. Nun erhalte ich Ihre Abrech-
2538 2308 4108 2446 nung, in der gleichfalls die Prager Aufführun-
2538 2414 3940 2536 gen des Professor Bernhardi“ figurieren
2526 2512 4144 2640 u.zw.die vom 11.13.15.17.28. und 31.Wärz.sowie
2532 2620 4150 2732 4. April d.J. (indess haben bereits weitere Auf-
2526 2742 4134 2838 führungen am 8.und 16.Mai stattgefunden,die in
2526 2816 4060 2944 dieser Quartalsabrechnung selbstverständlich
2526 2936 4044 3058 auch schon figurieren müssen. (Im Juni keine
2532 3020 4050 3164 Aufführung). Als Endsummer der verrechneten
4834 994 6444 1126 Aufführungen erscheinen 3323 Kr., die von Ihnen
4830 1094 6442 1224 in der Annahme, dass es sich um österreichische
4848 1192 6400 1330 Kronen handelt, auf 1661 Wark umgerechnet wer¬
4830 1304 6408 1410 den. Doch handelt es sich zweifellos nicht um
4842 1406 6370 1526 österreichische Wiesen, sondern um czechische
4842 1510 6376 1644 3325 Kr., denn wie ich schon erwähnt habe ich
4830 1610 6320 1728 offenbar für dieselben nun mehr auch Ihnen
4842 1678 6424 1808 verrechneten „Bernhardi“-Aufführungen 5229.27
4840 1784 6436 1938 vronen (österreichisch) von Prag durch die Län¬
4842 1894 6272 2030 derbank erhalten, welche 5229 Kr. eben den
4830 1992 6318 2154 3323 czechischen Kronen entsprechen würden.
4836 2118 6324 2254 Das wären aber dann natürlich viel mehr als
4842 2188 6412 2346 1661 Mark. Ha' Ihnen nun Prag tatsüchlich auch
4836 2324 6444 2452 die Summe, die Sie mir verrechnet haben, gezahlt?
4828 2422 6408 2548 Ich muss wohl annehmen, denn Zirxknxxxxxx
4830 2536 6424 2662 in Ihrer Eudsumme haben sie einen Abzug dieser
4812 2630 6286 2750 1661 Mark nicht gemacht (von der Bank habe
4830 2736 6388 2864 ich über die Einzahlung der Gesamtsumme noch
4818 2822 6322 2952 kein Aviso). Prag hat also - falls das Geld
4818 2922 6250 3060 auch an Sie gelangt ist - doppelt gezahlt
4806 3004 6296 3152 und gewissermassen auch nicht doppelt, denn
8248 862 8524 1010 28/7 1
8498 984 8670 1154 ron
7014 1074 8572 1234 während Sie für die „Bernhardi“-Aufführungen
7038 1190 8572 1346 nur 3323 österr. Kronen erhielten, erhielt ich
7014 1312 8596 1408 5229 öster.Kronen. Sollte dieses Plus etwa d
7012 1406 8562 1518 dadurch zu erklären sein, dass in der an mich
7032 1502 8560 1642 direkt gelangten Summe auch schon die beiden
7050 1606 8554 1740 Majaufführungen des „Bernhardi“ eingerachnet
7020 1702 8560 1828 sind. Das ist wohl so gut wie ausgeschlussen.
7020 1804 8578 1930 Jedenfalls erwarte ich allerrascheste Aufklä-
7026 1904 8458 2034 rung über diese sonderbare Angelegenheit.
7252 2014 8476 2168 Was nun die Prager Tantiemenzahlung
7014 2110 8532 2280 für meine angeren stücke anbelangt, so finde
7026 2234 8614 2350 ich Ihren Ausdruck. dass hier eine Art „passive
7014 2328 8518 2478 resistenz" getrieben werde von einer über -
7014 2406 8464 2552 flüssigen Milde. Damit, dass wir jetzt die
7008 2518 8556 2670 stücke einfach kündigen wäre freilich nichts
7026 2622 8590 2770 getam. Das können wir uns ja noch im er vorbe-
7026 2716 8626 2840 halten. Da wir aber doch ein gutes Recht haben
7020 2816 8602 2960 die uns zustehenden Tantièmen, resp. die Rest-
7026 2916 8620 3046 beträge zu erhalten, so müssten Sie wohl meines
7026 3026 8634 3198 Brachtens nach nochmaligser dringender Mahnun.
