4417 4039
3655 895 4026 1059 30.1.1###20.
2707 1163 2952 1287 An den
2762 1329 3682 1469 Theatervertrieb S.Fischer,
3568 1414 3703 1471 ouvert avec les ames.
3813 1405 4089 1555 Berlin.
2927 1542 4079 1718 Auf Ihre Anfrage wegen Polen er-
2481 1663 4112 1831 laube ich mir in Erinnerung zu bringen, dass ich
2492 1753 4155 1910 Ihnen bereits vor zwei Monaten von meinem Enxxb-
2477 1857 4167 2013 schluss „Die Schwestern" betreffend mit dem Di¬
3087 1975 3302 2040 G.C.H.F.T.P.D.
2490 1964 4060 2133 rektor des Warschauer Thaaters Arnold Szyfman
2475 2083 4053 2239 Mitteilung gemacht habe. Er legte Wert darauf
2486 2161 4178 2317 mit mir persönlich zu verhandeln und abzuschlies¬
2490 2279 4155 2408 sen. Die Abmachung gilt natürlich für sämmtliche
2490 2370 4174 2534 polnische Theater.Ich ein ielt sofort eine Tanti¬
2496 2458 4155 2644 mengarantie,Tantiemen werden hoffentlich folgen.
2496 2553 4190 2760 Keinesfalls bitte ich mit Ihrem Warschauer Vertre-
2502 2697 4197 2855 ter irgendwelche Verträge, meine Stücke betreffend,
2500 2800 4180 2933 zu schliessen. Von eventuellen Anträgen bitte ich
2498 2897 4133 3057 mich freundlichst in Kenntnis setzen zu wollen.
2507 3017 3975 3133 Sollte sich einer als akzeptabel erweisen,
2513 3091 4152 3258 und sollte Direktor Szyfmann nicht
