4429 4087
644 1023 756 1120 G.O.I.
127 1028 1889 1205 lung die Sachlage vollkommen zu klären. Insbesondere
160 1102 1856 1256 aber bitte ich von nun ab die auf mich entfallen-
169 1142 1865 1297 den Perzente von den im Ausland verkauftenBüchern
175 1214 1740 1339 in der Valuta des betreffenden Landes resp.in
177 1236 1821 1409 Schweizer Franes zu berechnen;wo diese Auslands¬
184 1317 1819 1442 valuta zu deponieren ist kommt ja erst in zwei-
184 1370 1788 1499 ter Linie. Entweder in einer ausländischen Bank,
184 1418 1810 1545 wie das auch mit Bühnentantiemen geschieht, oder
186 1455 1906 1606 bei meiner Berliner Bank, eventuell könnte ich, wenn
184 1510 1871 1646 es gestattet ist, die Beträge bei einem Freund pri-
197 1565 1803 1698 vat hinterlegen lassen. Ich bat übrigens vor ei
193 1619 1779 1744 nigen Wochen, dass 160 norw. Kr., die für michbei
206 1657 1797 1808 Ihnen eingelangt sind, wie Herr Greiner schrieb
195 1700 1858 1847 der Bank für auswärtigen Handel zu übergeben. Ich
193 1777 1937 1913 habe hierüber keinerlei weitere Nachricht erhalten.
614 1828 1856 1922 Ob die österreichischen Verleger dem
202 1849 1895 2014 österreichischen Autor vortellhaftere Bedingungen
202 1922 1893 2049 zu bieten imstande sind als die deutschen, was Sie
208 1968 1937 2099 lieber Freund, nicht mit Unrecht bezweifeln, darüber
206 2027 1946 2165 habe ich in diesem Augenblick keine konkrete Erfah¬
215 2082 1799 2202 rung. Sie sagen meinen, und das scheint ja sehr
180 2126 1836 2281 Clausibel, dass der deutsche Verleger durch seine
217 2165 1922 2305 Organisation und seinen Anschluss an den Weltbuhh
219 2242 1838 2371 handel biete als der österreichische Verleger.
224 2303 1924 2463 Aber dieser Satz hätte nur dann seine Richtigkeit
429 2345 574 2410 me hr
224 2395 1858 2516 wenn der Autor diesen Anachluss an den Weltbuch
224 2439 1920 2566 handel auch durch die perzentuell korrekte Betei-
224 2467 1930 2627 ligung an den Einnahmen in Auslandsvaluten zu spü
191 2540 1920 2680 ren bekäme. Und in dieser Hinsicht ist bisher all¬
188 2592 1944 2743 zuviel verfehlt worden, was ja leider im vollen Aus-
224 2649 1891 2800 mass kaum wieder gut gemacht wird werden können.
535 2739 1253 2892 Mit herzlicher Grues
848 2838 940 2919 ihr
1361 2912 1828 3020 riels Reusch im
239 2945 1334 3081 Ist die Angelegenheit des Casts
239 2969 1977 3164 Norden mit drei meiner Stücke weiter fortgeschrit-
243 3123 408 3217 ten?
3554 929 3960 1036 20.10.1923.
2239 938 2673 1078 Jacob
2467 1251 3133 1363 vieber Herr Doktor.
2739 1341 3955 1435 Beigeschlossen die Ermächtigung. Ich
2480 1424 3964 1494 lege zu gleicher Zeit eine Abschrift eines
2474 1481 3990 1545 heute gechriebenen briefes an S.Fischerbei.
2509 1521 4021 1600 Die Valutazuschläge sind natürlich nicht das
2507 1569 3955 1648 einzige in Betracht kommende Thema, aber das
2520 1602 4025 1700 Uebrige wird sich ja zwanplos ergeben, sobald
2500 1674 3971 1753 wie mit Fischer reden. Den Brief an Fischer
2507 1735 3997 1806 in dem ich ihn bitte, Sie zu empfangen, sende
2516 1773 4056 1858 ich erst morgen nach. Ich glaube, das ist beg-
2480 1830 3997 1913 ser. sie xxx rufen dan vielleicht Herrn Fi¬
2474 1878 3992 1970 scher an und fragen ihn,wann er Sie bei sich
2513 1935 3929 2025 sehen kann. Denn von selber wird er Ihnen
2566 1961 4030 2064 ja kaum schreiben, Finden sie die Form mei-
2516 2025 4084 2106 ner Ermächtigung nicht ausreichend, schreiben
2513 2079 4058 2169 Sie mir bitte gleich in welcher Weise ich sie
2507 2134 4043 2207 auszustellen hätte. Für heute nur dies Wenl¬
2509 2182 4036 2294 ge und nochmals herzlichsten Dank und Gruss.
2989 2283 3109 2384 Ihr
2480 2930 3149 3030 Herrn Dr.Hans Jacob
2516 3004 3353 3107 Berlin. Luitpoldstr. 41.
