4461 4058
3647 764 3983 887 Ficher Co
4001 811 4133 937 .1
2458 790 2840 965 Esche
2452 937 4003 1096 der wie leichtfertig manchmal Plagiatbeschul-
396 1000 1987 1128 noch zu bezahlen haben, oder bereits in Wishing-
2466 1054 4015 1153 digungen erhoben werden. Es tut mir leid, dass
410 1080 1915 1177 tön deponiert haben. Hebrigens haben während
2468 1106 4031 1205 ich Sie in diser Sache bemühen musste. Ob ein
402 1132 1889 1245 des Krieges noch andere Aufführungen meiner
2462 1136 4049 1261 zelne Uebereinstimmungen vorhanden sind, vermag
400 1187 1903 1289 Stücke in Amerika stattgefunden,insbesondere
2470 1227 3629 1311 ich natürlich nicht zu beurteilen.
412 1235 1879 1328 weiss ich von solchen der „Litenatur“ wofür
406 1271 1919 1386 auch die Tantiemen bei der A.P.C. eingezahlt
2735 1283 4013 1392 Meine peisesache ist noch immer nicht
410 1328 1935 1446 worden sein müssten. Hierüber sollte man sich
2468 1342 4045 1456 genaz geklärt. Sowohl Holland als Schweden sind
416 1388 1780 1519 wohl noch bei Herrn Bartsch informieren.
2468 1406 4023 1513 wahrscheinlich und etwa Anfang Mai dürfte ich
2472 1450 4069 1555 auf der peise von Amsterdam nach Stockholm mich
762 1470 1993 1581 Wie es nun im Allgemeinen mit meinen
2480 1513 4057 1621 in Berlin aufhalten. Cenaueres kann ich heute
1032 1533 2011 1627 Amerika steht, habe ich Ihnen
2478 1559 4057 1665 noch nicht sagen. Ich danke ihnen herzlich für
841 1559 1012 1629 ten in
418 1549 937 1657 Angelegenheiten
418 1591 2001 1696 schon neulich geschrieben. Niemand ist dort zu
2478 1621 3926 1722 die Anregung,die sie den Bühnen anlässlich
424 1639 1957 1734 meiner Vertretung berechtigt, Frau Paukner und
2472 1659 4025 1764 meines bevorstehenden 60. Geburtstages gegeben
418 1690 1969 1782 Herrn Joe Sternberg, die berechtigt waren Anbo
2472 1710 4063 1830 haben, und bin mit den verbindlichsten Grüssen
434 1742 2009 1834 te zu machen, habe ich dieses Recht entzogen, nu
428 1792 1973 1885 Herr Sternberg hat noch das Recht Filme anzu¬
2951 1798 3590 1923 Ihr sehr ergebener
430 1838 2003 1947 bieten, wovon er übrigens keinen gebrauch zu ma¬
424 1893 1999 1993 chen scheint. Es steht also Herrn Brandt & Kir
424 1957 1971 2048 patrik als Ihren Vertreter feei Verhandlungen
434 2005 1967 2096 auch über an meine werke anzuknüpfen Abschluss
432 2046 1915 2142 bleibt nach wie vor an meine ausdrückliche
1985 2019 2100 2148 G.H.F.P
424 2094 1967 2186 nehmigunggebknüeft, wie ich mir auch jederzeit
438 2162 1941 2247 vorbehaltesselbständig abzuschliessen,in wel
434 2208 1903 2291 ohem Falle ich Sie aber sofort verständigen
430 2263 1826 2341 werde, wie ich es bisher immer getan habe.
436 2291 1981 2404 Ihnen oder Brandt & Kirpatrik Anträge zu über
434 2355 1919 2444 weisen, die ich selbst kurzer Hand erledigen
436 2408 1987 2490 kann, und wo es sich einfach um Bezahlung von
440 2454 1993 2546 Pauschalbeträgen handelt, liegt begreiflicher
428 2520 1338 2627 weise keinerlei Grund vor.
780 2567 2054 2695 Falls der Verlag Karzag weitere Schwie
436 2645 1879 2776 rigkeiten machen sollte, werde ganz einfach
445 2709 1961 2800 ich diese Schuld übernehmen und an Ihren Büh¬
436 2764 1997 2860 nenvertrieb die 890 Mark 75 Pf. ausbezahlen (wo
2496 2758 3715 2916 Herrn Leo Greiner,S.Fischer,Verlag.
451 2832 1993 2919 vonwohl die 20% Kommission in Abzug kämen?
2514 2868 2762 2961 perlin.
823 2872 1949 2993 Besten Dank für die Zusendung der
442 2963 2019 3055 Zeitschrift mit dem Stück von Wagenwert, es hat
438 3015 1955 3106 tatsächlich nicht die geringste Aehnlichkeit
440 3027 2034 3158 mit den Schwestern, die schon aus dem Personen-
440 3124 2023 3244 verzeichnls zu ersehen ist, und man sieht wie-
