4446 4104
430 1098 2047 1184 kurrenten nennen, den er in Verdacht hat. Und da
434 1169 2066 1230 doch sie von Anfang an diese Angelegenheit voll
434 1217 2073 1279 kommen unbeirrt von mir führen, und ich jeden Be-
434 1269 2036 1338 werber immer wieder an W. gewiesen habe, so wäre
432 1308 1999 1379 es doch wohl die Sache von Kirpatrik & Brandt,
439 1370 2166 1433 Ihrer Vertreter,wenn es notwendig sein sollte,ihm
434 1416 2053 1478 schützende Hand über W. auszustrecken und jeden
441 1455 2099 1537 unberechtigten Bewerber gerichtlich zu verfolgen.
432 1511 2040 1586 Dies ist doch ein Fall, der ganz klar liegt. „Das
439 1576 2058 1634 weite Land“ ist copyrighted,keinerlei andere Au-
441 1593 2170 1690 torisation beteht von mir oder von Ihnen aus,- soll
443 1662 2019 1733 te man nicht einmal unter solchen Umständen In
439 1718 2146 1787 Amerika sein Recht durchsetzen können? Die Options-
434 1768 2081 1846 frist haben wir ja erstreckt, ich weiss in diesem
434 1815 2172 1895 Augenblicke nicht bis wann, eine weitere Erstreckung
432 1878 2099 1943 wenn bis dahin kein Erfolg erzielt ist, wollen wir
432 1906 2148 2012 aber doch wohl von einer Nachzahlung abhängig mach
810 1978 2077 2083 Ihre freundliche Antwort betreffs der
443 2042 2073 2155 von Eger, Hamburg, gezahlten Pauschalsumme xxx für
469 2122 2077 2192 30 Aufführungen des.Abschiedssouper wäre mir
1247 2176 1660 2246 «^v^
432 2179 754 2250 wertvoll.
804 2252 2075 2364 Der Reigen“ ist in Christiania schon
465 2289 2034 2397 aufgeführt worden.Sittliche Entrüstung bereits
471 2377 2099 2472 vorhanden. Ist aber auch schon die Garantiesumme
471 2427 992 2516 gezahlt worden?
808 2488 2008 2585 Sind Sie einigermassen unterrichtet
465 2539 2077 2639 über die Einnahmsverhältnisse der Berliner Thea
478 2630 2006 2689 ter und insbesondere über die Einnahmmöglich
465 2663 2096 2747 keit? Werden in Berlin Lustbarkeitssteuern abge-
463 2732 1372 2814 zogen und in welcher Höhe?
795 2788 1671 2911 Mit verbindlichen Grüssen
1081 2879 1697 2963 Ihr sehr ergebener
443 3151 877 3270 Herrn Leo Cr
927 3164 1083 3261 ner.
428 3229 1070 3359 S.Fischer, Verlag,
3845 849 4074 1018 16/11 8
2550 988 4109 1100 Autoren bin, der unter diesen Dingen zu leiden
2561 1072 4176 1145 hat. Mir wurde die Sache nur ganz besonders in
2563 1132 4204 1199 diesem Jahre fühlbar, in dem ein lebendigerer und
2565 1184 4206 1247 grosszügigerer Vertrieb wenigstens einigermassen
2565 1241 4217 1312 die Schaden hätte ausgleichen können oder müssen,
2555 1284 4137 1353 die mir schon dadurch entstanden waren, dass ge
2559 1338 4098 1403 rade zu einer Zeit, da sie am meisten verlangt
2555 1385 4134 1452 wurden meine Werke gar nicht oder nur spärlich
2557 1424 3181 1528 zu erhalten waren.
2814 1502 4124 1604 Heinrich Glücksmann.Schriftsteller und
2548 1563 4158 1651 Dramaturg des Deutschen Volkstheaters,frägt bei
2548 1649 4160 1723 mir an, ob er ein Exemplar meiner Gesamtausga-
2550 1694 3925 1787 be zum Buchhändlerpreis beziehen könnte.
2812 1753 4087 1846 Die Ergänzungsbände für Frau Hofrätin
2548 1831 4156 1921 Zuokerkandl bitte ich in Leinen zu li###rn (Wien
2550 1882 3244 1986 1. Oppoizergasse 6).
2820 1952 4109 2055 An Fräulein Emma Löwenstamm, Gablonza/
2537 2021 4180 2127 Similistrasse 11, bitte ich gleichfalls die bei-
2546 2094 4057 2157 den Ergänzungsbände,doch in möglichst g###xx
2546 2144 4104 2226 besten Einband zu liefern, da sie von den frü-
2542 2192 3972 2297 heren Bänden die Halblederausgabe besitzt.
2816 2282 4018 2382 Wären sie eventuell geneigt,mir den
2539 2310 4193 2425 „Deg in s Freie (bei dem das Missverhältnis zwi-
2546 2401 4122 2464 schen Nachfrage und Vertriebstendenz stets ein
2542 2442 4189 2537 ziemlich erhebliches gewesen ist und den Sie ein
2539 2505 4147 2591 mal in Ihre neue Romanreihe aufnehmen wollten),
2531 2546 3879 2643 für eine Vorzugsausgabe frei zu geben?
2803 2619 4137 2743 Meine Vortragsreise durch die Cechoslo¬
2507 2669 4024 2784 makei war mir vlelfach interessant; von dem
2531 2762 4167 2825 Skandal, den die Hakenkreuzler in Teplitz insze-
2531 2805 4124 2890 nierten, haben sie wohl in den Zeitungen gele
2533 2851 2697 2935 sen.
2805 2935 4204 3019 Sie haben nun die schönen, aber vielleicht
2529 3006 4191 3071 etwas anstrengenden Tage der Hauptmann-Feier hin¬
2535 3060 4111 3110 ter sich. Hier habe ich am Raimundtheater eine
2539 3101 4191 3203 von Martin vorzüglich inszenierte Aufführung der
