4449 4057
3508 887 3872 995 86.5.1922.
2429 906 2813 1034 Jischer
2656 1079 3149 1201 Lieber Freund.
2926 1180 4204 1302 Beifolgend die gewünschten Namenszüge
2600 1238 3488 1354 für das Specht sche Buch.
2933 1333 4144 1422 In der Ankündigung des neuen Bandes
2627 1414 4088 1492 Theaterstücke, Gesammtausgabe, vermisse ich
2629 1471 4169 1535 „Fink und Fliederbusch. Ich hoffe, das ist nur
2629 1519 4171 1589 ein Druckfehler und das Stück ist in dem Band
2627 1560 4113 1634 enthalten. Da es in der Chronologie vor den
2627 1618 4177 1698 „Schwestern rangiert,könnte gerade in diesem
2625 1672 3801 1760 Fall ein Fehlen missdeutet werden.
2838 1717 3416 1808 der Ankündigung
2941 1736 4115 1837 In der Einzela usgaben vermisse ich
2621 1816 4222 1884 einige meiner Bücher. Es wäre mir lieb gewesen,
2625 1870 4179 1936 wenn auch die augenblicklich vergriffenen Bü-
2619 1913 4227 1983 cher verzeichnet stünden (eventuell mit der Be¬
2615 1971 4243 2035 merkung. vergriffen,wie man das eben in solchen
2615 2020 4150 2109 Fällen tut. Ich vermisse „Märchen“ „Vermächt
2621 2064 4169 2136 nis „Überdies „Berta Garlan" und „Griechische
2615 2122 4243 2190 Tänzerin,die nur innerhalb der Romanbibliothek
2615 2177 4152 2264 existieren. Diese beiden sind wohl nicht ver
2615 2221 4198 2299 griffen..Vermäch tnis kommt in den allernäch¬
2611 2280 4173 2349 sten Wochen xxx hier wieder zur Aufführung und
2613 2332 4138 2394 zwar bei Direktor Beer im Raimundtheater, das
2615 2380 4258 2443 „Märchjen“ im Laufe der nächsten Saison mit höch-
2611 2425 4218 2514 ster Wahrscheinlichkeit an einem Berliner Thea-
2615 2456 4274 2567 ter. Eine Neuauflage des „Märchen“ insbesondere
2613 2528 4169 2588 erschiene mir in hohen Grade wünschenswert.Die
2604 2571 4212 2670 Honorarzahlung kann ja ohneweiters bis zur Auf
2607 2629 3581 2720 führung aufgeschoben werden.
2943 2706 4222 2803 Ihrer freundlichen erlaubnis entspre-
2582 2747 4204 2850 ehend lege ich hier eine Liste der von mir er-
2600 2827 4239 2910 betenen Exemplare bei. Die Gesammtausgabe halten
2598 2883 4237 2959 Sie noch zurück. Sind die ergänzungsbände schon
2578 2928 3581 3023 an ihre Adressen abgegangen?
2931 3009 3647 3122 Mit herzlichem Gruss
3319 3089 3442 3180 Ihr
