4478 4056
3298 985 3889 1109 Wien, 22.12.1920.
2213 886 2671 1142 Firnier
2529 1153 3027 1280 Lieber Freund.
2770 1271 4040 1418 Beiliegend ein prief von CesareLevi,
2568 1347 3953 1489 Florenz. Ich habe Hernn Dr. Lovi ersucht
2577 1385 4076 1521 sich wegen „Einsamer Weg und „Schestern“mit
2579 1452 4009 1579 Ihnen ins Einvernehmen zu setzen. Was dan
2592 1502 4035 1627 von ihm vorgeschlagenen Band mit den fünf
2579 1536 4070 1680 Einaktern abxx anbelangt, so habe ich mich
2588 1616 4005 1728 dagegen ausgesprochen. Falls Sie über die
2596 1663 4033 1786 Stücke in weitere Verhandlungen eintreten,
2590 1709 4011 1844 so bitte natürlich entsprechende Garantie
2592 1767 4035 1911 zu verlangen,Abschluss durch die Sozietät,
2596 1853 3225 1952 bestimmten Termin.
2807 1883 3981 2032 2. Fräulein Mahuys hat sich neuer-
2602 1943 4095 2096 dings wegen des „Doktor Gräsler“ an mich ge-
2609 2023 4070 2135 wandt. Ich erklärte mich einverstanden mit
2609 2070 3999 2185 150 Culden für eine Auflage von 1000 und
2613 2113 4076 2232 bat sie, resp. Herrn Guerido sich mit Ihnen
2615 2197 3467 2294 in Verbindung zu setzen.
2848 2243 4089 2372 3. Es gelangen unverbindliche Anfra¬
2628 2320 4096 2441 gen aus Polan wegen „Reign“ an mich. Erkan¬
2622 2372 4080 2495 Darf ich Sie um gefällige Mit-
2630 2428 4022 2534 teilung bitten, ob Sie eine Vertretung in
2631 2469 4050 2588 Warschau haben und irgend welche günstige
2628 2491 4083 2661 Erfahrungen mit ihr nachkam gemacht haben?
2872 2592 4081 2736 4. In welcher Weise ist endlich der
3837 2672 4027 2742 Däne —
2637 2697 3716 2807 Abschluss über die „Crosselsene
2643 2721 4033 2850 mark etc.) mit Reinhardt erfolgt? Wissen
2637 2786 4009 2908 Sie vielleicht, was dazu gespielt wurde?
2926 2850 4061 2992 5. Hat die Direktion des Deutsche
2654 2934 4012 3049 Landestheaters in Prag betreffs „Reigen
2652 2971 4050 3105 reagiert? Ich bitte diese Direktion anzu-
2652 3027 4065 3165 weisen von jetzt an alle an mich entfall
