4429 4087
3381 944 3782 1049 18.10.1923.
2386 946 2789 1071 mer
2463 1034 2985 1164 Lieber Freund.
2700 1146 4082 1243 Als die wesentlichste Frage scheint mir
2394 1209 4079 1289 in diesem Augenblick die der Valutazuschläge, ins-
2392 1276 4013 1347 besondere darum, weil es ja keine mehr gibt. Seit
2394 1327 3982 1399 längerer Zeit verkauft der deutsche Buchhandel
2394 1392 4084 1448 nach dem Ausland bekanntlich in schweizer Francs.
2549 1424 2627 1472 Mr
2401 1437 4082 1504 Nicht das Einfachste und Natürlichste, sondern ge-
2358 1470 4019 1539 aschäftlich das einzig Richtige wäre es, dass der
2351 1508 4084 1603 Autor von diesen Auslandsverkaufen genau die glei¬
2392 1595 4028 1646 chen Berzente bekommt, als von den Büchern imIn¬
2392 1629 4086 1707 land Denn es ist wirklich nicht einzusehen,warum
2388 1692 3950 1752 der Verleger gerade in diesem Fall, wo das Ge-
2392 1705 4045 1827 schäft doch vor allem durch den Namen des Autors
2403 1793 3967 1862 gemacht wird, um so viel besser dran sein soll,
2388 1840 4013 1907 als dieser selbst. Die Abrechnung an den Autor
2392 1883 3980 1952 würde dadurch keineswegs komplizierter,sondern
2388 1944 4013 2034 nur einfacher, da sich der Verlag die Umrechnung
3683 2054 4073 2168 da sich der
2422 2103 3995 2194 Verlag die Umrechnung in Mark ersparen könnte.
2416 2166 3944 2246 Die Rechnung wäre sehr kompliziert,sagen Sie
2418 2198 4118 2312 wenn Sie alle kleinen Valutabeträge erfassen soll
2422 2284 4028 2342 ten. Ob die Beträge klein oder gross sind, kommt
2424 2334 4038 2403 ja hiebei gar nicht in Frage und in diesem Fall
2411 2377 4043 2459 brauchte die Abrechnung mit dem Autor nicht so¬
2411 2437 4004 2524 fort zu erfolgen,man könnte die kleinen Valuta
2414 2480 3976 2575 beträge zu ammenkommen lassen.bis ein grosser
2411 2541 4028 2616 daraus wird. Und so klein die Valutabeträge wä-
2411 2590 4006 2666 ren, die ich zu beziehen hätte, sie würden noch
2411 2616 4086 2717 immer beträbtlich die Gesammtsumme der Zahlung
2416 2685 4036 2776 überschreiten, die nix im Laufe der letzten Mo¬
2409 2745 3898 2810 nate vom Verlag aus an mich erflossen sind
2407 2786 4006 2864 und die, auch wenn ich die gestern kundart avi¬
2414 2847 4084 2914 sierten hundert Milliarden (- 80 Goldmark) dazu-
2409 2898 3926 2957 rechne, die einzelnen Zahlungen immer zum Kuss
2399 2937 4036 3026 des betreffenden Zahlungstages gerechnet, gewiss
2403 2989 3998 3060 noch keine 500 Goldmark betragen. Und da sollen
2403 3006 4092 3133 nun die Einnahmen für meine im Ausland verkauften
2411 3097 4028 3159 Bücher auch schon dabei sein. Somit erscheint es
2403 3151 4066 3224 vollkommnunerläglich durch eine genaue Aufstel-
