<?xml version="1.0" encoding="UTF-8" standalone="yes"?>
<PcGts xmlns="http://schema.primaresearch.org/PAGE/gts/pagecontent/2013-07-15" xmlns:xsi="http://www.w3.org/2001/XMLSchema-instance" xsi:schemaLocation="http://schema.primaresearch.org/PAGE/gts/pagecontent/2013-07-15 http://schema.primaresearch.org/PAGE/gts/pagecontent/2013-07-15/pagecontent.xsd">
    <Metadata>
        <Creator>prov=READ-COOP:name=TrHtr:version=2.1.0:model_id=51170:date=27_07_2023_22:02</Creator>
        <Created>2023-05-02T07:57:29.358+02:00</Created>
        <LastChange>2023-07-27T22:02:48.942+02:00</LastChange>
        <TranskribusMetadata docId="1416739" pageId="54952999" pageNr="189" tsid="131304435" status="IN_PROGRESS" userId="64420" imgUrl="https://files.transkribus.eu/Get?id=FCUEOFRXDWVFGQOGXBVMPEOC&amp;fileType=view" xmlUrl="https://files.transkribus.eu/Get?id=XLMWPLIOTPTYMVAYXUVLKXJZ" imageId="44456724"/>
    </Metadata>
    <Page imageFilename="1416739_0189.jpg" imageWidth="4408" imageHeight="4041">
        <ReadingOrder>
            <OrderedGroup id="ro_1711828004876" caption="Regions reading order">
                <RegionRefIndexed index="0" regionRef="tr_1"/>
                <RegionRefIndexed index="1" regionRef="tr_2"/>
            </OrderedGroup>
        </ReadingOrder>
        <TextRegion id="tr_1" custom="readingOrder {index:0;}">
            <Coords points="384,931 1886,931 1886,3098 384,3098"/>
            <TextLine id="tr_1_tl_1" custom="readingOrder {index:0;}">
                <Coords points="373,1049 1737,1006 1803,991 1804,916 1216,967 789,946 648,987 377,963"/>
                <Baseline points="384,1038 420,1035 465,1035 510,1032 555,1032 599,1032 644,1029 689,1026 734,1023 778,1020 823,1017 868,1017 913,1017 958,1014 1002,1014 1047,1011 1092,1011 1137,1008 1181,1005 1226,1005 1271,1005 1316,1002 1360,1002 1405,999 1450,999 1495,996 1539,996 1584,993 1629,993 1674,993 1719,993 1763,984 1808,981"/>
                <TextEquiv>
                    <Unicode>lassen, dass man sich für eine geringfügige</Unicode>
                </TextEquiv>
            </TextLine>
            <TextLine id="tr_1_tl_2" custom="readingOrder {index:1;}">
                <Coords points="378,1100 1759,1055 1818,1046 1819,991 380,1044"/>
                <Baseline points="390,1089 435,1083 480,1080 525,1077 570,1074 614,1077 659,1077 704,1074 749,1071 793,1071 838,1068 883,1068 928,1065 972,1065 1017,1059 1062,1059 1107,1059 1152,1056 1196,1056 1241,1056 1286,1056 1331,1056 1375,1053 1420,1050 1465,1047 1510,1044 1554,1041 1599,1041 1644,1041 1689,1038 1733,1038 1778,1032 1823,1026"/>
                <TextEquiv>
                    <Unicode>Summe unter keiner Bedingung zu binden ge-</Unicode>
                </TextEquiv>
            </TextLine>
            <TextLine id="tr_1_tl_3" custom="readingOrder {index:2;}">
                <Coords points="377,1137 1728,1104 1761,1051 378,1098"/>
                <Baseline points="387,1134 423,1134 468,1134 513,1134 558,1134 602,1131 647,1125 692,1125 737,1122 781,1122 826,1119 871,1116 916,1116 961,1116 1005,1113 1050,1113 1095,1110 1140,1110 1184,1107 1229,1104 1274,1104 1319,1104 1363,1101 1408,1101 1453,1098 1498,1098 1542,1095 1587,1092 1632,1089 1677,1086 1722,1083 1766,1080"/>
                <TextEquiv>
                    <Unicode>denkt und ihn geradeheraus fragen, war die</Unicode>
                </TextEquiv>
            </TextLine>
            <TextLine id="tr_1_tl_4" custom="readingOrder {index:3;}">
                <Coords points="375,1197 1818,1152 1833,1068 377,1143"/>
                <Baseline points="387,1187 402,1187 447,1184 492,1181 537,1178 581,1175 626,1175 671,1175 716,1172 761,1172 805,1169 850,1166 895,1163 940,1163 984,1163 1029,1163 1074,1163 1119,1160 1163,1157 1208,1154 1253,1154 1298,1152 1343,1149 1387,1149 1432,1146 1477,1143 1522,1143 1566,1143 1611,1143 1656,1140 1701,1137 1745,1137 1790,1134 1835,1131"/>
                <TextEquiv>
                    <Unicode>Leute sind., die in Amerika für den Verkauf</Unicode>
                </TextEquiv>
            </TextLine>
            <TextLine id="tr_1_tl_5" custom="readingOrder {index:4;}">
                <Coords points="382,1242 1566,1240 1793,1210 1795,1147 384,1199"/>
                <Baseline points="393,1235 411,1235 456,1232 501,1229 546,1226 590,1226 635,1223 680,1223 725,1223 769,1220 814,1217 859,1217 904,1220 949,1220 993,1214 1038,1214 1083,1211 1128,1214 1172,1211 1217,1208 1262,1208 1307,1202 1351,1199 1396,1199 1441,1196 1486,1196 1531,1193 1575,1193 1620,1190 1665,1187 1710,1184 1754,1184 1799,1175"/>
                <TextEquiv>
                    <Unicode>meiner Autorisationen von ihm Geld zu ver-</Unicode>
                </TextEquiv>
            </TextLine>
            <TextLine id="tr_1_tl_6" custom="readingOrder {index:5;}">
                <Coords points="382,1328 444,1315 581,1327 605,1308 673,1328 708,1306 774,1321 832,1293 911,1312 950,1300 950,1259 892,1261 826,1229 682,1246 605,1224 521,1252 380,1242"/>
                <Baseline points="390,1292 417,1286 462,1283 507,1283 552,1280 596,1277 641,1277 686,1277 731,1274 775,1280 820,1283 865,1286 910,1292 955,1289"/>
                <TextEquiv>
                    <Unicode>langen wagen.</Unicode>
                </TextEquiv>
            </TextLine>
            <TextLine id="tr_1_tl_7" custom="readingOrder {index:6;}">
                <Coords points="1559,1355 1568,1355 1583,1345 1611,1349 1617,1355 1625,1355 1645,1343 1653,1351 1670,1351 1671,1278 1655,1278 1641,1265 1619,1272 1610,1280 1596,1276 1585,1285 1561,1284"/>
                <Baseline points="1569,1340 1584,1340 1629,1337 1674,1337"/>
                <TextEquiv>
                    <Unicode>ten</Unicode>
                </TextEquiv>
            </TextLine>
            <TextLine id="tr_1_tl_8" custom="readingOrder {index:7;}">
                <Coords points="980,1351 995,1351 1017,1373 1049,1366 1055,1372 1070,1364 1100,1387 1115,1377 1141,1385 1137,1291 1072,1304 1038,1300 1025,1291 1016,1299 993,1295 980,1302"/>
                <Baseline points="990,1369 1035,1363 1080,1363 1125,1369 1143,1372"/>
                <TextEquiv>
                    <Unicode>cheu</Unicode>
                </TextEquiv>
            </TextLine>
            <TextLine id="tr_1_tl_9" custom="readingOrder {index:8;}">
                <Coords points="648,1377 740,1375 766,1390 830,1370 892,1396 933,1394 929,1315 896,1302 819,1297 772,1321 721,1315 708,1304 676,1327 646,1327"/>
                <Baseline points="656,1366 701,1369 746,1369 790,1372 835,1369 880,1372 925,1381 937,1381"/>
                <TextEquiv>
                    <Unicode>Die engl</Unicode>
                </TextEquiv>
            </TextLine>
            <TextLine id="tr_1_tl_10" custom="readingOrder {index:9;}">
                <Coords points="959,1450 1349,1445 1385,1415 1503,1403 1551,1430 1673,1426 1801,1396 1803,1321 1611,1355 1486,1291 1233,1297 1098,1372 1023,1375 965,1332"/>
                <Baseline points="972,1417 999,1417 1044,1411 1089,1411 1134,1408 1178,1405 1223,1405 1268,1405 1313,1402 1357,1399 1402,1399 1447,1396 1492,1393 1537,1390 1581,1393 1626,1390 1671,1387 1716,1387 1760,1384 1805,1381"/>
                <TextEquiv>
                    <Unicode>ernhardi sind wohl nicht</Unicode>
                </TextEquiv>
            </TextLine>
            <TextLine id="tr_1_tl_11" custom="readingOrder {index:10;}">
                <Coords points="744,1426 755,1426 763,1433 766,1430 774,1437 783,1433 789,1437 802,1426 811,1426 817,1432 826,1432 826,1383 817,1383 811,1377 804,1383 787,1379 778,1388 768,1388 764,1392 755,1385 744,1385"/>
                <Baseline points="755,1414 799,1414 829,1414"/>
                <TextEquiv>
                    <Unicode>un</Unicode>
                </TextEquiv>
            </TextLine>
            <TextLine id="tr_1_tl_12" custom="readingOrder {index:11;}">
                <Coords points="455,1469 472,1469 512,1441 525,1450 588,1441 605,1450 624,1443 631,1450 650,1437 667,1441 671,1368 639,1370 631,1360 588,1366 575,1375 551,1364 513,1379 461,1366"/>
                <Baseline points="468,1432 495,1429 540,1429 584,1426 629,1423 674,1420"/>
                <TextEquiv>
                    <Unicode>iebele</Unicode>
                </TextEquiv>
            </TextLine>
            <TextLine id="tr_1_tl_13" custom="readingOrder {index:12;}">
                <Coords points="386,1503 429,1484 506,1520 557,1510 590,1525 688,1501 708,1516 774,1497 811,1514 956,1506 957,1454 888,1432 510,1439 474,1469 448,1447 388,1450"/>
                <Baseline points="396,1483 426,1483 471,1486 516,1483 561,1483 605,1480 650,1477 695,1474 740,1474 784,1471 829,1468 874,1468 919,1468 963,1471"/>
                <TextEquiv>
                    <Unicode>weiter gediehen.</Unicode>
                </TextEquiv>
            </TextLine>
            <TextLine id="tr_1_tl_14" custom="readingOrder {index:13;}">
                <Coords points="1053,1497 1064,1499 1066,1493 1085,1493 1109,1510 1115,1506 1121,1510 1135,1501 1139,1505 1150,1505 1147,1443 1137,1443 1122,1433 1111,1445 1098,1441 1085,1448 1072,1445 1062,1458 1051,1458"/>
                <Baseline points="1062,1483 1107,1486 1152,1486 1154,1486"/>
                <TextEquiv>
                    <Unicode>G.F.P.</Unicode>
                </TextEquiv>
            </TextLine>
            <TextLine id="tr_1_tl_15" custom="readingOrder {index:14;}">
                <Coords points="690,1593 1808,1550 1848,1540 1849,1484 693,1518"/>
                <Baseline points="701,1572 734,1569 778,1569 823,1566 868,1563 913,1563 958,1563 1002,1560 1047,1560 1092,1560 1137,1560 1181,1557 1226,1554 1271,1554 1316,1551 1360,1548 1405,1548 1450,1548 1495,1545 1539,1545 1584,1542 1629,1539 1674,1539 1719,1537 1763,1534 1808,1531 1853,1531"/>
                <TextEquiv>
                    <Unicode>Und wie steht es mit dem kostbaren</Unicode>
                </TextEquiv>
            </TextLine>
            <TextLine id="tr_1_tl_16" custom="readingOrder {index:15;}">
                <Coords points="382,1658 1645,1619 1840,1587 1842,1546 384,1595"/>
                <Baseline points="393,1635 414,1635 459,1632 504,1632 549,1629 593,1626 638,1620 683,1620 728,1620 772,1617 817,1614 862,1614 907,1617 952,1614 996,1611 1041,1611 1086,1611 1131,1608 1175,1605 1220,1605 1265,1602 1310,1599 1354,1602 1399,1599 1444,1596 1489,1593 1534,1593 1578,1590 1623,1593 1668,1587 1713,1587 1757,1584 1802,1581 1847,1578"/>
                <TextEquiv>
                    <Unicode>Herrn Kramer? Verweigert er Ihnen noch imme</Unicode>
                </TextEquiv>
            </TextLine>
            <TextLine id="tr_1_tl_17" custom="readingOrder {index:16;}">
                <Coords points="397,1705 1664,1670 1842,1640 1844,1589 399,1640"/>
                <Baseline points="408,1689 414,1689 459,1683 504,1680 549,1680 593,1680 638,1674 683,1671 728,1671 772,1671 817,1671 862,1668 907,1665 952,1662 996,1662 1041,1659 1086,1659 1131,1656 1175,1656 1220,1656 1265,1653 1310,1650 1354,1650 1399,1647 1444,1647 1489,1644 1534,1644 1578,1641 1623,1641 1668,1638 1713,1638 1757,1635 1802,1632 1847,1632"/>
                <TextEquiv>
                    <Unicode>die Mitteilung,ob er den „Reigen“ in geschl</Unicode>
                </TextEquiv>
            </TextLine>
            <TextLine id="tr_1_tl_18" custom="readingOrder {index:17;}">
                <Coords points="390,1739 1778,1701 1848,1694 1849,1640 392,1703"/>
                <Baseline points="402,1731 420,1733 465,1733 510,1731 555,1728 599,1725 644,1722 689,1722 734,1722 778,1722 823,1719 868,1719 913,1716 958,1713 1002,1710 1047,1710 1092,1713 1137,1710 1181,1710 1226,1707 1271,1704 1316,1701 1360,1698 1405,1698 1450,1695 1495,1695 1539,1692 1584,1692 1629,1689 1674,1686 1719,1686 1763,1683 1808,1683 1853,1680"/>
                <TextEquiv>
                    <Unicode>senen Vorstellungen-gespielt hat oder nicht</Unicode>
                </TextEquiv>
            </TextLine>
            <TextLine id="tr_1_tl_19" custom="readingOrder {index:18;}">
                <Coords points="388,1786 1059,1756 1319,1801 1752,1737 1818,1774 1853,1698 388,1741"/>
                <Baseline points="399,1781 423,1781 468,1781 513,1781 558,1778 602,1775 647,1775 692,1772 737,1766 781,1769 826,1766 871,1763 916,1763 961,1763 1005,1760 1050,1757 1095,1757 1140,1760 1184,1760 1229,1757 1274,1754 1319,1751 1363,1751 1408,1748 1453,1745 1498,1745 1542,1745 1587,1745 1632,1739 1677,1739 1722,1733 1766,1733 1811,1731 1856,1722"/>
                <TextEquiv>
                    <Unicode>Und möchte er unser Geld noch immer in sei-</Unicode>
                </TextEquiv>
            </TextLine>
            <TextLine id="tr_1_tl_20" custom="readingOrder {index:19;}">
                <Coords points="395,1872 982,1868 1038,1833 1079,1851 1083,1761 899,1780 856,1759 821,1788 772,1773 736,1795 682,1773 624,1795 399,1789"/>
                <Baseline points="408,1838 414,1835 459,1835 504,1835 549,1832 593,1829 638,1829 683,1826 728,1823 772,1820 817,1817 862,1817 907,1817 952,1817 996,1814 1041,1808 1086,1802"/>
                <TextEquiv>
                    <Unicode>ner Tasche behalten?</Unicode>
                </TextEquiv>
            </TextLine>
            <TextLine id="tr_1_tl_21" custom="readingOrder {index:20;}">
                <Coords points="673,1936 974,1911 1158,1947 1357,1898 1848,1892 1864,1848 1623,1816 1566,1851 1415,1821 1267,1859 1076,1838 1014,1874 675,1863"/>
                <Baseline points="683,1922 701,1919 746,1919 790,1919 835,1919 880,1916 925,1916 969,1913 1014,1913 1059,1913 1104,1913 1149,1910 1193,1904 1238,1904 1283,1901 1328,1901 1372,1898 1417,1898 1462,1892 1507,1895 1551,1892 1596,1892 1641,1889 1686,1889 1731,1889 1775,1883 1820,1883 1865,1880"/>
                <TextEquiv>
                    <Unicode>Ihnen in diesem Sommer persönlich</Unicode>
                </TextEquiv>
            </TextLine>
            <TextLine id="tr_1_tl_22" custom="readingOrder {index:21;}">
                <Coords points="399,1996 1818,1951 1868,1894 1357,1898 1158,1947 971,1911 403,1930"/>
                <Baseline points="411,1981 438,1984 483,1981 528,1978 573,1975 617,1975 662,1975 707,1972 752,1972 796,1969 841,1969 886,1969 931,1966 975,1960 1020,1960 1065,1960 1110,1960 1154,1957 1199,1957 1244,1954 1289,1951 1334,1951 1378,1948 1423,1948 1468,1942 1513,1942 1557,1942 1602,1942 1647,1939 1692,1939 1736,1936 1781,1933 1826,1933 1871,1933"/>
                <TextEquiv>
                    <Unicode>begegnen wäre mir eine besonders erfreulich</Unicode>
                </TextEquiv>
            </TextLine>
            <TextLine id="tr_1_tl_23" custom="readingOrder {index:22;}">
                <Coords points="403,2044 1718,2007 1818,2001 1819,1960 405,1988"/>
                <Baseline points="414,2041 432,2041 477,2035 522,2032 567,2029 611,2026 656,2026 701,2020 746,2020 790,2020 835,2020 880,2017 925,2017 969,2014 1014,2014 1059,2014 1104,2011 1149,2008 1193,2008 1238,2005 1283,2002 1328,2002 1372,2002 1417,1999 1462,1999 1507,1996 1551,1993 1596,1993 1641,1993 1686,1990 1731,1987 1775,1984 1820,1984"/>
                <TextEquiv>
                    <Unicode>Aussicht. Ich fahre in den nächsten Tagen,</Unicode>
                </TextEquiv>
            </TextLine>
            <TextLine id="tr_1_tl_24" custom="readingOrder {index:23;}">
                <Coords points="401,2100 1859,2067 1877,1982 403,2046"/>
                <Baseline points="414,2086 447,2086 492,2083 537,2083 581,2083 626,2080 671,2077 716,2074 761,2071 805,2071 850,2068 895,2068 940,2068 984,2065 1029,2065 1074,2062 1119,2062 1163,2059 1208,2056 1253,2056 1298,2056 1343,2053 1387,2050 1432,2050 1477,2047 1522,2044 1566,2044 1611,2041 1656,2041 1701,2038 1745,2038 1790,2035 1835,2032 1880,2035"/>
                <TextEquiv>
                    <Unicode>wahrscheinlich am 16. auf zirka 10 Tage nach</Unicode>
                </TextEquiv>
            </TextLine>
            <TextLine id="tr_1_tl_25" custom="readingOrder {index:24;}">
                <Coords points="412,2147 1801,2100 1803,2042 414,2093"/>
                <Baseline points="423,2136 462,2136 507,2136 552,2133 596,2130 641,2127 686,2127 731,2124 775,2121 820,2118 865,2118 910,2118 955,2116 999,2116 1044,2113 1089,2113 1134,2107 1178,2107 1223,2107 1268,2104 1313,2104 1357,2101 1402,2098 1447,2098 1492,2098 1537,2095 1581,2092 1626,2092 1671,2092 1716,2089 1760,2086 1805,2080"/>
                <TextEquiv>
                    <Unicode>Aussee, und Salzburg und München. Den Juli</Unicode>
                </TextEquiv>
            </TextLine>
            <TextLine id="tr_1_tl_26" custom="readingOrder {index:25;}">
                <Coords points="410,2190 1771,2162 1864,2140 1866,2072 1668,2119 412,2149"/>
                <Baseline points="420,2187 435,2184 480,2184 525,2181 570,2181 614,2178 659,2178 704,2175 749,2175 793,2172 838,2169 883,2169 928,2166 972,2163 1017,2163 1062,2160 1107,2157 1152,2157 1196,2157 1241,2154 1286,2157 1331,2154 1375,2154 1420,2151 1465,2151 1510,2145 1554,2142 1599,2142 1644,2142 1689,2142 1733,2136 1778,2136 1823,2133 1868,2133"/>
                <TextEquiv>
                    <Unicode>dürfte ich in Wien verbringen, anfangs Augus</Unicode>
                </TextEquiv>
            </TextLine>
            <TextLine id="tr_1_tl_27" custom="readingOrder {index:26;}">
                <Coords points="407,2248 1831,2207 1834,2147 408,2189"/>
                <Baseline points="417,2235 447,2235 492,2235 537,2232 581,2229 626,2229 671,2226 716,2226 761,2223 805,2223 850,2223 895,2220 940,2217 984,2214 1029,2214 1074,2211 1119,2211 1163,2211 1208,2208 1253,2208 1298,2205 1343,2202 1387,2199 1432,2199 1477,2196 1522,2193 1566,2193 1611,2187 1656,2187 1701,2187 1745,2187 1790,2184 1835,2184"/>
                <TextEquiv>
                    <Unicode>wieder nach Aussee gehen, das Weitere steht</Unicode>
                </TextEquiv>
            </TextLine>
            <TextLine id="tr_1_tl_28" custom="readingOrder {index:27;}">
                <Coords points="410,2290 1649,2258 1799,2241 1801,2198 412,2247"/>
                <Baseline points="420,2289 459,2286 504,2286 549,2283 593,2283 638,2280 683,2277 728,2277 772,2271 817,2268 862,2271 907,2271 952,2268 996,2265 1041,2265 1086,2262 1131,2262 1175,2259 1220,2256 1265,2253 1310,2250 1354,2250 1399,2247 1444,2247 1489,2247 1534,2241 1578,2238 1623,2238 1668,2238 1713,2235 1757,2232 1802,2229"/>
                <TextEquiv>
                    <Unicode>noch nicht ganz fest; bitte sagen sie mir</Unicode>
                </TextEquiv>
            </TextLine>
            <TextLine id="tr_1_tl_29" custom="readingOrder {index:28;}">
                <Coords points="412,2350 714,2385 1842,2335 1883,2237 414,2293"/>
                <Baseline points="423,2339 453,2336 498,2336 543,2336 587,2333 632,2330 677,2327 722,2327 767,2324 811,2321 856,2321 901,2318 946,2315 990,2315 1035,2312 1080,2309 1125,2309 1169,2309 1214,2309 1259,2309 1304,2307 1348,2304 1393,2301 1438,2301 1483,2298 1528,2295 1572,2295 1617,2295 1662,2295 1707,2292 1751,2289 1796,2286 1841,2283 1886,2283"/>
                <TextEquiv>
                    <Unicode>nur jedenfalls, wo sie zu finden sein würden</Unicode>
                </TextEquiv>
            </TextLine>
            <TextLine id="tr_1_tl_30" custom="readingOrder {index:29;}">
                <Coords points="705,2445 764,2425 942,2464 1044,2415 1165,2412 1239,2453 1317,2430 1439,2449 1475,2441 1477,2348 1276,2335 1186,2363 1137,2344 999,2370 708,2370"/>
                <Baseline points="716,2423 719,2423 764,2423 808,2423 853,2423 898,2420 943,2417 987,2417 1032,2414 1077,2411 1122,2411 1166,2408 1211,2408 1256,2408 1301,2405 1346,2405 1390,2405 1435,2402 1480,2396"/>
                <TextEquiv>
                    <Unicode>Mit herzlichen Grüssen</Unicode>
                </TextEquiv>
            </TextLine>
            <TextLine id="tr_1_tl_31" custom="readingOrder {index:30;}">
                <Coords points="1025,2494 1044,2492 1057,2501 1079,2486 1091,2492 1106,2479 1111,2483 1130,2481 1134,2415 1122,2415 1102,2427 1094,2427 1089,2419 1081,2421 1068,2415 1029,2417"/>
                <Baseline points="1038,2465 1047,2462 1092,2459 1137,2459"/>
                <TextEquiv>
                    <Unicode>Ihr</Unicode>
                </TextEquiv>
            </TextLine>
            <TextLine id="tr_1_tl_32" custom="readingOrder {index:31;}">
                <Coords points="418,3045 502,3054 570,3034 753,3064 776,3049 896,3054 961,3041 963,2955 868,2974 708,2962 676,2981 549,2966 521,2987 418,2989"/>
                <Baseline points="429,3035 474,3032 519,3032 564,3032 608,3029 653,3029 698,3029 743,3026 787,3026 832,3023 877,3023 922,3020 966,3023"/>
                <TextEquiv>
                    <Unicode>Herrn S.Fischer,</Unicode>
                </TextEquiv>
            </TextLine>
            <TextLine id="tr_1_tl_33" custom="readingOrder {index:32;}">
                <Coords points="422,3110 450,3116 470,3103 491,3110 515,3097 538,3109 551,3105 571,3122 590,3124 605,3114 615,3122 648,3101 673,3103 675,3043 639,3052 596,3035 570,3043 534,3034 513,3047 487,3049 476,3039 423,3045"/>
                <Baseline points="432,3088 453,3085 498,3085 543,3082 587,3079 632,3079 677,3079"/>
                <TextEquiv>
                    <Unicode>Berlin.</Unicode>
                </TextEquiv>
            </TextLine>
        </TextRegion>
        <TextRegion id="tr_2" custom="readingOrder {index:1;}">
            <Coords points="2411,958 3912,958 3912,2794 2411,2794"/>
            <TextLine id="tr_2_tl_1" custom="readingOrder {index:0;}">
                <Coords points="3365,1025 3438,1046 3463,1032 3474,1040 3498,1019 3526,1031 3549,1016 3584,1040 3678,1021 3734,1025 3734,954 3680,956 3639,931 3571,956 3461,933 3433,944 3403,929 3365,944"/>
                <Baseline points="3375,1008 3420,1011 3464,1011 3509,1011 3554,1014 3599,1011 3644,1011 3688,1011 3733,1011 3739,1011"/>
                <TextEquiv>
                    <Unicode>15.6.1921</Unicode>
                </TextEquiv>
            </TextLine>
            <TextLine id="tr_2_tl_2" custom="readingOrder {index:1;}">
                <Coords points="2404,1139 2531,1154 2640,1113 2676,1130 2908,1126 2908,1064 2856,1047 2728,1046 2683,1064 2610,1046 2565,1064 2520,1042 2449,1068 2404,1061"/>
                <Baseline points="2414,1116 2459,1116 2503,1116 2548,1116 2593,1116 2638,1116 2683,1116 2727,1116 2772,1116 2817,1113 2862,1116 2906,1116 2912,1119"/>
                <TextEquiv>
                    <Unicode>Lieber Freund.</Unicode>
                </TextEquiv>
            </TextLine>
            <TextLine id="tr_2_tl_3" custom="readingOrder {index:2;}">
                <Coords points="2826,1242 3004,1212 3227,1246 3352,1209 3410,1239 3832,1225 3852,1165 3022,1154 2955,1179 2827,1152"/>
                <Baseline points="2835,1208 2880,1211 2924,1214 2969,1214 3014,1211 3059,1214 3103,1214 3148,1214 3193,1214 3238,1217 3282,1217 3327,1217 3372,1214 3417,1211 3462,1211 3506,1214 3551,1214 3596,1214 3641,1214 3685,1211 3730,1211 3775,1211 3820,1211 3855,1214"/>
                <TextEquiv>
                    <Unicode>Der „Parazelsus“ ist glaube ich</Unicode>
                </TextEquiv>
            </TextLine>
            <TextLine id="tr_2_tl_4" custom="readingOrder {index:3;}">
                <Coords points="2410,1285 3845,1287 3845,1222 3776,1214 3170,1255 3079,1216 2726,1237 2410,1197"/>
                <Baseline points="2420,1268 2465,1268 2509,1268 2554,1268 2599,1265 2644,1265 2689,1265 2733,1268 2778,1265 2823,1265 2868,1268 2912,1268 2957,1268 3002,1268 3047,1265 3091,1265 3136,1268 3181,1268 3226,1265 3271,1268 3315,1268 3360,1265 3405,1268 3450,1265 3494,1265 3539,1265 3584,1265 3629,1265 3673,1265 3718,1265 3763,1262 3808,1265 3849,1268"/>
                <TextEquiv>
                    <Unicode>nicht nur in Gothenburg aufgeführt worden,</Unicode>
                </TextEquiv>
            </TextLine>
            <TextLine id="tr_2_tl_5" custom="readingOrder {index:4;}">
                <Coords points="2413,1321 3764,1330 3764,1285 3624,1267 2413,1287"/>
                <Baseline points="2423,1316 2426,1316 2471,1316 2515,1319 2560,1316 2605,1316 2650,1316 2694,1316 2739,1316 2784,1316 2829,1316 2874,1316 2918,1319 2963,1319 3008,1316 3053,1316 3097,1316 3142,1319 3187,1319 3232,1316 3276,1316 3321,1316 3366,1316 3411,1316 3456,1316 3500,1316 3545,1316 3590,1316 3635,1316 3679,1313 3724,1313 3769,1313"/>
                <TextEquiv>
                    <Unicode>wofür Ihnen von Herrn Linden nach Ihrem</Unicode>
                </TextEquiv>
            </TextLine>
            <TextLine id="tr_2_tl_6" custom="readingOrder {index:5;}">
                <Coords points="2410,1370 3843,1379 3802,1313 2410,1321"/>
                <Baseline points="2420,1369 2465,1369 2509,1369 2554,1366 2599,1366 2644,1366 2689,1366 2733,1366 2778,1366 2823,1369 2868,1369 2912,1369 2957,1369 3002,1369 3047,1369 3091,1366 3136,1369 3181,1369 3226,1369 3271,1366 3315,1366 3360,1366 3405,1366 3450,1363 3494,1366 3539,1366 3584,1366 3629,1363 3673,1366 3718,1363 3763,1363 3808,1366 3847,1372"/>
                <TextEquiv>
                    <Unicode>Schreiben vom 7. Juni schon die Tautime ab</Unicode>
                </TextEquiv>
            </TextLine>
            <TextLine id="tr_2_tl_7" custom="readingOrder {index:6;}">
                <Coords points="2406,1432 3847,1447 3847,1383 3762,1372 2406,1372"/>
                <Baseline points="2417,1420 2420,1420 2465,1420 2509,1420 2554,1420 2599,1420 2644,1420 2689,1417 2733,1417 2778,1420 2823,1420 2868,1420 2912,1420 2957,1420 3002,1420 3047,1420 3091,1420 3136,1420 3181,1420 3226,1420 3271,1420 3315,1417 3360,1417 3405,1417 3450,1417 3494,1417 3539,1417 3584,1417 3629,1417 3673,1417 3718,1414 3763,1414 3808,1414 3852,1414"/>
                <TextEquiv>
                    <Unicode>liefert wurde, und in Stockholm, sondern a</Unicode>
                </TextEquiv>
            </TextLine>
            <TextLine id="tr_2_tl_8" custom="readingOrder {index:7;}">
                <Coords points="2415,1477 3847,1478 3802,1420 2415,1430"/>
                <Baseline points="2426,1468 2471,1471 2515,1471 2560,1471 2605,1471 2650,1471 2694,1471 2739,1471 2784,1471 2829,1471 2874,1471 2918,1471 2963,1471 3008,1471 3053,1471 3097,1471 3142,1468 3187,1471 3232,1471 3276,1468 3321,1468 3366,1468 3411,1468 3456,1468 3500,1468 3545,1465 3590,1468 3635,1468 3679,1468 3724,1468 3769,1468 3814,1468 3852,1471"/>
                <TextEquiv>
                    <Unicode>in einigen andern skandinvischen Städten.</Unicode>
                </TextEquiv>
            </TextLine>
            <TextLine id="tr_2_tl_9" custom="readingOrder {index:8;}">
                <Coords points="2410,1527 3856,1531 3817,1471 2672,1505 2410,1471"/>
                <Baseline points="2420,1522 2429,1522 2474,1522 2518,1522 2563,1522 2608,1522 2653,1522 2697,1522 2742,1522 2787,1516 2832,1519 2877,1522 2921,1522 2966,1522 3011,1522 3056,1519 3100,1522 3145,1522 3190,1519 3235,1519 3279,1522 3324,1519 3369,1519 3414,1516 3459,1516 3503,1516 3548,1516 3593,1516 3638,1519 3682,1519 3727,1519 3772,1516 3817,1516 3861,1519"/>
                <TextEquiv>
                    <Unicode>Herr Molssi muss doch wissen, wo er als Pa</Unicode>
                </TextEquiv>
            </TextLine>
            <TextLine id="tr_2_tl_10" custom="readingOrder {index:9;}">
                <Coords points="2406,1602 2771,1568 3446,1574 3483,1610 3599,1570 3821,1611 3804,1521 2406,1529"/>
                <Baseline points="2417,1575 2438,1575 2483,1575 2527,1572 2572,1572 2617,1572 2662,1572 2706,1569 2751,1569 2796,1566 2841,1569 2886,1569 2930,1569 2975,1569 3020,1569 3065,1569 3109,1569 3154,1569 3199,1569 3244,1569 3288,1569 3333,1569 3378,1569 3423,1569 3467,1569 3512,1569 3557,1569 3602,1569 3647,1566 3691,1566 3736,1566 3781,1566 3826,1566"/>
                <TextEquiv>
                    <Unicode>zelsus auffetreten ist. Vielleicht wenden</Unicode>
                </TextEquiv>
            </TextLine>
            <TextLine id="tr_2_tl_11" custom="readingOrder {index:10;}">
                <Coords points="2436,1628 2488,1664 2713,1626 2859,1626 2889,1653 2947,1626 3281,1647 3281,1583 3245,1574 2852,1596 2768,1566 2618,1602 2567,1578 2436,1598"/>
                <Baseline points="2447,1626 2492,1626 2536,1626 2581,1626 2626,1626 2671,1626 2715,1626 2760,1626 2805,1623 2850,1626 2894,1623 2939,1626 2984,1623 3029,1623 3074,1626 3118,1623 3163,1623 3208,1623 3253,1623 3285,1626"/>
                <TextEquiv>
                    <Unicode>sich an ihn um Auskunft.</Unicode>
                </TextEquiv>
            </TextLine>
            <TextLine id="tr_2_tl_12" custom="readingOrder {index:11;}">
                <Coords points="2818,1737 2968,1724 3020,1761 3217,1714 3255,1741 3852,1728 3852,1662 3821,1649 3738,1679 3613,1643 3468,1677 3391,1651 3358,1677 3157,1660 2947,1692 2818,1658"/>
                <Baseline points="2829,1722 2874,1722 2918,1722 2963,1725 3008,1725 3053,1725 3097,1725 3142,1722 3187,1722 3232,1722 3276,1722 3321,1722 3366,1722 3411,1722 3456,1722 3500,1722 3545,1722 3590,1722 3635,1722 3679,1722 3724,1722 3769,1722 3814,1719 3858,1722"/>
                <TextEquiv>
                    <Unicode>Die Schecks für die Aufführung</Unicode>
                </TextEquiv>
            </TextLine>
            <TextLine id="tr_2_tl_13" custom="readingOrder {index:12;}">
                <Coords points="2410,1778 2818,1816 3000,1771 3869,1778 3869,1724 3575,1756 3208,1718 3013,1758 2410,1718"/>
                <Baseline points="2420,1772 2441,1775 2486,1775 2530,1775 2575,1778 2620,1775 2665,1775 2709,1775 2754,1775 2799,1778 2844,1772 2888,1775 2933,1772 2978,1772 3023,1769 3068,1772 3112,1772 3157,1775 3202,1775 3247,1772 3291,1772 3336,1772 3381,1772 3426,1772 3470,1769 3515,1769 3560,1769 3605,1772 3650,1772 3694,1772 3739,1772 3784,1769 3829,1769 3873,1769"/>
                <TextEquiv>
                    <Unicode>der „Grosennszane in Christiania“ und Göt</Unicode>
                </TextEquiv>
            </TextLine>
            <TextLine id="tr_2_tl_14" custom="readingOrder {index:13;}">
                <Coords points="2406,1849 3828,1831 3807,1776 3037,1771 2824,1814 2406,1780"/>
                <Baseline points="2417,1826 2444,1826 2489,1826 2533,1829 2578,1829 2623,1829 2668,1826 2712,1826 2757,1826 2802,1826 2847,1826 2891,1826 2936,1826 2981,1826 3026,1826 3071,1826 3115,1823 3160,1823 3205,1826 3250,1826 3294,1826 3339,1823 3384,1823 3429,1823 3473,1823 3518,1823 3563,1823 3608,1820 3653,1823 3697,1823 3742,1823 3787,1823 3832,1820"/>
                <TextEquiv>
                    <Unicode>burg sind mir zugekommen. Ed dürfte jetzt</Unicode>
                </TextEquiv>
            </TextLine>
            <TextLine id="tr_2_tl_15" custom="readingOrder {index:14;}">
                <Coords points="2410,1896 3704,1907 3879,1887 3879,1814 2410,1846"/>
                <Baseline points="2420,1880 2450,1880 2495,1877 2539,1877 2584,1877 2629,1877 2674,1877 2718,1877 2763,1877 2808,1880 2853,1877 2897,1877 2942,1877 2987,1877 3032,1877 3077,1877 3121,1877 3166,1877 3211,1877 3256,1877 3300,1874 3345,1877 3390,1874 3435,1874 3479,1874 3524,1874 3569,1874 3614,1874 3658,1874 3703,1874 3748,1874 3793,1874 3838,1871 3882,1871"/>
                <TextEquiv>
                    <Unicode>noch Kopenhagen, vielleicht auch irgend ein</Unicode>
                </TextEquiv>
            </TextLine>
            <TextLine id="tr_2_tl_16" custom="readingOrder {index:15;}">
                <Coords points="2400,1941 3609,1947 3577,1877 2400,1894"/>
                <Baseline points="2411,1930 2450,1930 2495,1930 2539,1927 2584,1927 2629,1927 2674,1927 2718,1927 2763,1927 2808,1927 2853,1927 2897,1927 2942,1927 2987,1927 3032,1927 3077,1927 3121,1927 3166,1927 3211,1927 3256,1927 3300,1927 3345,1927 3390,1927 3435,1927 3479,1924 3524,1924 3569,1927 3614,1927"/>
                <TextEquiv>
                    <Unicode>andere skandthavische Stadt fehlen.</Unicode>
                </TextEquiv>
            </TextLine>
            <TextLine id="tr_2_tl_17" custom="readingOrder {index:16;}">
                <Coords points="2826,2039 3386,2050 3644,2014 3877,2042 3877,1954 3712,1992 3376,1947 3277,1981 2826,1971"/>
                <Baseline points="2835,2026 2853,2029 2897,2026 2942,2029 2987,2026 3032,2026 3077,2026 3121,2026 3166,2026 3211,2026 3256,2026 3300,2026 3345,2026 3390,2026 3435,2026 3479,2026 3524,2026 3569,2026 3614,2026 3658,2026 3703,2026 3748,2023 3793,2026 3838,2023 3882,2023"/>
                <TextEquiv>
                    <Unicode>Ich erhielt einen Antrag aus Am</Unicode>
                </TextEquiv>
            </TextLine>
            <TextLine id="tr_2_tl_18" custom="readingOrder {index:17;}">
                <Coords points="2400,2082 2831,2080 2914,2117 3005,2080 3866,2074 3849,2031 3644,2014 3386,2050 2400,2014"/>
                <Baseline points="2411,2080 2438,2080 2483,2080 2527,2080 2572,2080 2617,2080 2662,2077 2706,2080 2751,2080 2796,2077 2841,2077 2886,2077 2930,2077 2975,2083 3020,2077 3065,2077 3109,2080 3154,2080 3199,2083 3244,2080 3288,2077 3333,2074 3378,2080 3423,2077 3467,2077 3512,2077 3557,2077 3602,2077 3647,2077 3691,2077 3736,2077 3781,2077 3826,2074 3870,2074"/>
                <TextEquiv>
                    <Unicode>ka von dem Century Magazina, das für eine</Unicode>
                </TextEquiv>
            </TextLine>
            <TextLine id="tr_2_tl_19" custom="readingOrder {index:18;}">
                <Coords points="2410,2159 3721,2125 3836,2170 3806,2080 3005,2082 2895,2117 2784,2078 2410,2089"/>
                <Baseline points="2420,2133 2453,2130 2498,2130 2542,2130 2587,2127 2632,2127 2677,2130 2721,2127 2766,2130 2811,2130 2856,2130 2900,2130 2945,2127 2990,2127 3035,2130 3079,2130 3124,2127 3169,2127 3214,2127 3259,2127 3303,2127 3348,2130 3393,2127 3438,2127 3482,2127 3527,2127 3572,2127 3617,2127 3661,2124 3706,2124 3751,2124 3796,2127 3841,2130"/>
                <TextEquiv>
                    <Unicode>kurze Movelle (Zeitungsabdruck allein) 30</Unicode>
                </TextEquiv>
            </TextLine>
            <TextLine id="tr_2_tl_20" custom="readingOrder {index:19;}">
                <Coords points="2436,2196 3867,2185 3815,2130 2436,2138"/>
                <Baseline points="2447,2181 2483,2181 2527,2184 2572,2181 2617,2181 2662,2181 2706,2181 2751,2181 2796,2178 2841,2178 2886,2178 2930,2181 2975,2175 3020,2175 3065,2178 3109,2178 3154,2181 3199,2178 3244,2175 3288,2178 3333,2175 3378,2175 3423,2178 3467,2178 3512,2175 3557,2175 3602,2172 3647,2175 3691,2175 3736,2172 3781,2172 3826,2172 3870,2172"/>
                <TextEquiv>
                    <Unicode>Dollar bietet. Sie können daraus wieder er</Unicode>
                </TextEquiv>
            </TextLine>
            <TextLine id="tr_2_tl_21" custom="readingOrder {index:20;}">
                <Coords points="2410,2243 3766,2245 3862,2237 3862,2183 2410,2192"/>
                <Baseline points="2420,2232 2435,2232 2480,2232 2524,2232 2569,2232 2614,2229 2659,2229 2703,2229 2748,2229 2793,2232 2838,2232 2883,2232 2927,2229 2972,2229 3017,2229 3062,2229 3106,2229 3151,2229 3196,2229 3241,2229 3285,2229 3330,2229 3375,2229 3420,2229 3464,2226 3509,2223 3554,2223 3599,2226 3644,2226 3688,2226 3733,2226 3778,2226 3823,2223 3867,2223"/>
                <TextEquiv>
                    <Unicode>sehen, wie lächerlich das Anbo von Boni &amp;</Unicode>
                </TextEquiv>
            </TextLine>
            <TextLine id="tr_2_tl_22" custom="readingOrder {index:21;}">
                <Coords points="2406,2295 3867,2305 3897,2222 2406,2243"/>
                <Baseline points="2417,2286 2426,2286 2471,2286 2515,2283 2560,2283 2605,2283 2650,2283 2694,2283 2739,2280 2784,2283 2829,2283 2874,2283 2918,2280 2963,2280 3008,2280 3053,2280 3097,2280 3142,2280 3187,2280 3232,2280 3276,2280 3321,2277 3366,2280 3411,2277 3456,2277 3500,2277 3545,2277 3590,2277 3635,2277 3679,2274 3724,2277 3769,2274 3814,2274 3858,2277 3903,2277"/>
                <TextEquiv>
                    <Unicode>Liveright ist, die als Garantiesumme für ei</Unicode>
                </TextEquiv>
            </TextLine>
            <TextLine id="tr_2_tl_23" custom="readingOrder {index:22;}">
                <Coords points="2443,2353 2657,2374 3007,2331 3071,2370 3253,2337 3704,2370 3821,2344 3821,2286 2443,2293"/>
                <Baseline points="2453,2333 2483,2333 2527,2336 2572,2333 2617,2333 2662,2336 2706,2333 2751,2333 2796,2333 2841,2333 2886,2330 2930,2330 2975,2330 3020,2330 3065,2330 3109,2333 3154,2333 3199,2333 3244,2333 3288,2330 3333,2333 3378,2330 3423,2330 3467,2330 3512,2330 3557,2333 3602,2330 3647,2330 3691,2330 3736,2327 3781,2330 3826,2330"/>
                <TextEquiv>
                    <Unicode>Gesammtausgabe 500 Dollars geben wollen.</Unicode>
                </TextEquiv>
            </TextLine>
            <TextLine id="tr_2_tl_24" custom="readingOrder {index:23;}">
                <Coords points="2929,2391 2942,2391 2947,2395 2974,2383 3002,2402 3019,2393 3034,2397 3035,2344 3020,2340 3015,2346 3009,2344 3005,2348 2991,2342 2966,2352 2957,2346 2953,2350 2931,2344"/>
                <Baseline points="2939,2381 2948,2378 2993,2378 3038,2378"/>
                <TextEquiv>
                    <Unicode>ver</Unicode>
                </TextEquiv>
            </TextLine>
            <TextLine id="tr_2_tl_25" custom="readingOrder {index:24;}">
                <Coords points="2831,2445 3892,2440 3892,2376 3718,2395 3575,2348 3317,2391 3094,2361 3004,2402 2831,2374"/>
                <Baseline points="2841,2432 2868,2432 2912,2429 2957,2429 3002,2432 3047,2429 3091,2429 3136,2432 3181,2432 3226,2429 3271,2432 3315,2429 3360,2429 3405,2429 3450,2429 3494,2429 3539,2429 3584,2429 3629,2429 3673,2429 3718,2429 3763,2426 3808,2426 3852,2423 3897,2420"/>
                <TextEquiv>
                    <Unicode>Ich reise morgen auf zirka 10 T</Unicode>
                </TextEquiv>
            </TextLine>
            <TextLine id="tr_2_tl_26" custom="readingOrder {index:25;}">
                <Coords points="2404,2494 3873,2498 3909,2430 2406,2425"/>
                <Baseline points="2414,2483 2435,2486 2480,2483 2524,2486 2569,2486 2614,2486 2659,2483 2703,2486 2748,2483 2793,2483 2838,2480 2883,2483 2927,2486 2972,2483 3017,2486 3062,2486 3106,2483 3151,2483 3196,2483 3241,2480 3285,2483 3330,2480 3375,2480 3420,2480 3464,2480 3509,2480 3554,2480 3599,2480 3644,2480 3688,2480 3733,2480 3778,2480 3823,2480 3867,2480 3912,2477"/>
                <TextEquiv>
                    <Unicode>Eventuelle telegraphische Nachrichten würden</Unicode>
                </TextEquiv>
            </TextLine>
            <TextLine id="tr_2_tl_27" custom="readingOrder {index:26;}">
                <Coords points="2400,2546 3748,2546 3794,2535 3794,2486 2400,2498"/>
                <Baseline points="2411,2539 2456,2536 2501,2536 2545,2536 2590,2536 2635,2536 2680,2533 2724,2533 2769,2533 2814,2536 2859,2533 2903,2533 2948,2533 2993,2533 3038,2533 3082,2530 3127,2527 3172,2530 3217,2530 3262,2533 3306,2527 3351,2527 3396,2530 3441,2533 3485,2530 3530,2530 3575,2530 3620,2530 3664,2530 3709,2530 3754,2527 3799,2527"/>
                <TextEquiv>
                    <Unicode>mich vom 20.-24. in München Hotel zu den</Unicode>
                </TextEquiv>
            </TextLine>
            <TextLine id="tr_2_tl_28" custom="readingOrder {index:27;}">
                <Coords points="2406,2606 3907,2614 3907,2530 2406,2546"/>
                <Baseline points="2417,2587 2435,2587 2480,2587 2524,2587 2569,2587 2614,2587 2659,2584 2703,2587 2748,2587 2793,2584 2838,2584 2883,2584 2927,2584 2972,2581 3017,2584 3062,2584 3106,2581 3151,2581 3196,2584 3241,2584 3285,2587 3330,2590 3375,2587 3420,2587 3464,2587 3509,2587 3554,2587 3599,2584 3644,2584 3688,2584 3733,2584 3778,2584 3823,2581 3867,2581 3912,2581"/>
                <TextEquiv>
                    <Unicode>vier Jahreszeiten treffen. Am 28. denke ich</Unicode>
                </TextEquiv>
            </TextLine>
            <TextLine id="tr_2_tl_29" custom="readingOrder {index:28;}">
                <Coords points="2430,2661 2670,2672 2949,2638 3028,2672 3125,2672 3240,2644 3240,2616 3172,2588 2430,2599"/>
                <Baseline points="2441,2641 2483,2641 2527,2641 2572,2638 2617,2638 2662,2638 2706,2635 2751,2638 2796,2635 2841,2635 2886,2635 2930,2638 2975,2638 3020,2638 3065,2638 3109,2638 3154,2638 3199,2635 3244,2635"/>
                <TextEquiv>
                    <Unicode>wieder in Wien zu sein.</Unicode>
                </TextEquiv>
            </TextLine>
            <TextLine id="tr_2_tl_30" custom="readingOrder {index:29;}">
                <Coords points="2812,2762 3045,2768 3092,2739 3184,2768 3318,2753 3360,2779 3465,2781 3523,2753 3523,2691 3470,2702 3440,2679 3305,2685 3247,2664 3139,2689 3069,2664 3004,2668 2949,2706 2874,2672 2812,2693"/>
                <Baseline points="2823,2736 2856,2736 2900,2736 2945,2742 2990,2739 3035,2739 3079,2736 3124,2739 3169,2736 3214,2736 3259,2736 3303,2739 3348,2739 3393,2736 3438,2736 3482,2733 3527,2733"/>
                <TextEquiv>
                    <Unicode>Mit herzlichem Gruss</Unicode>
                </TextEquiv>
            </TextLine>
            <TextLine id="tr_2_tl_31" custom="readingOrder {index:30;}">
                <Coords points="3084,2803 3099,2803 3103,2799 3110,2803 3116,2799 3146,2814 3167,2812 3167,2749 3150,2751 3137,2741 3122,2745 3110,2739 3084,2739"/>
                <Baseline points="3094,2784 3139,2784 3172,2784"/>
                <TextEquiv>
                    <Unicode>Ihr</Unicode>
                </TextEquiv>
            </TextLine>
        </TextRegion>
    </Page>
</PcGts>
