4419 3994
0 942 1515 1165 ich um eine Sammlung von Novellen, die früher
0 1124 1591 1288 in der „jugend“ gedruckt waren. Und so wurde ich
0 1223 1470 1353 in die einzig in Betracht kommende Novelette
0 1310 1578 1439 Exzentrik" ersucht, zugleich mit der Frage nach
0 1403 1565 1573 einen Honoraransprüchen. Da ich Ihren freundli-
0 1489 1541 1656 hen Rat abwartete, (der unter diesen Umständen
0 1610 1504 1759 elleicht noch nachfolgt) habe ich bis heute
0 1733 1617 1876 h nicht geantwortet. Von einer Schnitzler-Num-
0 1841 1519 1980 der des Hirthschen Blattes „Weltliteratur“ ist
0 1934 1519 2077 r bisher nichts bekannt geworden. Finden Sie
24 2055 1452 2170 eine Sache nützlich, so habe ich natürlich
0 2107 1610 2284 cht das Geringste dagegen einzuwenden, und bitte
0 2235 1567 2412 r mich bei der Auswahl der zum Abdruck kommen-
0 2347 1444 2475 den Novellen (auch Einakter?) zu Rta Rate zu
0 2451 1526 2587 ehen. Gern höre ich, dass Sie wieder neue Auf-
0 2544 1601 2693 gen meiner Ges.W. vorzubereiten haben. Gegen ei-
0 2652 1612 2777 Erhöhung des Preises habe ich umso weniger ein
2 2747 1528 2870 enden, als sich ja dadurch selbstverständl ich
0 2846 1394 2985 h mein perzantueller Anteil erhöhen muss.
110 2939 1519 3084 Sie emalten heute den „Graesler“ in den
0 3047 1584 3192 schnitten des Berliner Tageblattes eingesandt.
2133 899 3854 1074 Umfang ist etwas grösser als „Beate“, etwas gerin-
2137 1063 3828 1154 ger als „Bertha Garlan“; für ein 3 Mark 50 „Buch
2140 1115 3828 1249 bei nährerer Ueberlegung doch etwas zu kurz.Ein
2131 1245 3771 1349 hübsch ausgestattetes 2 Mark 50-Bändchen dürfte
2131 1314 3752 1474 meiste Aussicht auf starken Absatz haben. Wegen
2129 1457 3780 1573 eines früheren erscheinen (vor Mitte Juni), etwa
2133 1556 3871 1671 zweite Hälfte Mai) müsste ich mich an das Berliner
2129 1640 3780 1805 Tageblatt wenden, das aber gewiss nichts dagegen
2127 1744 2527 1880 haben wird.
2401 1833 3717 1993 Es freut mich, dass meine Anregung das
2122 1952 3804 2088 Fräulein Feiks betreffend, gerade zu rechter Zeit
2125 2077 3678 2204 eingetroffen scheint. Hoffentlich knüpft sich
2129 2159 3847 2306 die Verbindung ernstlich an und ich zweifle nicht.
2120 2287 3806 2414 dass sie für beide Teile günstig ausfallen wird.
2522 2382 3218 2563 Herzlichst grüssend
2747 2524 2866 2658 Ihr
