4471 4071
2214 885 2642 992 Vischer
3423 919 3826 1046 31.10.1921.
2483 1052 2991 1176 Lieber Freund.
2696 1200 3961 1319 1. Ich erhielt heute einen Brief von
2481 1253 3987 1377 Frau Vivanti sowie Abschrift des von ihr an
2485 1345 4047 1421 Sie gerichteten Schreibens. Die Angelegenheit
2495 1397 4031 1482 verzögert sich wohl, aber ich glaube wir ver-
2487 1433 3973 1530 lieren nichts dabei,umso weniger als man ja
2475 1490 3931 1580 mit Herrn Raggio, der noch nicht einmal die
2483 1556 3975 1622 „Anatol“-Sache in unserem Sinn erledigt und
2479 1590 3969 1684 die "arantie für den „Anabel“ nicht gezahlt
2475 1632 4061 1724 hat vorläufig keine swegs über den „Reigen ab-
2475 1700 4085 1791 schliessen würden.Von dem Antrag Gurrewitch, der
2471 1761 3997 1847 mit der hiesigen Verlagsbuchhandlung Manz in
2509 1799 4109 1899 erbindung steht, habe ich Ihnen schon seinerzeit
2465 1849 3128 1951 Mitteilung gemacht.
2702 1895 4079 2060 2. Ihre Bemerkung über „Reigen“ Rumänien
2469 1977 4015 2096 beruht auf einem Missverständnis. Ich fragte
2465 2046 3957 2124 nicht, ob Ihnen von „Reigen Aufführungen“ in
2463 2096 4045 2198 Rumanien, sondern ob Ihnen von rumänischen Auf-
2459 2156 3941 2226 führungen von Liebelei und von Anatol otwas
2457 2188 4045 2305 bekannt geworden sei, von daen mir Herr Tedes-
2453 2242 4065 2353 kul gesprächsweise Mitteilung gemacht hat. Dam
2453 2313 4023 2413 12h Darüber, dass ich mit Dr.Tedeskul über Rei
2453 2367 3999 2457 gen Rumänien durch Karzoag abgeschlossen habe
2455 2431 4045 2521 sind Sie gleichfalls schon durch mich verstän-
2451 2461 2873 2566 digt worden.
2766 2556 4005 2662 Dass sich nicht Bartach für Amerika
2437 2628 4025 2716 und das Weite Land bewirbt beruhigt mich zwar,
2443 2686 3969 2764 doch haben sie es wieder unterlassen mir den
2433 2720 4029 2835 Namen des Uebersetzers zu nennen, der ein per -
2441 2772 3931 2857 sönliches literarisches Interesse an meinem
2439 2821 4027 2921 Werk nehme etc. Ich wiederhole mein dringendes
2445 2889 3967 2967 ersuchen mir doch in solchen Fälln die Namen
2435 2939 3973 3019 der Bewerber nicht zu verschweigen oder,wenn
2433 2997 3995 3069 Ihnen das aus irgend einen Grund nicht passen
2429 3035 4013 3136 sollte, amerikanische Antragssteller und Bewer-
2433 3088 3822 3202 ber direkt an mich zu weisen, da ich doch
