4478 4056
365 1107 1889 1237 rich durch seine früheren Beziehungen zu den
365 1207 1893 1280 Provinztheatern und Agenturen der früheren
376 1256 1833 1337 österreichisch-ungarischen Monarchie einen
374 1299 1874 1397 schärferen Einblick in die dortigen Verhält-
374 1364 1864 1441 nisse besitzt als er Ihnen und mir vegönnt
368 1417 1801 1499 sein mag; und trotz mancherlei, wasdagegen
378 1464 1840 1552 spricht, würde es sich vielleicht empfehlen
368 1482 1860 1611 ihm für eine abgemessene Zeit die Vollmacht
374 1535 1905 1662 für Jugoslawien zu erteilen. Doch möchte ich
376 1619 1866 1701 es nicht tum, ohne sie vorher um Rat. gefragt
382 1690 704 1778 zu haben.
580 1740 1854 1840 Ich lege ferner einen Brief von Fräu-
370 1756 1833 1913 lein Nahuys bei. Ihr habe ich geschribben,
388 1872 1803 1950 dass Ich mit den 150 holländischen Gulden
386 1921 1788 2003 für „Doktor Graesler“ einverstanden wäre,
386 1978 1799 2062 vorausgesetzt, dass diese Summe als sofort
382 2017 1878 2119 zahlbarer Garantiebetrag auf die 10%ige Tan-
392 2068 1911 2150 tieme jedes Exemplars verrechnet würde. Auch
382 2125 1921 2203 habe ich darauf hingewiesen, dass die Bücher
386 2181 1905 2262 in Holland bekanntlich in holländischen Gul¬
386 2229 1905 2325 den gekauft werden, dass also kein Anlass be-
390 2283 1913 2364 steht mich mit einer Umrechnung in Kronen zu
392 2336 1758 2417 anderen Bedingungen bestimmen zu wollen.
392 2368 1901 2474 Ich habe Frl. Nahuys sich mit Ihrem Auslands-
974 2440 1247 2507 ersucht
392 2450 1225 2570 in Verbindung zu setzen.
600 2540 1919 2662 Das gleiche ersuchen habe ich an Herrn
566 2628 1723 2722 Giordani. Präsidenten der Societa
398 2636 502 2717 Pao
398 2664 1886 2771 Italiano del Teatro dramatico gerichtet, der
394 2728 1944 2811 sich wegen des Vertriebs einiger meiner Werke
404 2777 1854 2866 im Italien an Direktor Steininger gewendet
396 2848 1897 2926 hatte. Ich glaube wohl, dass eine Verbindung
247 2834 337 2958 F.
398 2897 1829 2979 mit dem präsidenten Giordani für uns vor¬
400 2946 1840 3026 teilhafter wäre als die mit der von Ihnen
404 2991 1829 3069 genannten Frau Margit Veszi, die Ihnen, wie
394 3032 1942 3120 Sie selbst schreiben, gewisse drückende Neben-
394 3087 1927 3173 bedingungen stellt. Herr Cuiti (Anatoli hat
394 3148 1958 3285 nichts mehr von sich hören lassen. Im Uebrigen
3816 888 4128 1005 nfr 20
2456 1080 3963 1201 betone ich nochmals, dass selbstverständlich
2456 1149 3981 1272 kein Abschluss ohne angemessene Garantieamme
2464 1247 2956 1325 erfolgen darf.
2670 1301 3969 1405 Herr Direktor Mark, Nürnberg, hat sich
2468 1347 4002 1470 tatsächlich bereits im Sommer wegen des „Rei
2481 1411 4002 1513 gen an mich gewendet und zwa, wenn ich nicht
2474 1466 4032 1572 irre, durch Herrn Radpl Eger. Ich habe nichts
2475 1511 4040 1615 dagegen, dass Sie zu den üblichen Kautelen mit
2475 1574 3983 1664 ihm abschliessen. Sollte man statt Kaution
2481 1627 3896 1717 nicht aagen Tantiemenvorschuss? Uebrigens
2475 1662 4043 1780 kümmert sich hier zu Lande niemand um die lä¬
2481 1723 4010 1835 cherliche Bestimmung des Tarifvertrages, nahh
2477 1788 3875 1880 dem die Garantiesumme abgeschafft werden
2487 1815 3985 1925 sollte. Eine solche Garantiesumme war ja am
2477 1868 4053 1982 Ende die einzige Sicherstellung,die man gegen
2487 1929 4043 2025 über leichtfertiger Einstudierung, vorzeitigem
2485 1976 3873 2083 Absetzen eines erfolgreichen Stückes und
2487 1991 4042 2140 Säumigkeit im Bezahlen.zu fordern in der Lage
2481 2125 2632 2209 war.
2722 2162 4047 2293 Die so lang hinausgeschobene Urauffüh-
2491 2229 3953 2328 rung des „Reigen“ soll nun tatsachlich vor
2497 2254 4024 2377 Weihnachten stattfinden. Das Buch selbst ist
2499 2334 4024 2434 angeblih noch immer beschlagnahmt, doch höre
2511 2362 4065 2483 ich, dass man es anstandslos überall zu kaufen
2505 2432 4067 2530 bekommt, auch in Berlin. Es wäre mir sehr wert-
2505 2485 4057 2591 voll, wenn sie sich darüber ein bischen infor-
2497 2532 3934 2642 mieren könnten. Es läuft auch ein Prozess
2507 2572 4067 2681 wegen Aufhebung der Beschlagnahmung, der immer
2511 2640 4071 2740 wieder vertagt wird. Gern möchte ich auch wie
2503 2685 4012 2805 sen, zu welchem Preis der „Reigen“ in Berli¬
2511 2742 3934 2842 ner Buchhandlungen verkauft wird. Hier ist
2511 2793 3940 2887 die Aufführung des „Reigen" vorläufig von
2513 2842 4083 2979 der Zensur verboten. An der baldige Aufhebung
2511 2895 3798 3003 dieses Verbotes ist kaum zu zweifeln.
2793 2956 4022 3126 Um Rücksendung der beigeschlossenen
2513 3069 3205 3173 Briefe wird gebeten.
2787 3097 3504 3214 Mit herzlichem Gruss
3028 3169 3167 3248 Ihr
