4427 4058
525 992 1937 1185 Soll ich nun auch noch zum Xten Mal wie¬
416 1116 1927 1261 derholen, dass ich fern davon bin die Schwie-
428 1199 1989 1362 rigkeiten zu verkennen oder auch nur zu unter-
424 1303 1913 1450 schätzen, mit denen xx in solchen Zeiten ein
428 1412 1969 1577 Betrieb wie der Ihre zu kämpfen hat? Aber ge-
430 1515 1973 1700 bensie es auf, lieber Freund, wenn es mir er-
440 1643 1957 1770 laubt ist Ihren Ton aufzunehmen) mir nahzu -
442 1740 1963 1869 rechnen, wieviel Honorar sie mir ausbezahlen.
724 1832 1056 1909 os dennoch
442 1844 1939 1983 Wenn Sie aber tum, kann ich Sie nur nochmals
451 1919 2031 2056 ersuchen nicht einfach die Ziffern in Betracht
457 2001 2017 2206 zu ziehen, sondern das, was dies xxx Ziffern heute
457 2162 774 2333 bedeuten.
662 2255 1993 2381 Sie sind bereit mir nachzuweisen,sagen
463 2325 2040 2482 Sie ferner, dass Sie an meinen Büchern bereits
471 2442 1991 2591 „in vielen Fällen“ Geld zugesetzt hätten. Zur
1122 2532 1325 2597 G.C.H.S
469 2546 1893 2673 Ehre Ihres Verlage will ich annehmen, dass
457 2617 1963 2808 sich diese vielen Fälle bei meinen 25-80 Bü-
479 2711 1913 2925 chern auf verschwindend wenige reduzieren
481 2828 2058 3001 dürften und (ohne Innen nachrechnen zu wollen)
487 2925 2046 3089 wäge ich zu hoffen, dass mein Gesammtwerk, was
481 3059 2048 3226 kentabilität anbelangt, mit der grossen Mehr-
3842 817 4139 969 11-10
2516 1010 4063 1177 zahl der andern in Ihrem Verlag erschienenen
2502 1155 4023 1297 Werke aufzunehmen imstande sein dürfte. Und
2514 1255 4103 1378 betrachte ich die Gesamptzahl meiner bei Ihnen
2516 1346 4035 1509 erschienenen Bücher, die Zahl ihrer Auflagen,
2508 1458 4031 1615 so denke ich wohl, dass ich mir über die Ver¬
2514 1565 3876 1706 luste, die Sie mit einem oder dem andern
2504 1659 4105 1776 doch höchstens nur in dem Sinn erlitten haben.
2508 1758 3972 1923 können, dass noch nicht alle Exemplare ver-
2510 1865 3916 1999 kauft sind - xxx keine grauen
2514 1973 4107 2094 Haare bachsen lassen muss. Immerhin möchte ich
2508 2070 3979 2219 an dieser stelle nochmals wiederholen, dass
2510 2170 3906 2319 Ich, wenn Sie der Einfachheit halber eine
2508 2277 4053 2416 grossere Anzahl von Auflagen drucken, als Sie
2510 2386 4061 2528 in der nächsten Zeit loszubringen hoffen, nie-
2496 2510 4053 2619 mals auf Vorherbezahlung samtlicher gedruck¬
2504 2573 4065 2697 ter auflagen Anspruch mache und die Modalitä-
2516 2679 4091 2824 ten der Honorierung Ihrer Royalität anheimstel
2504 2782 3926 2927 le. Von einem Verlangen meinerseits, dass
2508 2884 4001 3025 Sie Geld und Arbeit daran wenden sollten, um
2498 2981 4025 3138 an meinen Büchern zuzusetzen, konnte und kann
2498 3094 4045 3271 sicht die Rede sein, und ich bitte aufs Alle
