4427 4058
3980 784 4281 952 216-5-00
3990 928 4099 1023 13
2002 934 2091 1080 12
2545 991 4127 1159 landsinteressen übernähmen,die im praktischen
563 1021 2101 1216 sind, 15% Provision zu bezahlen, Auf eine Ver-
2551 1118 4107 1252 Sinne doch auf eine Generalvertretung mit ge-
557 1167 2071 1317 ständigung vor Einleitung von Verhandlungen
3718 1208 3882 1272 mich
2555 1242 4103 1378 ringen Ausnahmen herauskäme; aber nicht sozu-
567 1279 2069 1412 möchte ich nicht verzichten. Die Mühe einer
2539 1315 4057 1479 sagen-pauschaliter eines Rechts begeben, das
567 1372 2130 1528 Anfrage bei mir erschiene nicht zu gross,
2555 1410 4138 1568 mir nach meinen Begriffen von geistigen Eigen-
557 1483 2081 1633 mit den### durch diese Aufsagen entstehenden
2555 1520 4095 1698 tum zuzustehen scheint, hielte ich für ebenso
561 1560 1943 1720 Mehrkosten wäre mein Konto zu belasten.
3674 1609 4099 1676 verpflichtung.
2541 1662 4123 1785 bedenklich als Ihnen eine Pauschalpflicht auf
711 1664 2140 1803 Von je dem Abschluss, den ich selbst mache,
2529 1749 4046 1878 zulasten, die zu erfüllen im weitesten Sinn
577 1771 2146 1953 würde ich sie unverzüglich in Kenntnis setzen
2557 1866 3084 2018 unmöglich wäre.
580 1872 2148 2024 und immer, wenn Verrechnungen notwendig sind,
2719 1963 4093 2093 Die amerikanische Angelegenheit der ge-
586 1974 1945 2136 die weitere Führung, natürlich gegen die
2561 2032 4055 2213 sammelten Werke unterschätze ich keinswegs.
580 2095 1976 2221 üblichen 15% Provision Ihnen überlassen.
2569 2136 4075 2296 Gerade aus meinem Interesse, das ich für die
756 2180 2126 2342 Es verblieben also nur jene wenigen Fäl
2563 2257 4109 2399 Namen der Verleger und der Uebersetzer hege,
580 2286 2097 2432 le, in denen ich persönlich und direkt und
2563 2342 4142 2519 müsste Ihnendas ohneweiters klar werden. Auch
584 2409 2152 2543 zu gleicher Zeit gegen eine Pauschalsumme ab-
2567 2474 4194 2616 mein Bedenken, ob hier nicht nur versucht werde.
596 2488 2160 2650 schl Osse, die ausserhalb Ihres Vertriebs fie-
2567 2549 4018 2711 sich um einen verhältnismässig wohlfeilen
596 2618 758 2752 lek.
2575 2652 4138 2810 Preis eine gewisse Priorität zu sichern, soll-
764 2671 2182 2825 Es täte mir leid, wenn Sie auch unter die-
2577 2784 3998 2902 te Ihnen nicht ganz unverständlich sein.
598 2816 2071 2940 sen durchaus gerechten Voraussetzungen die
2585 2841 4061 3021 Wenn Sie selbst schon genauere Daten haben
596 2896 2150 3039 zwar nicht völlig unbedingte und ausschliess-
2561 2960 4024 3104 sollten, wird es Ihnen gewiss nicht schwer
598 2997 2097 3153 liche, aber doch eine Vertretung meiner Aus-
2573 3082 2778 3147 werden
2594 3054 4178 3260 mir etliche der schon in meinen früheren
