4457 4088
3147 908 3962 1137 (R d 29) 10. 1923.
2403 938 2985 1162 sacot.
2991 1089 3197 1268 .S.
2549 1312 3727 1457 Lieber und verehrter Herr Dr.Jacob.
2856 1474 4103 1567 Ich bedle mich Ihnen hezlich ihnenxx
2519 1530 4174 1636 für Ihren eben angekommenen Brief zu danken und
2519 1607 4120 1667 erfülle selbstverständlich nicht nur Ihren, son
2524 1636 4158 1732 dern auch meinen Wunsch,wenn ich Sie ermächtige
2551 1696 4070 1765 im Sinne der einzelnen Punkte Ihres Briefes
2555 1740 4187 1829 mit S. Fischer definitiv alles so zu regelh, dass
2551 1802 4166 1871 nicht immer neue Differenzen hinter her kommen.
2555 1854 4178 1933 Damit erübrigt es sich für heute auf die xxxx
2522 1896 4174 1983 von Ihnen so präzis gefassten Einzelheiten Ihrer
2563 1944 4126 2050 Verhandlungen mit Fischer und Dr.Marill einzu¬
2530 1981 4176 2083 gehen. Mein Gewissen ist etwas bedrückt, dass ich
2555 2052 4110 2131 Ihnen so viele Mühe mache, aber da es imGanzen
2534 2102 4010 2185 doch den Anschein hat, als wenn Sie sich mit
2561 2127 4083 2235 Fischer leidlich verstehen würden, so kann ich
2546 2208 4070 2280 mir vorstellen, dass sich hier ein Verhältnis
2530 2255 4199 2334 ans inntt, das nicht nur für mich, sondern auch für
2528 2307 4153 2413 Sie in irgend einer Weise günstige Folgen zelti
2567 2376 2879 2447 gen wird.
2900 2428 4114 2526 Dass Ihre liebe Gattin so rasch und
2524 2503 4168 2594 unerwartet ab, ereist ist, hat mir und meinen Kin-
2530 2561 4114 2638 dern sehr leid getan. Sie hat uns alleerebert
2534 2607 4051 2709 und wir hoffen sehr Sie Feide bald wieder zu
2549 2682 2781 2775 sehen.
2939 2729 4070 2840 Mit vielen Grüssen für sie Beide
2522 2804 3700 2919 und wiederholtem aufrichtigen Dank
3116 2877 3218 2962 Ihi
2563 3114 3268 3224 Herrn Dr.Hans Jacob,
2561 3189 2819 3276 Berlin.
