4429 4087
3704 316 3828 419 "
2987 493 3152 614 1e
3690 973 4058 1084 8.11.1923.
2336 912 2709 1144 Fischer
2632 1216 3130 1323 Lieber Freund.
711 1218 1982 1313 Seien sie, lieber Herr Jacob,mit Ihrer
425 1299 1952 1392 verehrtern Gattin sehr herzlich gegrüsst von
2813 1281 4006 1408 Sie liessen mir am 23.10.d.J. 400
1021 1355 1541 1436 Ihrem ergebenen
2620 1347 4098 1446 willigiden a conto der Bücherabrechnung und
2614 1416 4090 1541 I80 Millionen für Bühnentantiemen anweisen.
2620 1470 4046 1561 Die 400 Milliarden entsprechen ungefähr 4,
1772 1492 1921 1565 neai
2610 1517 4012 1615 möglicherwei e auch 10 Goldmark. Das ent¬
2626 1551 4068 1666 spräche wieder, hat den für mich entfallen-
2616 1605 4143 1712 den Anteil nur mit 10% gerechnet, einem Ver-
2620 1657 4173 1768 kauf meiner Bücher durch den Verlag S.Pischer
2624 1722 4117 1811 im Höchstbetrage von etwa 100 Goldmark. Ich
2620 1770 4177 1865 nehme als selbstverständlich an,dass Auslands
2624 1817 4149 1917 verkäufe, auch die nach Oesterreich in diesen
2622 1865 4014 1964 petrag nicht miteingeschlossen sind, aber
2596 1917 4171 2020 auch für Deutschland allein bleibt dieser Be-
2628 1986 3532 2099 trag total unverständlich.
3196 2020 4197 2195 willignen Bühnentantiemen ent¬
2882 2090 3202 2169 Die 880 M
3939 2113 4050 2181 Was
3120 2141 3313 2209 10 -
3371 2125 3889 2215 Goldpfennigen
2634 2147 3132 2231 sprechen rund
2638 2157 4125 2272 soll man dazu sagen? Aus Ihren Abschlüssen
2634 2227 4127 2316 mit den Rühnen sehe ich immer Conventional
2608 2284 4052 2376 strafen von etwa 100 Coldmark vorgesehen.
2614 2330 4038 2423 und die Einnahmen der Bühnen bewegen sich
2648 2364 4092 2469 innerhalb von Pfennigen. Dass unter diesen
2648 2429 4050 2525 verhältnissen überhaupt irgend eine Bühne
453 2397 1055 2507 Herrn Hans, Jacob,
2606 2461 4104 2584 weiterspielt, übersteigt meine Fassungskraft
449 2475 713 2558 Berlin.
2888 2550 4135 2666 Wie mir bekannt ist verrechnet schon
2622 2634 4123 2727 eine Anzahl von Verlagsanstalten ihren Auto-
2658 2675 4119 2785 ren in Goldmark und os ist wohl anzunehmen,
2654 2737 4175 2826 dass auch die Buchhändler wieder den Verlags
2622 2785 4173 2878 anstalten in Goldmark zahlen. Ob sich in sol-
1851 2832 1962 2902 C.O.U.
2620 2830 4193 2942 ohen Fällen die Omsätze und die Akontozahlun
2626 2882 4072 2989 gen an Autoren auch um Ziffern zwischen 10
1811 2882 1923 2944 ell
2626 2946 4042 3029 und 20 Goldmark bewegen, ist mir unbekannt
2622 2979 4173 3077 wür wa erscheinlich halte ich es nicht. Jeden¬
1819 2954 1978 3055 road.
2632 3015 4225 3142 falls wird es den Gepflogenheiten des geschäft-
1802 3041 1897 3099 u 3
2664 3089 4112 3186 lichen Verkehrs sehr zustatten kommen, wenn
1734 3083 1929 3152 im ea
2632 3134 4137 3240 endlich die vielen Nullen aus den Verrech-
2626 3214 3214 3307 nungen schwinden.
2971 3230 3657 3347 Vanaliahat anflasend.
