2386 3961
1853 834 2210 978 15.1.1916
351 809 782 1079 Frescher
1020 1120 1532 1263 Lieber Freund.
851 1229 2193 1405 Darf ich Sie nochmals an das Manuscript
486 1398 2153 1527 von Avicenna „Oesterreich in der Welt“ erinnern.
486 1491 2132 1593 das Ihnen Mitte November durch meine Sekretärin
486 1593 2104 1711 zugesandt wurde und über das ich mich in einem
475 1707 2167 1827 Brief an Sie vom 13. November näher ausgesprochen
475 1806 2091 1895 habe. Der Empfang wurde pünktlich bestätigt und
477 1897 2091 1994 ich hatte ein paar Wochen später noch Gelegen-
480 1990 2180 2142 heit Sie zu bitten die meiner Ansicht nach höchst
486 2125 2125 2224 interessante Arbeit,die ein Kapitel eines grös-
490 2218 2096 2322 ser angelegten Buches vorstellt,ausserhalb der
477 2320 2153 2404 Reihenfolge des Einlaufs einer Prüfung zu unter-
484 2412 2115 2518 ziehen, sowie auch Sie und eventuell Heymann da-
480 2491 2062 2634 rauf gütigst aufmerksam machen zu wollen. Der
480 2617 2026 2719 Ueberfluss an temperamentvollen und zugleich
480 2715 2176 2852 ehrlichen und zugb ich anregenden Schriftstellem
475 2820 2134 2943 auf politischem Gebiete ist nicht so gross, dass
477 2924 2062 3040 Sie die auf die Lektüre des Essays verwendete
469 3010 2161 3158 Zeit bereuen werden, selbst den Fall gesetzt, dass
