4417 4039
345 921 2029 1126 spätestens 10.März zur Entscheidung gekommen sein
350 1036 1914 1183 Ihr Teilgramm, dass Sie die cechische „Reigens
360 1093 1991 1219 Angelegenheit auf mein ersuchen stormiert haben,
362 1137 1981 1271 habe ich erhalten. Hierüber nächstens mehr. Kra¬
350 1193 1949 1332 mer hat wohl endgültig verzichtet? Mit einigen
364 1235 2020 1374 andern deutschen Theater in der Cechosloakei hat
362 1325 1577 1443 Eirich recht günstig abgeschlossen.
678 1397 1371 1528 Herzlichst grüssend
959 1484 1076 1560 Ihr
3666 877 4060 1020 23.1.1920.
2318 877 2791 1099 Fischer
2716 1043 2925 1143 G.C.F.P
2791 1206 3321 1382 Lieber Freund.
2741 1330 4030 1522 Hans Bartsch hat mir nun direkte Auf¬
2439 1434 4047 1631 klärungen gegeben und mir zu gleicher Zeit die
2446 1520 3989 1700 Abschrift seines Briefes an sie vom 2.Januar
2452 1606 4079 1822 d.J. eingesandt, so dass über die Sacklage kaum
2452 1706 4108 1937 mehr irgendwelche Zweifel bestehen. Ich habe ihn
2469 1845 4014 2052 gebeten mit mir nun auch weiterhin direkt zu
2475 1949 4028 2136 verhandeln, was, wie ich denke, sowohl Ihnen als
2475 2060 4049 2224 mir viele überflüssige Schreibereien ersparen
2487 2127 4064 2335 wird. Natürlich behalte ich mir vor fallweise
2489 2224 4001 2425 wie für das übrige Ausland, auch für Amerika
2498 2326 4070 2523 die freundliche intervention Ihres Bureaus in
2496 2441 3991 2623 Anspruch zu nehmen. Ich habe zugleich Herrn
2510 2546 4152 2741 Bartsch gegenüber den Wunsch ausgesprochen, dass
2521 2649 4177 2839 Eingänge für mich, sobald dies überhaupt möglich,
2533 2757 4173 2958 vorläufig bei einer Bank drüben hinterlegt wer-
2879 2958 4095 3145 Ich sende Innen hier die Abschrift
2531 2942 2701 3065 don.
