4461 4058
643 1005 1963 1138 Haben Sie noch die Liste aller derjeni
399 1110 1936 1203 ger Personen,en die seinerzeit Frei- und Wid-
818 1159 1985 1255 are meiner Gesammelten Werke abge-
433 1183 766 1265 mungsexem
435 1209 2013 1306 gangen sind. Ich möchte diejenigen bezeichnen,
439 1247 1959 1350 denen die Ergänzungsbände zuzustellen wären.
657 1336 2023 1471 An mich bitte je drei Exemplare „Komödie
441 1408 1944 1509 der Worte und „Graesler senden zu lassen.
1531 1487 1967 1578 „ steht eine
663 1497 1404 1624 Zur Luxusausgabe „Lieb“
1388 1511 1608 1612 bele. V.
1304 1550 2003 1646 xxxole zu klages noch
451 1574 1310 1676 ondgültige Erklärung des
453 1620 1936 1717 aus. Ich nehme an, dass Sie gegen eine etwas
459 1646 2043 1763 erhöhte Zahl eventuell 800-1000 nichts Ernstli
447 1715 1497 1836 ches würden einzuwenden haben.
663 1755 2061 1900 Fälls Sie selbst, irgend eine Luxusausgabe
459 1870 1985 1959 eines meiner Werke in Erwägung ziehen wollen
465 1916 2023 2007 werde ich vielleicht demnächst Gelegenheit ha¬
463 1975 1608 2069 ben Ihnen eine Anregung zu geben.
818 2031 1824 2174 Mit den herzlichsten Grüssen
1153 2126 1257 2212 Ihr
469 3010 1519 3160 Herrn S.Fischer,Verlag,Berlin.
2390 768 2771 979 Fische
3482 921 3849 1054 10.3.1922.
2517 1066 3405 1171 Verehrtester Herr Greiner
3293 1104 3456 1215 G.H.S
2827 1223 3085 1306 An Karc
3218 1215 4046 1320 habe ich in Ihrem Sinne
2517 1249 3145 1358 eben geschrieben.
3186 1294 4096 1390 xxx steht auf dem Standpunkt,
2519 1344 4006 1433 dass er Ihnen erst dann die Bühnenexemplare
2519 1392 4137 1477 bezahlen möchte, bis er selbst sie verkauft hat.
2511 1443 4038 1521 Also von Fall zu Fall. Bitte teilen Sie mir
2523 1493 4028 1574 jedenfalls genau mit, wie viel Sie ihm gelie-
2513 1558 4036 1628 fert haben und wie hoch sich die betreffende
2515 1596 3996 1674 Summe beläuft. Mir schiene es ja das weitaus
2505 1632 4066 1751 Einfachste, wenn der Verlag Ihnen unverzüglich
2513 1691 4066 1783 bezahlte, was er selbst schon verkauft hat und
2505 1739 4094 1858 Sie etwa vierteljährige Abrechnung für die ver
2495 1793 3508 1906 kauften Exemplare verlangten.
2811 1848 3988 1991 Den Scheck von Linden für Parazels
2497 1912 4060 2025 habe ich erhalten. Ich nehme an, dass Sie Ihre
2503 1999 4066 2094 Provision diesmal wieder bei unserer nächsten
2491 2041 4094 2130 Bühnenquartalsrechnung in Abzug bringen werden
2493 2106 4088 2208 werde aber Linden bitten bei nächster Gelegen-
2497 2154 4008 2241 heit die Sache in der Weise zu ordnen,wie es
2497 2206 3978 2283 bei derlei Auslandszahlungen für alle Teile
2491 2257 4014 2341 prajtischer erscheint und verweise auf meine
2493 2313 4040 2436 in früheren Briefen enthaltenenen Vorschläge.
2791 2386 4125 2523 So werde ich auch wenn die von Wotitz¬
2462 2442 3974 2539 ky bei Ladenburg eingezahlten 500 Hollar de
2480 2523 4046 2599 facto in meinen Besitz übergegangen sind, den
2480 2555 4072 2650 auf den Verlag Fischer entfallenden Anteil von
2480 2613 4052 2702 122 (stimmt das?) entweder auf ein Separatkon
2478 2670 4034 2748 to für Sie schreiben lassen oder in der Origi
2472 2708 4046 2821 nalvaluta an das Konto des Fischer-Verlags In
2478 2773 3752 2855 der Deutschen Bank überweisen lassen.
2783 2833 4030 2968 Von Frau Vixanti habe ich noch immer
2472 2881 3893 3000 keine Nachricht. Wenn Sie mit jenem neuen
2462 2966 3953 3043 Bewerber die Verbindung nicht gleich abbre-
2462 3012 3851 3139 chen wollen, wird es jedesfalls gut sein.
