3444 3977
1286 926 1760 1095 Fischer
2418 975 2799 1090 19.2.1917.
1872 1270 2377 1385 Lieber Freund.
1701 1381 3009 1538 Vorerst eine vertrauliche Aufrage. Ist
1424 1519 2908 1659 Ihnen ein Verlag der Bücher der Morgenröte
2636 1622 2754 1692 G.C.H.F.P
1422 1620 2913 1738 sowie dessen Leiter Herr Anton Karl Martin,
1410 1701 2987 1849 Berlin W.35,Potsdamerstrasse 45 bekannt; fer-
1418 1814 3055 1950 ner haben Sie Zeichnungen oder Gemälde von Lud-
1412 1931 3014 2045 wid Kainer gesehen? und wissen Sie etwas Nähe-
1445 2010 1585 2086 Immeuble
1416 2028 2954 2160 res über diesen Künstler? Es handelt sich um
1410 2129 2970 2265 den Antrag zu einer Luxusausgabe des „Reigen“,
1404 2226 2983 2362 der in mancher Hinsicht diskutabel wäre,gegen
1404 2331 2913 2465 den ich aber so lange bedenklich bleibe, als
1400 2430 3009 2568 ich über die mir völlig unbekannte und in sei-
1398 2531 2968 2651 nen Briefen sich nicht sehr herrlich darstel-
1393 2636 3001 2781 lende Persönlichkeit des Herrn Morgenrot nicht
1404 2733 2138 2861 näher orientiert bin.
1663 2824 3057 2968 Beiliegend sende ich mit Dank die Press-
1393 2954 3049 3086 auszüge aus Schweden zurück. Von dem bedeutenden
1936 3038 2043 3098 G.C.H
1398 3057 3038 3197 Erfolg der K.d.W. hatte ich schon durch ein Te¬
2086 3141 2620 3230 ausführlicheren
1385 3156 3003 3317 lgramm Lindens und durch den Privatbrief einer
