4425 3992
186 96 579 210 Chacuniergeoge
3583 892 3973 1062 11.3.1918.
2222 884 2621 1094 Ttremèt
2855 1224 3406 1341 Lieber Freund.
2767 1403 4074 1537 Sie schreiben mir, dass Hauptmann sich
2529 1491 4090 1657 darum bemüht für seine Gesammtausgabe von der
2531 1645 3969 1759 Kriegswirtschaftsstelle das erforderliche
2675 1701 3156 1767 mais en lʼauteur de nouveau rue
2495 1717 4096 1863 Quantum Papier bewilligt zu bekommen und dass
3270 1797 3833 1857 un solches ausricheux
2789 1795 2950 1859 G.C.F.P.
2529 1839 4036 1964 ich aus Oesterreich in Berlin nicht stellen
2535 1920 3891 2066 könnte. Ich frage nun,warum eigentlich?
2565 2026 4100 2156 Ich kann mich ausweisen, dass ich in Deutsch-
2515 2116 4094 2262 land für Kriegsfürsorgezwecke beinahe ebenso-
3238 2214 3408 2286 G.C.H.F.P.
2539 2234 3994 2368 viel gespendet habe als in Oesterreich. Ich
2527 2338 3921 2457 erinnere Sie an „Ceronimo“, ferner an die
2527 2443 3992 2531 Zuwendungen, die ich anlässlich des „Medar-
2527 2545 3935 2649 dus“,dann erst im vorigen Jahre bei der
2527 2637 4036 2765 Einakterpremiere in der Königgrätzerstrasse
2527 2755 4066 2867 gemacht habe und kann mich der Ansicht nicht
2529 2833 4088 2982 verschliessen, dass die Kriegswirtschaftsstel-
2527 2938 4078 3072 le mir gegenüber zu demselben Entgegenkommen
2535 3056 4124 3152 verpflichtet wäre als deutschen Autoren gegen
