4466 4072
2522 805 2932 931 Sider
2385 873 2830 999 Kayser
3574 933 3956 1039 23.3.1922.
2576 981 2832 1069 G.C.H.F.P
2616 1077 3526 1195 Sehr g ehrter Herr Doktor.
2966 1221 4217 1343 Meiner abschlägigen Antwort an Herrn
2626 1297 4181 1383 S.Fischer kann ich zu meinem lebhaften Bedau-
2626 1359 4135 1425 ern keine zusagende folgen lassen. Ich habe
2632 1417 4117 1475 in der letzten Zeit keine Novelle vollendet
2632 1467 4223 1535 und von stücken die noch nicht ganz abgeschlos-
2622 1517 4097 1579 sen sind, einzelne 8zenen drucken zu lassen,
2620 1563 4079 1629 widerstrebt mir dur chaus. Es blibbealso nur
2620 1613 4225 1681 Tragmentarisches oder Aphoristisches, das mir ge
2626 1669 4047 1731 rade bei einem solchen Anlass einœischen
2622 1723 4043 1779 prätenziös vorkäme. Manche Finladungen zur
2634 1761 4093 1859 Witarheiterschaft gerade zu dieser Gelegen-
2616 1807 4125 1877 heit sind ir zuggangen, wenn auch keine mir
2620 1867 4139 1951 so wert voll wie die von der Neuen Deutschen
2614 1921 4035 2007 Rundschau. Ich habe sie alle abgelehnt und
2620 1963 4135 2037 kann das eigentlich sogar von einem gewissen
2620 2027 4135 2087 prinzipiel en Standpunkt aus nicht ganz un -
2620 2065 4085 2147 richtig finden. Umso gewisser hoffe ich in
2616 2125 3994 2181 nicht allzu ferner Zeit mit irgend etwas
2610 2171 4179 2237 Nicht fragmentarischem zur Verfügung stehen zu
2616 2219 4195 2283 können, bitte Sie sehr mein Fernbleiben von der
2614 2269 4189 2349 mir gewidmeten Mummer entschuldigen zu wollen,
2620 2323 3964 2406 und bin mit den verbindlichsten Grüssen
3222 2412 3830 2514 Ihr sehr ergbener
2604 2966 4037 3066 Herrn Dr. Rudolf Kayer,redakteur der Neuen
2614 3032 3538 3128 Deutschen bundschau,Berlin.
