4420 4040
952 1009 1813 1107 Fällen ein Termin bestimt
380 1029 908 1141 immer in solche
383 1069 1804 1180 wer en, zu dem die Rechte wieder an uns zu
383 1163 638 1265 fallen.
631 1209 1330 1350 Mit herzlichem Gruss
876 1309 967 1388 lhi
2402 797 2827 999 Fischer
3625 908 3959 1012 9.6.1921.
2686 1086 3209 1207 Lieber Freund.
2952 1196 4006 1311 Damit Sie in der „Reigen“ Sache
2593 1256 3974 1350 klar sehen, muss ich Ihnen doch vor allem
2603 1337 4002 1407 die wesentl ichsten Paragraphe meines Ver-
2603 1379 3489 1471 trages mit Harz mitteilen.
2937 1445 3925 1568 Das Honorar (auch heute noch)
2593 1502 3670 1647 25% des broschierten Exemplars.
2933 1596 4019 1709 Es steht mir zu über das Verlags
2582 1660 3980 1772 recht frei zu verfügen, wenn eine Honorar
2584 1745 3947 1817 zahlung nieht pünktlich geleistet wurde.
2931 1792 3995 1913 Nach dem 1. Juli 1920 bin ich be
2578 1885 4040 1951 rechtigt über das Verlagsrecht des „Reigen“
2586 1942 4087 2030 vollkommen frei zu verfügen. Sollten bis d-a
2582 1987 4065 2068 hin alle Exemplare der 49.-68 Aufl. verkauft
2580 2047 4091 2125 sein, so ist Harz verpflichtet mir, beziehungs-
2582 2091 4093 2157 weise dem von mir namhaft zu mochenden Buch-
2578 2140 3929 2233 händler die am 1. Juli 1920 bei ihm noch
2578 2178 4089 2265 vorhandenen Exemplare des „Reigen“ zum Buch-
2576 2244 3851 2329 händle rpreise käuflich zu überlassen.
2952 2308 4040 2421 Sollte die 49.-68, Auflage vor 1.
2574 2359 4019 2480 Juli 19 26 verkauft sein, so bin ich berech
2578 2448 4014 2529 tigt, von diesem Zeitpunkt an, also auch vor
2567 2493 4082 2572 dem 1.Juli über das Verlagsrecht des „Re gen
2567 2542 4082 2637 zu verfügen. Uebertragung des Verlagsrechtes
2567 2603 3749 2693 an dritte Personen ausgeschlossen.
2937 2661 3938 2780 Dieser Vertrag bezog sich nur
2559 2716 3825 2829 auf 49.-681 Auflage. Am 3. Jänner 1921
2559 2805 4019 2899 schrieb ich einen Nachtragsbrief, in dem es
2567 2848 2973 2941 u.a. heisst:
2943 2865 4000 2980 Für die 49-63. Aufl.gelten die
2561 2931 3995 3037 gleichen perzentuellen Bedingungen, wie sie
2567 3013 3997 3111 im Vertragsbrief vom 16. Jänner 1919 abge-
