4471 4071
32 729 127 843 in
237 1052 1823 1183 keie rlei Antwort. Ich lies dann durch Karczag
232 1137 1832 1234 mit ihm unterhandeln, es wurde ein Präliminarver
247 1189 1813 1289 trag mit festem Termin geschla sen.an dem eine
239 1225 1838 1337 Carantiesumme zu erlegen war. Weder wurde die
237 1287 1745 1398 Garantie erledt, noch liess Herr Weiss irgend
241 1346 1717 1434 etwas weiter von sich hören. xxx wartete nale
251 1377 1821 1487 zu zwei Monate zu und schla s dann- mit Dr.Theo-
1458 1432 1804 1529 igh behaup
989 1472 1107 1544 rte
365 1449 1878 1586 daß die Garantiesumme in diesem Augenblick
763 1479 875 1544 dire
241 1489 334 1597 20
260 1557 1265 1667 chon mir avisiert worden ist.
454 1633 1772 1736 Ich habe Ihnen gleichfalls hinsichtlich
253 1682 1895 1789 Reigen und zwar betreffs Italien telegraphiert
260 1745 1711 1836 In einem Briefian den bekannten Publizisten
260 1777 1880 1891 Siegrund hünz bittet die bekannte Dicht erin Anni
266 1857 1844 1967 vivanti, er möge ihr womöglich das Uebersetzung
253 1874 1886 1990 und Aufführungsrecht des „Reiten verchaffn und
266 1935 1880 2034 erwähnt in diese Brief, dass Ihr als der belieb¬
262 1979 1836 2091 testen und gelensten Schriftstellerin Italiens
266 2036 1823 2142 von den Verlegern die glänzendsten Anträge
1510 2062 1912 2151 auch tatsäch
258 2096 1468 2191 macht wurden, so dass in diesem Falb
262 2132 1893 2241 lich unsere Chancen die allerbesten wären. Falls
1517 2186 1753 2256 Eworde
268 2195 1456 2294 Sie also mit Haggic noch nicht eini
270 2237 1766 2343 sind, so glaube ich, dass wir nichts vorteil
268 2271 1889 2400 haftores tum konten als mit Anni Vivanti zu un¬
275 2334 1800 2442 terhandeln. Ich würde selbstverständlich auch
268 2385 1804 2489 diese Angel genheit ihnen überlassen und gebe
287 2440 1832 2546 hier indessen die Adresse von Anhi vivanti an:
311 2524 1084 2620 Pecetto Torinese.
471 2558 1772 2700 Und da wir sch on beim „Reigen“ stehen,
273 2617 1867 2750 Ich erfahre (was ja natürl ich nicht authentisch
279 2685 1804 2805 sein muss), dass die letzten Auflagen des „Rei
292 2712 1908 2877 ren bis 78 schon nahezu vergriffen seien. Die
275 2791 1844 2900 Bezahlung der jedenfalls schon Fall gen Hälfte
283 2837 1846 2941 durch arz steht noch aus. Wenn Sie also emst
287 2892 1910 2998 1.ch. daran denken, den „Reigen“ in Ihr en Verlag
283 2941 1848 3046 zu übernehmen, so wäre es mir höchst erwünscht,
283 3008 1874 3103 dass diese Angelegenheit bald finalisier würde.
292 3042 1844 3160 I h schreibe heute auch an Harz. Nur der Ord -
289 3084 1867 3209 nung wegen teile ich Ihnen mit, dass sich auch
283 3154 1794 3266 ein Wieser Verleger wegen der Uebernahme des
3674 870 3995 997 26/5
2385 1060 3885 1151 „Reigen“ an mich gewandt hat und gleich ein
2391 1115 4041 1217 halbes Hunderttausend drucken möchte. Siewissen,
2391 1166 4062 1274 dass ich esonderen Wert darauf lege, den „Reigen“
2391 1240 4026 1327 gleichfalls in Ihrer Verlag erscheinen zu sehen
2400 1278 3952 1375 und wenn das bei Ihnen auch der Fall ist, so
2400 1335 3881 1432 werden eventuelle Schwierigkeiten leicht zu
2400 1403 2957 1491 überwinden sein.
2493 1460 4020 1570 Hat sich in der Berliner-amerikanischen Aus¬
2408 1519 4058 1622 gabe des „Reigen“,die 1-nen vorgeschlagen wurde,
2402 1603 3133 1694 etwas Neues ereignet?
2537 1665 3923 1781 In den letzten Tagen fanden sich bei mir
2393 1711 3967 1827 Herr Wilhartitz (von dem Ihnen geschäftlich g
2408 1785 4026 1870 wiss bekannten Verlag Frisch & Co.).sowie Herr
2649 1840 4003 1939 rnberg aus New-York bei mir ein teilten
2520 1867 2611 1918 at
2404 1870 2527 1927 Joe
2518 1897 2611 1950 G.C.P.
2406 1880 4100 1977 mit mit, dass sie sich zu einer Firma,The interna¬
2408 1941 4054 2043 tional Editor zusammengetan haben, als deren Ge-
2406 1990 4064 2077 neralveitreter für Europa Frisch & Co. fungiert.
2408 2032 3967 2127 Ich bin mit den Herran in Filmsachen in Unter
2406 2093 4045 2174 handlungen getreten. Es scheint, dass Herr Stern
2408 2140 4010 2237 berg in Amerikm sehr guter Verbindungen hat und
2415 2197 3940 2273 ohne selbst irgend welche Verpflichtungen zu
2410 2254 3931 2324 übernehmen, habe ich ihm die Berechtigung er¬
2421 2279 4079 2374 teilt, sich für die Verwertung meiner Arbeiten zu
2421 2341 4064 2429 Filmzwecken drüben zu interessieren. Herr Stern-
2417 2393 3982 2478 berg scheint,wie so manche Leute aus Amerika
2457 2444 4007 2529 die Konjunktur für mich und meine Werke jetzt
2421 2497 4050 2584 sehr günstig anzusehen, und auch ihm erscheinen
2415 2541 4064 2649 die bisherigen Anträge aus Amerika bezüglich der
2417 2596 4012 2681 Gesammt usgabe völlig unakzeptabel. Ich sprach
2423 2641 4062 2727 von der in dem Brief von Kirpatrik & Brandt ent¬
2427 2693 4079 2793 haltenen Warnung, dass ein kleiner Verleger eine
2427 2742 4056 2837 Gesammtausgabe ohne jede Honorarzahlung drucken
2427 2808 4043 2896 wolle. Herr Stemberg glaubt sich dafpr verbür-
2423 2854 3982 2960 gen-zu können, dass ein solch unautorisierter
2463 2892 4029 2991 Versuch mit Aussicht auf Erfolg bekämpft wer¬
2431 2941 4022 3042 den könnte und dass daher keinesweses ein Grund
2434 2968 4102 3097 bestünde einen Antrag,wie den von Boni & Liverigh
2444 3044 4031 3146 (die er übrigens gle ichfalls als höchst angese
2427 3103 3984 3228 hehen Verlag bezeichnete) anzunehmen. Herr S.
