4417 3992
415 1062 1868 1240 anzuweisen.Bisher habe ich von meiner Bank
425 1194 1292 1355 noch kein Avigo erhalten.
673 1268 1878 1417 7. Vielleicht finden Sie in un serer
433 1373 2016 1537 verrespondenz noch die Briefe, in denen ich mir
431 1491 1966 1629 erlaubte Ihnen ziemlich präzise Bestimmungen
445 1591 1966 1733 über zu erhebende Tantiemenforderungen bezüg-
441 1689 1994 1817 lich meiner Einakter, Zusammenstellung solcher
447 1773 2052 1932 Einakterabende und dergleichen, zu übermitteln.
451 1857 1996 2020 Freundliche Beachtung jener Vorschläge Ih er-
453 1964 1986 2140 seits würden umergewiss unerwünschten Wieder-
445 2086 1998 2252 holungen von meiner Seite überflüssig machen.
918 2232 1884 2382 mit vorzütlicher Hochachtung
3563 890 3945 1046 24.2.1919.
2330 884 2775 1040 tischer.
2950 1194 3460 1328 Lieber Freund.
2825 1320 3919 1471 In der Abschrift lege ich einen
2485 1405 3992 1575 eben an Herrn pirektor Leopold Kremer abge
2485 1545 4008 1679 sandten Brief bei,der keiner weiteren Erläu-
2495 1637 2988 1787 terung bedarf.
2833 1713 4014 1845 Das Honorar für die 14. und 15.Auf-
2495 1811 4026 1954 lage der „Frau Beate“ lassen Sie mir freund-
2489 1930 4080 2068 lichst an die Wiener Bodenkredit Anstalt über-
2495 2048 4064 2150 weisen, ebenso wie das Bühnenvertriebs-Honorar
2493 2158 3963 2268 pro IV. Quartal 1918 (meine Bank hat es mir
2501 2250 3477 2376 bisher noch nicht avisiert).
2853 2300 4070 2463 Das Honorar für die nächsten 10.000
2507 2439 4036 2575 „Casanova“ werde ich natürlich, unserer Abma¬
2513 2549 3977 2707 chung gemis s,beanspruchen,wenn die Ausgabe
2509 2685 2833 2791 begonnen.
2815 2763 3497 2873 Herzl chst grüssend
3100 2861 3218 3000 Ihr
