4439 4056
4039 786 4213 912 26/6
2575 1023 4162 1134 tung Ihres Bühhenvertriebes in Unterhandlungen
413 1034 1999 1125 Recht auf meine xxx veröffentlicht haben, die
2570 1102 4137 1183 stehen. Karozag hat bereits eine solche belgi
456 1104 2063 1170 über Ihr tatsächliches Recht erheblich hinauszu
424 1153 2031 1228 gehen scheint. Leider ist mir das original noch
2566 1174 3127 1262 sehe Vertretung.
424 1217 2042 1277 nicht zu Gesichte gekommen. Falls meine informa-
2845 1208 4207 1328 9. Sie schreiben, dass Sie Ihrei Waraghan
420 1253 2063 1326 tionen sich bestätigen werde ich natürlich repli
2916 1298 4088 1373 ter das vertriebsrecht über.Reigen
413 1309 669 1385 zieren.
2585 1279 2873 1375 er Vertre
2572 1315 4160 1428 bis zum I. Oktober verlängert haben. Nun teilte
2572 1400 4052 1488 mir Fri. Hertz (ohne noch von diesem umstand
656 1398 2050 1475 5. Fräulein Hertz (Karozag) stellt durch-
2575 1447 4152 1532 Kenntnis zu haben (mit, Ihr Vertreter - anschei
413 1451 2080 1528 aus in Abrede,behauptet zu haben, dass.der Verlag
2579 1483 4288 1577 nend identisch mit dem Ihrigen, ein Herr Rechtleba
411 1505 2082 1577 Karczag meine Werke für Holland übernommen habe.
2575 1549 4216 1641 habe sich zu einer Garantiezahlung von 20-30.000
418 1556 1984 1626 Die Sache müsste doch bereits Klar sein. Nie -
2575 1622 4118 1686 polnischen Mark bereit erklärt und könne auch
411 1605 1976 1671 mand,weder Verlag Fischer noch Verlag Karczag,
2579 1639 4216 1728 höhere Tantiemen als 5% erzielen. Ich habe Frl.
411 1656 2012 1741 hat das-Recht im Ausland einen Abschluss ohne
2581 1699 4222 1782 Hertz ausdrücklich erklärt, dass die Vorrechte in
411 1709 1948 1765 meine ausdrückliche Genehmigung zu machen. Es
2587 1754 4152 1829 disem Fall ganz unzweifelhaft auf Fischerscher
418 1752 2110 1841 gibt Verlage, Unternehmungen,Direktoren,die ihn»xx
2585 1807 4124 1880 Seite lägen und dass die provision in diesem
409 1809 1984 1867 mit Ihnen, andere,die mit dem Verlag Karozag in
2579 1850 4262 1944 Falle unbedingt an Sie (Verlag Fischer) fallen müs-
424 1856 2020 1925 Verbindung stehen. Wie ich bereits bei früheren
2589 1905 4228 1984 se,was mir ohneweiters zugegeben wurde, Klar ist
418 1899 1999 1969 Gelegenheiten auseinanderzusetzen erlaubt habe,
2581 1963 4145 2029 die Sache keineswegs, und ich würde Ihnen vor¬
413 1948 2080 2027 fände ich es ebenso unrichtig mir von Ihnen über¬
411 2016 2074 2080 mittelte Anträge an Karzag, wie von Karozag über-
2579 2006 4177 2091 schlagen, dass wir die sache einfach laufen las-
2589 2063 4167 2136 sen. Wir werden ja sehen,an welche Adresse der
411 2059 1886 2121 mittelte an Sie weiterzugeben. Von jedem Ab
2585 2106 4194 2189 Vertreter die Garantiesumme und in welcher Höhe
403 2097 1914 2178 schluss, den ich mache, oder durch jemanden an
411 2172 2042 2236 deren machen lasse, ja von jeder irgendwie in Be-
2579 2150 4135 2242 er sie zahlen wird. Mein Eindruck ist, wie ich
2585 2212 4109 2297 Ihnen schon einmal geschrieben, dass
418 2210 2008 2274 tracht kommenden Verhandlung setze ich Sie (das
2587 2261 4273 2340 wir gehen, der Einflues Waraaage, seine Machtssphä
411 2257 2044 2325 bezieht sich nicht nur auf Amerika) unverzüglich
2587 2310 4262 2404 sozusagen, immer grös se: wird, was vielleicht nicht
413 2306 833 2396 in Kenntnis.
2589 2361 4169 2453 so sehr auf ethische Motive, als auf die Bedeuä
2589 2408 4203 2498 tung des Operettengeschäftes in diesen Gebieten
684 2391 2042 2498 6. Das Oebersetzungsrecht von „Lebendige
409 2453 1910 2549 Stunden“ für Dänemark wünscht Herr Fraenkel,
2596 2455 4237 2543 zurückzuführen ist. Sie nehmen mir gewiss nicht
411 2511 1991 2579 Kopenhagen; er hat sich bereits wie ich ihn er-
2589 2513 4182 2613 übel, dass ich auf diese mir hiedurch gebotenen
405 2555 2057 2626 suchte, mit Ihrem Agenten Kalkar diesbezüglich in
2596 2581 3704 2656 Chancen nicht verzichten möchte.
418 2615 1068 2698 Verbindung gesetzt.
2869 2626 4047 2741 10 1/2 Den Abschluss Rumänien.Reigen
678 2681 1944 2798 7. Frau Bertha Brevée-Copyn übersetzt
2585 2688 4239 2837 glaube ich Ihnen vor längerer Zeit mitgeteilt zu
409 2743 1505 2854 „Frau Beate" und „Comtesse Mizi“
1522 2756 1833 2830 vorläufig
2587 2796 2820 2875 haben.
411 2807 1976 2892 nicht für Aufführungszwecke) Ins Holländische.
2869 2824 4243 2962 11. Der Diele, mit der ich, wie ich Ihnen
678 2879 1922 2979 8. Wegen „Liebelei“ habe ich mit HeI
2581 2898 4162 3016 gleichfall's bereits mitgeteilt, durch den hier
405 2935 2029 3039 gien durch Karozag abgeschlossen, gleich Verhand-
2594 2973 4109 3063 weilenden Herausgeber M. Skleid Thayer über
405 3016 1705 3095 Tungen sind in Belgien wegen ###amhård
1758 3007 2065 3107 in Gang.
2615 3024 4256 3105 Doktor“ Gruesler“ und Freiboren von Leisenbogh
413 3052 1937 3127 Diese Anträge sind an mich gelangt amTage aha
2604 3075 4128 3159 bereits fix abgeschlossen, habe ich ein optio
409 3107 2072 3193 Ihre Mitteilung an mich gelangt ist, dass Sie wegen
2600 3131 4154 3233 recht für „Das neue Lied' und „Leutnant Gustl
405 3161 1948 3252 eventueller Errichtung einer belgischn Vertre
2585 3184 3715 3284 bis 31. Dezember d.J. eingeräumt.
