4439 4056
3557 940 3921 1034 26.6.1922.
2401 816 2751 1060 Fied
2503 1138 3480 1260 Sehr verehrter Herr Greiner.
2825 1274 4180 1402 1. Meine Abmachung „Vermächtnis“ Amerika,
2548 1368 4101 1449 Direktor Emmerson,Vormittlung Kärozag, bezieht
2548 1420 4111 1504 sich auf Aufführung, nicht auf Buch. Sie erwäh¬
2548 1461 4133 1530 nen, dass das „Vermächtnis" bei Badger bereits
2552 1514 4131 1577 erschienen sei. Ganz richtig. Das verpflichtet
2554 1571 4042 1648 mich natürlich knikeiner Weise, umso weniger
2554 1624 4101 1695 als ich niemals einen Heller Honorar erhalten
2548 1681 2733 1770 habe:
2814 1724 4098 1836 2. Direktor Emmerson interessiert sich
2546 1809 4125 1907 für einige meiner Stücke, unter andern auch für
3052 1870 4135 1929 orte. Diese sind,wie Ihnen erin
2955 1870 3052 1929 r W
2560 1874 2963 1943 „Komödie der
2953 1888 3061 1954 Om
2548 1931 4076 1990 nerlich, in Amerika bereits aufgeführt worden
2552 1958 4101 2047 von einer kleinen Bühne, Greenreich.Player,ein
2548 2013 4172 2104 Teil des Geldes liegt.wie Sie wissen,in Wishing
2560 2078 4017 2157 ton. Ob auch die zweite Hälfte (300 Dollar,
2560 2108 4170 2192 ist nie ganz klar geworden. Die Sache wurde von
2552 2171 4135 2238 dem trefflichen Bartsch vermittelt. Da wir nun
2546 2222 4137 2289 mit Bartsch vollkommen fertig sind, kann ich es
2548 2273 4105 2350 wohl als selbstverständlich annehmen, dass ich
2552 2332 4064 2399 auch über.Comedy of words ganz frei verfü-
2560 2373 4076 2475 gen kann und nicht etwa Herrn Bartsoh um Br¬
2558 2418 4192 2505 laubnis fragen muss,ob ich das Stück auch anders
2554 2483 3421 2560 wo aufführen lassen darf.
2863 2534 4013 2652 3. Da wir gerade bei Amerika sind:
2554 2621 4182 2709 Neulich bei Prof. Freud sah ich in seiner Biblio
2558 2688 4115 2768 thek eine Uebersetzung eines seiner Werke, er-
2552 2727 4098 2802 schienen bei Boni & Liveright. Ganz ungefragt
2564 2778 4172 2851 erzählte Prof.Preud bei dieser Gelegenheit, dass
2558 2835 4176 2906 B. & L. ihm nur 700 Exemplare verrechnet,dass er
2548 2892 4113 2965 sie geklagt und dass im Verlauf des Prozesses
2560 2920 4182 3026 sie den Verkauf von 4000 Exemplaren hätten zuge-
2558 2996 4044 3061 stehen müssen. Das sind die Leute, die eine
2552 3055 4048 3142 Gesammtausgabe von mir veranstalten wollen.
3539 3099 4166 3217 die sollen in ameri¬
2973 3107 3240 3221 Kirpatri
2548 3132 4013 3282 kanischen Blättern eine Erklärung über ihr
