4417 3976
3585 939 3961 1099 1.10.1919.
2796 1249 3602 1370 Herrn S.Fischen,Verlag,
3395 1342 3579 1416 G.C.H.F.S
3663 1406 3946 1535 Berlin.
2746 1482 4099 1632 1. Die ungarischen Uebersetzungsrechte
2441 1587 4126 1712 für „Casanovas Heimfahrt" sind noch nicht berge¬
2441 1693 4143 1841 ben. Vielleicht weisen Sie die Winnergraphischen
2441 1795 3403 1921 Werkstätten direkt an mich.
2773 1892 4016 2025 2. Wie ich Ihnen bereits seinerzeit
2437 1991 4056 2141 mitgeteilt habe, ist eine Uebersetzung von.Bea-
2437 2093 4022 2247 te und ihr Sohn in Ungarn erschienen, die von
2422 2211 4109 2327 mir nicht autorisie wurde und von der ich kei¬
2441 2300 4101 2422 herlei Honorar erhalten habe. Ich xxx schliess
2433 2397 4014 2545 den Beleg bei. und bitte Sie die Angelegenheit
2429 2496 4008 2642 durch Ihren. Budapenter Vertreter verfolgen zu
2412 2615 2701 2742 lassen.
2723 2718 4035 2856 3. Am Paul Knudsen,Kopenhagen,habe
2418 2835 4003 2921 ich wegen der Uebersetzungsrechte für „Rekten“
3921 2906 4031 2985 G.C.F.P
2424 2913 3929 3056 (erschienen bei Harz) direkt telegraphiert.
2784 3002 4071 3130 4. Ich erhielt eine Art Geschäftsan¬
