<?xml version="1.0" encoding="UTF-8" standalone="yes"?>
<PcGts xmlns="http://schema.primaresearch.org/PAGE/gts/pagecontent/2013-07-15" xmlns:xsi="http://www.w3.org/2001/XMLSchema-instance" xsi:schemaLocation="http://schema.primaresearch.org/PAGE/gts/pagecontent/2013-07-15 http://schema.primaresearch.org/PAGE/gts/pagecontent/2013-07-15/pagecontent.xsd">
    <Metadata>
        <Creator>prov=READ-COOP:name=TrHtr:version=2.1.0:model_id=51170:date=27_07_2023_22:01</Creator>
        <Created>2023-05-02T07:57:09.754+02:00</Created>
        <LastChange>2023-07-27T22:01:25.324+02:00</LastChange>
        <TranskribusMetadata docId="1416739" pageId="54952250" pageNr="18" tsid="131304119" status="IN_PROGRESS" userId="64420" imgUrl="https://files.transkribus.eu/Get?id=EMAOWRHSKHPGHKJRRJMJXYQP&amp;fileType=view" xmlUrl="https://files.transkribus.eu/Get?id=LTFATSPRGIAJVUHJGOHZIUJN" imageId="44455976"/>
    </Metadata>
    <Page imageFilename="1416739_0018.jpg" imageWidth="2386" imageHeight="3961">
        <ReadingOrder>
            <OrderedGroup id="ro_1711827873574" caption="Regions reading order">
                <RegionRefIndexed index="0" regionRef="tr_1"/>
                <RegionRefIndexed index="1" regionRef="tr_2"/>
            </OrderedGroup>
        </ReadingOrder>
        <TextRegion id="tr_1" custom="readingOrder {index:0;}">
            <Coords points="480,806 2116,806 2116,2377 480,2377"/>
            <TextLine id="tr_1_tl_1" custom="readingOrder {index:0;}">
                <Coords points="893,919 942,921 952,915 965,923 994,905 1020,913 1016,781 967,775 954,783 932,779 926,785 913,783 888,792"/>
                <Baseline points="901,856 946,856 990,859 1023,859"/>
                <TextEquiv>
                    <Unicode>S</Unicode>
                </TextEquiv>
            </TextLine>
            <TextLine id="tr_1_tl_2" custom="readingOrder {index:1;}">
                <Coords points="468,1165 1911,1130 2039,1095 2041,994 1738,1037 1443,967 1119,1068 472,1033"/>
                <Baseline points="480,1149 522,1149 567,1149 611,1146 656,1146 701,1143 746,1143 791,1140 835,1140 880,1140 925,1140 970,1137 1014,1137 1059,1137 1104,1137 1149,1137 1193,1134 1238,1131 1283,1131 1328,1128 1373,1125 1417,1125 1462,1122 1507,1122 1552,1122 1596,1119 1641,1119 1686,1116 1731,1110 1776,1107 1820,1107 1865,1107 1910,1107 1955,1104 1999,1104 2044,1107"/>
                <TextEquiv>
                    <Unicode>ist vielleicht nicht geschäftlich, aber doch</Unicode>
                </TextEquiv>
            </TextLine>
            <TextLine id="tr_1_tl_3" custom="readingOrder {index:2;}">
                <Coords points="472,1278 2096,1241 2115,1136 476,1171"/>
                <Baseline points="486,1253 504,1250 549,1250 594,1250 638,1250 683,1250 728,1247 773,1244 817,1244 862,1241 907,1238 952,1238 996,1238 1041,1235 1086,1235 1131,1235 1176,1235 1220,1232 1265,1232 1310,1229 1355,1229 1399,1226 1444,1226 1489,1223 1534,1226 1579,1226 1623,1223 1668,1220 1713,1217 1758,1214 1802,1211 1847,1211 1892,1211 1937,1208 1981,1208 2026,1205 2071,1202 2116,1211"/>
                <TextEquiv>
                    <Unicode>prinzipiell einigermassen wichtig, und ich glau¬</Unicode>
                </TextEquiv>
            </TextLine>
            <TextLine id="tr_1_tl_4" custom="readingOrder {index:3;}">
                <Coords points="474,1373 1896,1338 2037,1313 2039,1274 1820,1218 476,1301"/>
                <Baseline points="486,1355 519,1352 564,1352 608,1352 653,1352 698,1349 743,1349 788,1346 832,1346 877,1346 922,1343 967,1343 1011,1340 1056,1343 1101,1340 1146,1337 1190,1334 1235,1334 1280,1331 1325,1331 1370,1331 1414,1328 1459,1328 1504,1325 1549,1325 1593,1322 1638,1319 1683,1319 1728,1313 1773,1313 1817,1310 1862,1310 1907,1310 1952,1307 1996,1304 2041,1304"/>
                <TextEquiv>
                    <Unicode>be nicht, dass ein grosser Verlag wie der Ihre</Unicode>
                </TextEquiv>
            </TextLine>
            <TextLine id="tr_1_tl_5" custom="readingOrder {index:4;}">
                <Coords points="472,1474 1338,1474 1420,1431 2001,1435 2032,1383 1799,1323 476,1377"/>
                <Baseline points="486,1450 516,1456 561,1453 605,1453 650,1453 695,1450 740,1447 785,1447 829,1447 874,1444 919,1444 964,1441 1008,1441 1053,1441 1098,1441 1143,1438 1188,1435 1232,1432 1277,1432 1322,1429 1367,1429 1411,1429 1456,1426 1501,1426 1546,1426 1590,1423 1635,1423 1680,1420 1725,1417 1770,1414 1814,1414 1859,1411 1904,1411 1949,1411 1993,1405 2038,1405"/>
                <TextEquiv>
                    <Unicode>es hinnehmen muss von einem Sortimenter-Kata-</Unicode>
                </TextEquiv>
            </TextLine>
            <TextLine id="tr_1_tl_6" custom="readingOrder {index:5;}">
                <Coords points="468,1558 1651,1569 2065,1521 2067,1486 1649,1503 1569,1449 1045,1499 470,1484"/>
                <Baseline points="480,1555 504,1558 549,1561 594,1561 638,1561 683,1555 728,1555 773,1552 817,1549 862,1546 907,1546 952,1546 996,1546 1041,1543 1086,1543 1131,1540 1176,1540 1220,1537 1265,1537 1310,1537 1355,1534 1399,1534 1444,1531 1489,1531 1534,1528 1579,1525 1623,1525 1668,1522 1713,1519 1758,1519 1802,1516 1847,1516 1892,1516 1937,1513 1981,1510 2026,1507 2071,1504"/>
                <TextEquiv>
                    <Unicode>log, sei es nun aus literarischen oder aus po-</Unicode>
                </TextEquiv>
            </TextLine>
            <TextLine id="tr_1_tl_7" custom="readingOrder {index:6;}">
                <Coords points="476,1694 893,1649 1940,1649 1971,1525 1651,1569 480,1569"/>
                <Baseline points="489,1656 495,1656 540,1656 585,1656 629,1656 674,1656 719,1653 764,1650 808,1647 853,1647 898,1647 943,1647 988,1644 1032,1644 1077,1644 1122,1641 1167,1641 1211,1641 1256,1638 1301,1638 1346,1635 1390,1635 1435,1635 1480,1632 1525,1629 1570,1629 1614,1626 1659,1626 1704,1623 1749,1620 1793,1617 1838,1614 1883,1614 1928,1608 1973,1608"/>
                <TextEquiv>
                    <Unicode>litischen Gründen, sei es aus Beschränktheit</Unicode>
                </TextEquiv>
            </TextLine>
            <TextLine id="tr_1_tl_8" custom="readingOrder {index:7;}">
                <Coords points="472,1769 1919,1746 1997,1731 1999,1649 474,1696"/>
                <Baseline points="483,1761 525,1761 570,1761 614,1761 659,1758 704,1755 749,1755 793,1752 838,1752 883,1752 928,1749 973,1749 1017,1746 1062,1746 1107,1746 1152,1743 1196,1743 1241,1743 1286,1740 1331,1737 1376,1737 1420,1734 1465,1734 1510,1731 1555,1731 1599,1731 1644,1728 1689,1725 1734,1725 1779,1722 1823,1719 1868,1719 1913,1716 1958,1716 2002,1716"/>
                <TextEquiv>
                    <Unicode>oder mit übler Absicht, gewissermassen zensu-</Unicode>
                </TextEquiv>
            </TextLine>
            <TextLine id="tr_1_tl_9" custom="readingOrder {index:8;}">
                <Coords points="480,1872 1649,1872 2012,1835 2045,1783 1616,1736 1280,1806 482,1789"/>
                <Baseline points="492,1865 525,1859 570,1859 614,1859 659,1856 704,1856 749,1856 793,1853 838,1853 883,1853 928,1850 973,1850 1017,1850 1062,1847 1107,1847 1152,1844 1196,1844 1241,1841 1286,1844 1331,1841 1376,1838 1420,1835 1465,1835 1510,1835 1555,1832 1599,1832 1644,1829 1689,1829 1734,1826 1779,1823 1823,1820 1868,1817 1913,1817 1958,1817 2002,1817 2047,1814"/>
                <TextEquiv>
                    <Unicode>riert zu werden. Auf die diesem Vorgehen wahr-</Unicode>
                </TextEquiv>
            </TextLine>
            <TextLine id="tr_1_tl_10" custom="readingOrder {index:9;}">
                <Coords points="489,1983 1012,2010 1426,1940 1977,1954 2096,1938 2100,1859 798,1853 606,1921 493,1900"/>
                <Baseline points="501,1964 537,1964 582,1967 626,1964 671,1964 716,1961 761,1958 805,1958 850,1958 895,1955 940,1955 985,1952 1029,1952 1074,1949 1119,1949 1164,1946 1208,1946 1253,1943 1298,1943 1343,1940 1387,1940 1432,1937 1477,1937 1522,1934 1567,1934 1611,1931 1656,1931 1701,1925 1746,1925 1790,1925 1835,1925 1880,1925 1925,1922 1970,1919 2014,1916 2059,1916 2104,1916"/>
                <TextEquiv>
                    <Unicode>scheinlich zugrundeliegende Tendenz einzugehen</Unicode>
                </TextEquiv>
            </TextLine>
            <TextLine id="tr_1_tl_11" custom="readingOrder {index:10;}">
                <Coords points="486,2090 1849,2057 2006,2047 2008,1997 489,2006"/>
                <Baseline points="498,2068 534,2065 579,2065 623,2065 668,2065 713,2062 758,2062 802,2062 847,2059 892,2059 937,2056 982,2056 1026,2053 1071,2050 1116,2050 1161,2050 1205,2047 1250,2047 1295,2044 1340,2044 1385,2041 1429,2041 1474,2038 1519,2038 1564,2038 1608,2035 1653,2032 1698,2032 1743,2029 1787,2026 1832,2026 1877,2026 1922,2023 1967,2023 2011,2023"/>
                <TextEquiv>
                    <Unicode>versage ich mir deshalb, weil das mit der Ab-</Unicode>
                </TextEquiv>
            </TextLine>
            <TextLine id="tr_1_tl_12" custom="readingOrder {index:11;}">
                <Coords points="480,2206 1933,2150 1985,2131 1987,2067 1325,2051 1018,2109 824,2078 482,2111"/>
                <Baseline points="492,2173 513,2173 558,2170 602,2170 647,2170 692,2167 737,2167 782,2164 826,2164 871,2161 916,2161 961,2158 1005,2158 1050,2158 1095,2155 1140,2155 1185,2152 1229,2152 1274,2149 1319,2149 1364,2146 1408,2146 1453,2143 1498,2143 1543,2143 1587,2140 1632,2137 1677,2137 1722,2134 1767,2134 1811,2131 1856,2128 1901,2128 1946,2128 1990,2122"/>
                <TextEquiv>
                    <Unicode>fassung betraute Individuum sich an manchen</Unicode>
                </TextEquiv>
            </TextLine>
            <TextLine id="tr_1_tl_13" custom="readingOrder {index:12;}">
                <Coords points="476,2282 1933,2249 1938,2156 1696,2210 480,2206"/>
                <Baseline points="489,2271 507,2271 552,2271 596,2271 641,2268 686,2268 731,2268 776,2265 820,2265 865,2265 910,2262 955,2262 999,2259 1044,2259 1089,2256 1134,2256 1179,2256 1223,2253 1268,2253 1313,2250 1358,2250 1402,2250 1447,2247 1492,2247 1537,2244 1582,2241 1626,2241 1671,2241 1716,2238 1761,2235 1805,2235 1850,2232 1895,2232 1940,2229"/>
                <TextEquiv>
                    <Unicode>Stellen ein Alibi zu schaffen gewusst hat.</Unicode>
                </TextEquiv>
            </TextLine>
            <TextLine id="tr_1_tl_14" custom="readingOrder {index:13;}">
                <Coords points="756,2372 1369,2358 1476,2393 1620,2346 2067,2340 2069,2294 1894,2265 1783,2302 1672,2251 1332,2302 1072,2267 759,2298"/>
                <Baseline points="767,2367 776,2367 820,2367 865,2364 910,2364 955,2364 999,2361 1044,2358 1089,2358 1134,2358 1179,2358 1223,2355 1268,2352 1313,2352 1358,2352 1402,2349 1447,2349 1492,2349 1537,2346 1582,2346 1626,2343 1671,2343 1716,2340 1761,2337 1805,2334 1850,2334 1895,2334 1940,2334 1984,2331 2029,2328 2074,2325"/>
                <TextEquiv>
                    <Unicode>In der letzten Zeit sind einige Bücher</Unicode>
                </TextEquiv>
            </TextLine>
        </TextRegion>
        <TextRegion id="tr_2" custom="readingOrder {index:1;}">
            <Coords points="495,2376 2155,2376 2155,3111 495,3111"/>
            <TextLine id="tr_2_tl_1" custom="readingOrder {index:0;}">
                <Coords points="491,2504 2049,2461 2084,2344 495,2416"/>
                <Baseline points="504,2480 519,2477 564,2477 608,2477 653,2474 698,2474 743,2471 788,2471 832,2471 877,2468 922,2468 967,2468 1011,2465 1056,2465 1101,2462 1146,2462 1190,2459 1235,2459 1280,2456 1325,2453 1370,2453 1414,2450 1459,2450 1504,2447 1549,2447 1593,2447 1638,2447 1683,2444 1728,2444 1773,2441 1817,2438 1862,2438 1907,2438 1952,2435 1996,2432 2041,2432 2086,2426"/>
                <TextEquiv>
                    <Unicode>bei Ihnen erschienen, durch deren Zusendung Sie</Unicode>
                </TextEquiv>
            </TextLine>
            <TextLine id="tr_2_tl_2" custom="readingOrder {index:1;}">
                <Coords points="489,2616 676,2577 2022,2570 2067,2550 2069,2457 493,2496"/>
                <Baseline points="501,2581 504,2581 549,2581 594,2581 638,2578 683,2575 728,2575 773,2575 817,2570 862,2573 907,2570 952,2570 996,2567 1041,2567 1086,2567 1131,2564 1176,2564 1220,2564 1265,2561 1310,2558 1355,2558 1399,2555 1444,2552 1489,2549 1534,2549 1579,2549 1623,2546 1668,2546 1713,2543 1758,2543 1802,2540 1847,2540 1892,2537 1937,2537 1981,2537 2026,2534 2071,2534"/>
                <TextEquiv>
                    <Unicode>mich erfreuen würden, so die Brüder Menthe von</Unicode>
                </TextEquiv>
            </TextLine>
            <TextLine id="tr_2_tl_3" custom="readingOrder {index:2;}">
                <Coords points="493,2698 2008,2667 2090,2647 2092,2556 1552,2599 1393,2558 1229,2597 649,2579 495,2632"/>
                <Baseline points="504,2686 528,2686 573,2683 617,2683 662,2683 707,2683 752,2680 796,2677 841,2677 886,2674 931,2671 976,2668 1020,2668 1065,2668 1110,2668 1155,2665 1199,2665 1244,2665 1289,2662 1334,2662 1379,2659 1423,2659 1468,2656 1513,2656 1558,2653 1602,2653 1647,2653 1692,2647 1737,2647 1782,2644 1826,2644 1871,2644 1916,2641 1961,2641 2005,2641 2050,2641 2095,2644"/>
                <TextEquiv>
                    <Unicode>Nansen, die Kriegsfahrten eines Ungarn von Mol-</Unicode>
                </TextEquiv>
            </TextLine>
            <TextLine id="tr_2_tl_4" custom="readingOrder {index:3;}">
                <Coords points="495,2809 2006,2764 2067,2756 2069,2708 1832,2653 499,2706"/>
                <Baseline points="507,2787 552,2787 596,2787 641,2787 686,2784 731,2784 776,2784 820,2781 865,2778 910,2775 955,2775 999,2775 1044,2772 1089,2770 1134,2770 1179,2767 1223,2764 1268,2764 1313,2764 1358,2764 1402,2761 1447,2761 1492,2758 1537,2758 1582,2758 1626,2755 1671,2755 1716,2752 1761,2749 1805,2749 1850,2746 1895,2746 1940,2743 1984,2743 2029,2743 2074,2737"/>
                <TextEquiv>
                    <Unicode>nar, Requard im Kriegsflugzeug und die letzten</Unicode>
                </TextEquiv>
            </TextLine>
            <TextLine id="tr_2_tl_5" custom="readingOrder {index:4;}">
                <Coords points="484,2902 907,2929 2010,2867 2072,2857 2076,2754 1575,2766 1445,2830 1315,2789 655,2797 486,2851"/>
                <Baseline points="495,2892 510,2892 555,2892 599,2892 644,2892 689,2889 734,2886 779,2886 823,2883 868,2883 913,2880 958,2877 1002,2874 1047,2874 1092,2874 1137,2874 1182,2874 1226,2871 1271,2868 1316,2865 1361,2862 1405,2862 1450,2862 1495,2859 1540,2859 1584,2859 1629,2856 1674,2856 1719,2853 1764,2853 1808,2850 1853,2850 1898,2847 1943,2844 1987,2844 2032,2844 2077,2841"/>
                <TextEquiv>
                    <Unicode>ostpreussischen Kriegshefte und der Roman von</Unicode>
                </TextEquiv>
            </TextLine>
            <TextLine id="tr_2_tl_6" custom="readingOrder {index:5;}">
                <Coords points="495,2999 794,3032 866,2989 2113,2970 2154,2855 497,2933"/>
                <Baseline points="507,2993 543,2993 588,2996 632,2993 677,2993 722,2990 767,2990 811,2987 856,2984 901,2984 946,2981 990,2981 1035,2978 1080,2978 1125,2978 1170,2972 1214,2972 1259,2972 1304,2970 1349,2967 1393,2967 1438,2967 1483,2967 1528,2964 1573,2961 1617,2961 1662,2958 1707,2958 1752,2958 1796,2958 1841,2955 1886,2955 1931,2952 1976,2949 2020,2949 2065,2946 2110,2949 2155,2949"/>
                <TextEquiv>
                    <Unicode>Weyssenhof in der Romanbibliothek. Geht die Tem-</Unicode>
                </TextEquiv>
            </TextLine>
            <TextLine id="tr_2_tl_7" custom="readingOrder {index:6;}">
                <Coords points="491,3108 559,3137 847,3090 1121,3096 1152,3082 1154,3011 1111,2991 1027,3016 921,2999 857,3030 792,3030 750,3011 707,3026 674,3003 573,3040 493,3040"/>
                <Baseline points="501,3101 531,3098 576,3098 620,3095 665,3098 710,3095 755,3095 799,3089 844,3089 889,3086 934,3083 979,3083 1023,3080 1068,3077 1113,3077 1158,3080"/>
                <TextEquiv>
                    <Unicode>polausgabe weiter?</Unicode>
                </TextEquiv>
            </TextLine>
        </TextRegion>
    </Page>
</PcGts>
