4492 4039
731 1044 1162 1166 e deutet habe.
780 1115 2128 1275 Ich ma che ferner darauf aufmerksam, dass
627 1223 2040 1383 auf der letzten Seite der Buchausgabe der
639 1319 2073 1450 „Schwestern“ (Werke von A.S. in Einzelaus-
621 1401 2136 1558 gaben) „Casanovas Heimfahrt“ noch nicht ver-
621 1538 1095 1673 zeichnet ist.
868 1605 2085 1732 Besteht Aussicht, dass von "Casanova"
625 1710 1940 1848 bald die 31.-40. Auflage herauskommt?
862 1781 2181 1969 Die Druckfehler, um deren Korrektur für
645 1910 2192 2055 die Ruchausgabe der „Schwestern“ ich ersuchte
645 2004 2210 2153 sind, wie ich sehe. nicht berücksichtigt worden.
652 2104 2208 2251 (Seite 108,Zeile C von unten sollte „verriete
643 2212 2100 2375 stehen statt „betrügt, die anderen sind mir
652 2306 2163 2457 augenblicklich nicht erinnerlich. Bitte diese
645 2418 2167 2584 Kleinigkeiten für die nächsten Auflagen vor-
645 2553 1252 2670 merken zu lassen.
897 2594 2167 2770 Gern überlasse ich Ihnen die „Schwes-
670 2688 2269 2862 tern für einen Abschluss für Holland, doch bit-
662 2810 2194 2970 te ich auf Garantie zu bestehen und zwar min¬
668 2915 2220 3062 destens 500 holl.Gulden, die Leute sollen sich
682 3023 2200 3199 unsere schlechte Valuta hicht gar zu sehr zu
2768 1085 4326 1260 Nutze machen. Wer ist Ihr Vertreter in Holland'
2768 1213 4228 1371 Was für Bedingungen haben wir für den.Bern
2784 1328 4250 1483 „Bernhardi“ war dort ein grosser Erfolg, wie
2774 1387 4304 1538 mir auch Leute erzählten, die persönlich Gele-
2768 1542 4314 1671 genheit hatten Aufführungen beizuwohnen. Zwei
2759 1640 4398 1797 verlagsanstalten wandten sich wegen der Buchaus-
2759 1728 4069 1869 gabe an mich, erledigt ist noch nichts.
2968 1867 4359 2032 Mit herzlichen Welhnachtspässen und den
2749 1989 4056 2106 besten Wünschen für Sie und die Ihren
3415 2081 3911 2224 mir aufrichtiger
2798 2406 4210 2559 Ich habe die Verse, die die „Caste“ in den
2804 2494 4322 2608 „Schwestern“ zu sprechen haben, xxx in Einzel-
2794 2553 4361 2663 stimmen zerlegt und bitte die drei Blätter ent¬
2786 2618 4344 2712 weder hektographisch vrevielfältigen oder dru
2792 2668 4334 2825 cken zu lassen und den Büknenexemplaren gefäl
2917 2741 3382 2862 gut beizulegen.
