5722 4600
410 400 833 578 Schintor
1256 429 1819 662 No 10/2 '09.
551 631 1943 852 Abei, liebverchiter d'Icknitzler, bescheinen
610 773 1949 955 Sie mich nicht! Uabe denn ich sie gefragt,
592 874 1902 1058 als ich für Ihrer Generalprobe kam? Das uf
555 980 1933 1134 Dich selbst verständlich. Wenn sie sich nur
544 1087 1974 1231 sabei auch in bisschen unterhalten m'etten.
586 1196 1436 1376 Es gericht von t Terzen
1568 1273 1996 1481 Johannum
1493 1669 1955 1836 J. 10/5 11.
1207 1852 2038 2019 Lieber Herr Doktor
932 1996 2106 2139 Denke Ihnen herzlicher für thre¬
920 2106 2141 2273 llen. Mitteilung; bedanere sehr,
949 2192 2186 2355 Jap man men sogar sie bemüht.
980 2302 2104 2440 Es handelt nich gar nicht um
1011 2390 2180 2541 Glaube alleinat -Tertiemen, die
971 2518 2133 2685 cust im nächsten Jahre ein kommen -
961 2605 2199 2795 stimmung pflichtig werden, was een,
2749 3191 3486 3339 Wien 16.3.27.
1957 3244 2679 3391 Lieber, verehrterter A. Sch;
1887 3329 3508 3463 endlich käme ich dazu - und da nicht einmal in einem längeren.
1881 3428 3490 3521 Schreiben, denn mich hat die Gesamtausgabe meiner Werke ganz mit
1930 3506 3500 3611 Beschlag belegt - Ihnen zu Sanhen und Thun zu gedenken. Wir
1941 3574 3490 3710 hier das alle sehn Jahre, und der geneigt, denn wir wissen, dass
1939 3659 3459 3774 wie einander gut sind. Es war ja de Dr. Henedikt bei mir, als
1947 3737 3508 3869 The reizvolles Schreiben ein traf und er bat mich, es ihm für
1933 3787 3539 3933 ein Glatt zum Abdruck zu überlassen. Ich tat es unter der Gediegerin
1930 3844 3550 4040 dahe man vorert Ihre Einwilligung einholen müsse, wie hoffentlich
1928 3937 3448 4102 gescheten ich. Aber Sie irren sich, Verehrtester; der Brief gehört
1916 3995 3453 4158 Sach in Ihre Biographie, denn er verritt von Ihnen sehr viel
1906 4088 3459 4319 Entzückendes und schönes. Verglichet Ihr xxx  um herr.
109 4360 380 4488 G.C.F.P
2675 769 3580 967 Dr. Karl Schönherr
2599 920 3787 1085 sacht Ihnen, lieb verschrter klar,
2566 1035 3838 1207 & schmitzler für Ihren Glücke
2551 1151 3370 1295 wünch von Heizen.
3387 1149 3855 1347 The yl. Fich.
3244 1749 3999 1930 Liebe Dr. 1th
2933 1864 4573 2058 schreiten Dank für Ihre Ehe. Aufmerksam¬
2885 2007 4498 2151 keit; wenn mein schimpfen, er dem seit zwei
2910 2093 4511 2267 sagen locbariere, ausgemassen besser, fahre nicht
2877 2190 4538 2357 Vergnügen mitz; wir würden an sei in Bahnhof
2879 2271 3611 2458 (Iug 11'25) Tuffen
3655 2287 4218 2524 Exempt 9th
3867 2492 4465 2710 Dichviehen
2817 2469 3424 2679 Sien 26/6 11
