3496 4184
2652 354 2832 552 972
702 546 1428 804 Entrisset sind:
687 714 2973 957 Medersky über das soziale Elend, tut aber nichts
711 1008 1212 1122 als reden.
702 1095 3114 1281 Der alte Ehrenberg über seine unpraktischen Brüder.
708 1275 3015 1512 Die kokette Schwester Else's, die mit X. ein Ver-
702 1470 2283 1587 hältnis hat, über den Fall Annas.
714 1569 3105 1746 Anna's Bruder, der ein Lamp ist, über den Fall sei-
720 1794 1401 1908 ner Schwester.
723 1929 3093 2139 Medersky will auch nicht, dass seine Schwester mit
732 2121 1413 2301 Anna verkehrt.
