3480 4216
739 715 1822 992 Gespräch Demeter, Else.
736 884 3049 1116 Gespräch Frau Ehr.und Max. Warum haben wir unsere
766 1104 1517 1291 Liebe versäumt?
736 1237 1991 1451 8. Sissy und ihre Eltern.
742 1357 2835 1629 9. Endlich kommt Georg. Kurzes Gespräch mit
700 1568 3065 1783 Heinrich über das Stück. Georg ist sehr glücklich.
760 1725 1596 1927 10. Georg, Else,
769 1867 2980 2054 Else: Wo sind Sie? Ich habe mich nach Ihnen ge-
781 2003 3089 2244 sehnt. Wir passen zu einander. - Was ist das wie-
796 2166 2588 2374 der für ein Verhältnis, das Sie haben?
796 2304 3197 2537 11. Therese kommt, die eingesperrt war. Senaation.
808 2437 3092 2678 Frau Ob.findet das sehr fesch. Sonderbare Gesell-
817 2675 1170 2856 schaft!
817 2787 2760 2992 Therese sagt dem Jonas einige Grobheiten.
814 2956 3046 3152 Demster und Therese gefallen einander sehr gut.
826 3074 3010 3330 Es ist bekannt, dass Therese ein Verhältnis ge
836 3297 1294 3484 habt hat.
235 3363 769 3544 Willy fehlt
642 3390 2313 3722 12. Georg: Nein, ich bin gebunden.
274 3493 534 3601 noch.
751 3592 3176 3831 Else! Da wäre ich doch neugierig! Zu Frau Ehr! Also
