3400 4120
747 652 1365 845 des Schicksal
646 817 983 995 ner Sie
600 946 1062 1142 Von Rosner.
640 1093 2559 1292 h von der Cousine. Man vermisst Sie dort.
560 1206 2972 1503 Heinrich war im Sommer viel mit Ehrenbergs zusammen.
563 1399 2477 1583 Georg fragt sich, ob Else Heinrich liebt.
566 1494 3018 1742 Er ist ja nicht soigniert, nicht elegant,- nicht schön.
563 1711 3025 1901 Sein Vater ist ein Schneider /oder Arzt/ in Temesvar.
560 1834 2905 2027 Er wusste das alles, weil er es in antisemitischen
576 2017 1644 2222 Blättern gelesen hatte.
579 2164 1791 2354 Georg möchte ein Libretto.
2054 2161 2149 2320 G.F.P
1898 2079 1993 2305 P:
582 2311 2357 2480 Sie zweifeln, dass ich der Rechte bin.
569 2458 2489 2651 Heinrich zerfahren, nervös, Angstgefühle.
572 2599 3000 2826 "Arme Teufel", dass ich dieses Buch geschrieben, geht
1491 2813 1962 2960 V:A:S: D'H: D: A:
572 2801 1350 3003 mir immer nach.
579 2917 2988 3138 Fahren wir in den Prater, vielleicht erzähl' ich Ih-
585 3104 1552 3294 nen einen Stoff.
1629 3126 1742 3239 to 1
579 3205 2271 3429 Sie gehen zu Fuss in der Hauptallee.
597 3367 2985 3588 Angenehmes Gefüh 1 Heinrichs, auch in der Kirche da¬
643 3582 940 3756 mals.
606 3701 1941 3928 Oskar fahrt vorüber, mit Army.
