3432 4152
599 566 2157 764 Sehen wir uns morgen bei Hendix!
606 690 2431 934 Georg noch auf und ab vor den Fenstern.
579 827 2334 1085 Alle Trauer fort, das Leben so retch.
1363 1075 1664 1219 sitien
583 1135 3242 1396 Im Hause Bandix, xxx Mutter und Tochter. Vater ist ge
603 1283 3278 1540 min. Sagt dies und jenes. Eure Künstler. Die Mutter und
586 1480 3121 1638 Tochter denken an mancherlet. Jetzt kommt Max Schwarz.
579 1634 3275 1852 Er verbrettet ethen Hauch von Anständigkeit. Jonas kommt
583 1758 1507 1956 Frech. Tarokpartie.
586 1865 1966 2096 Wann kommen die andern! Else.
576 2093 3208 2264 Ach Gott das Leben ist schwer. Was willst Du? Alles...
583 2227 1400 2414 Alles vielleicht.
569 2391 2512 2599 Heinrich kommt. Erinnerung an den Sommer.
576 2512 2003 2783 Oskar, sehr lustig. Hetratet.
583 2666 1487 2877 Ueber Kousine Anna.
559 2870 2870 3034 Es ist bis weiss Gott wenn Verhältnis sicher.
559 3031 2488 3208 Andre Leute. Alzibtades. Frau Oberberger.
559 3161 2917 3332 Max und Frau Hendix. Ueber ihre verlorene Jungend.
573 3335 3007 3483 Georg kommt. Else sagt: was haben Sie denn jetzt für
556 3456 1306 3613 oin Verhältnis.
