3464 4216
453 845 1009 1050 Ewigkeiten.
462 1032 1017 1196 Schablonen.
474 1085 2693 1342 Was ist Tugend? was ist Laster? was wissen wir?
1649 1184 2935 1479 Was bedeutet er in Hinsicht
477 1278 1131 1474 Erfolg? Wozu?
500 1453 1333 1620 auf Jahrtausende?
506 1550 2225 1783 Freude am Schaffen, Freude am Leben.
512 1710 2354 1968 Ueber Leichen weg, auch über Lebendige,
520 1789 2877 2088 Ob wir gross oder klein sind - was geht's uns an?
532 2041 2207 2263 Ob es was wird - was geht's uns an?
547 2146 2541 2377 Ob man uns beschimpft - was geht’s uns an?
547 2359 1555 2564 Der Schluss der Oper.
558 2468 1816 2742 Heinrich: Nun weiss ich’s.
2114 2652 2216 2830 it
687 2699 1360 2915 + Mosin der Mag.
649 2775 2523 3073 Jurfisis. Er führt nennen mein sich freunden mögen
681 3011 1102 3193 Natur.
