3368 4168
2579 316 2707 532 17
690 693 977 865 Akt.
664 798 2017 1020 Hochzeit Sissy und Oskar.
678 977 2424 1175 Im Hause von Sissya Eltern.
693 1082 2988 1319 Der Vater durch eigene Kraft zu einem grossen Ge-
696 1222 2962 1512 schäftemann geworden. Er wird Oskar ins Geschäft
737 1488 1102 1655 nehmen.
684 1617 1289 1821 Die Mutter?
702 1725 2506 1988 Bevor die Leute aus der Kirche kommen:
763 1892 2397 2128 1. Jonas Ehrenberg, Max Schwarz.
728 1962 2918 2275 Schwarz war nicht in der Kirche. Er kann diese
772 2228 1705 2435 Dinge nicht leiden.
693 2319 3035 2582 Schöne Hochzeit. Sisy wird ihm manche Nuss zu
748 2509 3102 2731 knacken geben. Wollen Sie wetten, dass Ihre Nichte
757 2707 2041 2897 ölse den Demeter heiratet?
766 2801 2801 3052 2. Georg kommt, event der alte Dr,Breuner.
775 3020 2047 3231 Die Hochzeitsgäste kommen.
842 3228 1447 3392 Beim Büffet.
798 3298 2716 3590 Anna kommt mit ihrer Mutter gratulieren.
807 3430 3049 3739 Gespräch Heinrichs mit Frau O., die Bemerkungen
868 3593 3152 3874 macht über das Verhältnis Annas mit Georg. Wo wa-
