3512 4280
2764 632 2991 898 13.
539 888 1129 1074 Vierter Akt.
545 946 2972 1231 Alfred und Anna monatelang fort gewesen. Herrliche
497 1206 792 1388 Zeit.
555 1327 1953 1504 Lotte und Anna wohnen zusamme
577 1446 1808 1651 1- Lotte und junger Doktor
587 1545 2761 1779 Wissen Sie, wer seit gestern hier wohnt? Anna.
580 1757 1254 1943 Dieser Schuft.
551 1882 1802 2097 WSe können Sie das sgen.?
603 1937 3011 2206 Er hat in Paris Verbindungen angeknüpft für die Par
571 2052 3152 2344 tei. Fühlt sich nicht stark genug für die Opfer die ver
632 2219 2950 2533 langt werden. Zieht vor, sich der Wissenschaft zu
686 2453 3065 2764 Lotte. Habe nicht den Eindruck, dass es die grosse
638 2514 988 2668 widmen.
670 2703 2966 3078 2. Anna. Im Geheimen durch die Stadt. kurzes Ge
654 2802 1106 2931 Liebe ist
689 2959 2010 3238 spräch mit dem jungen Dokte.
654 2975 2982 3373 3. Anna Lotte. Anna versucht Stellung zu bekumen
670 3219 3225 3655 Alfred, noch gut gestimmt. Hat Heinrich begegnet. Mit
696 3286 1481 3517 4. Anna, Alfred
677 3553 1815 3806 ihm können wir beraten.
