3496 4184
619 703 1030 920 III. Akt.
634 890 2772 1072 Er soll Kapellmeister werden in einer kleinen
685 1093 986 1280 Stadt.
628 1224 1420 1364 Hugo erzählt es.
598 1289 2793 1533 Die Sache drängt; wenn ja, heiratet er sie und
652 1563 1325 1679 nimmt sie mit.
649 1676 2918 1822 Das junge Mädchen! Ich möchte sie kennen lernen.
661 1873 1816 2007 Wie soll ich das machen?
661 2049 1301 2188 Zu ihr gehen.
676 2153 2004 2343 Unter was für einem Vorwand?
670 2325 2144 2534 Der Arzt verkehrt hier im Haus.
679 2453 3037 2620 Auch Vertrauter des jungen Mädchens. Er fragt sie:
685 2593 3082 2784 Soll man eine heiraten, die schon einen Geliebten
655 2820 1194 2972 gehabt hat?
688 2921 2972 3141 Heute hat sie der Arzt gesehen, im Stadtpark ge-
658 3103 2272 3293 troffen. Sie ist sehr unglücklich.
