3560 4216
2492 347 2875 590 /10.00.
1274 537 1638 730 I. Akt.
445 603 2938 924 Bei Wennerts. Sehr einfach eingerichtetes Zimmer. Ge-
458 842 2764 1100 deckter Tisch, - Wennert und seine Frau am Tisch.
465 969 2957 1254 Wennert trinkt einen schwarzen Kaffee und raucht eine
465 1146 2911 1415 Zigarre. Er ist klein, verrunzelt, hat einen grauen,
478 1284 3082 1579 beinahe wirren Bart; Augen gerötet, verschlissener Haus-
445 1552 704 1736 rock.
491 1565 3072 1903 Frau W., etwas dick, verschlafene Augen, die sie manch-
501 1746 3137 2030 mal im Lauf des Gesprächs weit aufreisst, aber nicht auf
521 2073 763 2178 lang.
527 2030 2872 2306 Josef, der Sohn, lümmelt auf dem Divan und raucht.
534 2224 3115 2486 Aus dem Nebenzimmer, zu dem die Türe offensteht, klingt
544 2384 2342 2640 die Stimme Anna's, die ein Lied singt.
550 2548 2247 2807 Georg begleitet sie auf dem Klavier.
573 2623 3056 2961 Vater u. Mutter sehen sich an, Mutter macht ein bedenk
570 2921 1300 3128 liches Gesicht.
567 3069 1313 3282 W: Was ist es?
583 3180 2941 3435 Fr.W: :die beinah eingeschlafen: Was sagst du?
544 3396 1418 3612 W: Was singt###sie?
599 3432 2908 3717 Jos: Is ja wurscht. Is es denn wegen dem Singen?
