3416 4136
483 613 2932 827 Man bespricht die Bücher der Verwandten, der Berühm-
498 851 690 1006 ten.
483 923 2050 1164 Max: Man könnte Antisemit werden.
489 1081 2096 1362 Else und Heinrich über den Sommer.
498 1307 1133 1474 Wo ist Georg?
505 1446 1545 1641 Plötzlich ist er fort.
514 1598 1963 1768 Auf der Stiege Frau Oberberger.
523 1731 3006 1883 Georg hat ein Rendez-vous mit Anna. Wie öfters in den
523 1855 3013 2109 letzten Tagen; holt sie aber, von einer Klavierstunde
564 2062 1198 2248 in Mariahilf.
533 2198 1616 2375 Auf und ab vor dem Tor.
526 2347 1848 2554 Sie kommt; er ist glücklich.
536 2517 1393 2688 Sonderbare Pauson.
536 2660 1502 2858 Ueber seine Zukunft.
533 2805 1907 3025 Er will Kapellmeister werden.
536 2954 2232 3189 Sie hat: Sie haben keine lnitiative.
536 3127 1595 3288 Hast du schon geliebt?
542 3257 2753 3449 Morgen will ihm Heinrich seinen Stoff erzählen.
554 3428 1511 3607 Er erzählt von Else.
567 3576 2960 3768 Sie erzählen sich immer, was sie den Tag über getan
560 3787 867 3963 haben.
