<?xml version="1.0" encoding="UTF-8" standalone="yes"?>
<PcGts xmlns="http://schema.primaresearch.org/PAGE/gts/pagecontent/2013-07-15" xmlns:xsi="http://www.w3.org/2001/XMLSchema-instance" xsi:schemaLocation="http://schema.primaresearch.org/PAGE/gts/pagecontent/2013-07-15 http://schema.primaresearch.org/PAGE/gts/pagecontent/2013-07-15/pagecontent.xsd">
    <Metadata>
        <Creator>prov=READ-COOP:name=TrHtr:version=2.1.0:model_id=51170:date=30_07_2023_10:25</Creator>
        <Created>2023-05-10T13:59:46.011+02:00</Created>
        <LastChange>2023-07-30T10:25:51.028+02:00</LastChange>
        <TranskribusMetadata docId="1428600" pageId="55415719" pageNr="29" tsid="131494384" status="IN_PROGRESS" userId="64420" imgUrl="https://files.transkribus.eu/Get?id=TZCJXOMBNNANNOMXEQXFNOUA&amp;fileType=view" xmlUrl="https://files.transkribus.eu/Get?id=FUIUCKVOXYVPVYOMWFKZRRNF" imageId="44689826"/>
    </Metadata>
    <Page imageFilename="1428600_0029.jpg" imageWidth="3496" imageHeight="4280">
        <ReadingOrder>
            <OrderedGroup id="ro_1711789507227" caption="Regions reading order">
                <RegionRefIndexed index="0" regionRef="tr_1"/>
            </OrderedGroup>
        </ReadingOrder>
        <TextRegion id="tr_1" custom="readingOrder {index:0;}">
            <Coords points="489,705 3211,705 3211,3702 489,3702"/>
            <TextLine id="tr_1_tl_1" custom="readingOrder {index:0;}">
                <Coords points="2866,787 2888,790 2897,784 2904,790 2920,781 2936,790 2945,784 2971,790 2996,787 2999,650 2980,653 2958,641 2942,644 2929,634 2917,638 2904,628 2869,625"/>
                <Baseline points="2883,758 2916,755 2960,755 3005,755"/>
                <TextEquiv>
                    <Unicode>11</Unicode>
                </TextEquiv>
            </TextLine>
            <TextLine id="tr_1_tl_2" custom="readingOrder {index:1;}">
                <Coords points="555,1049 638,1039 669,1065 736,1068 816,1026 842,1049 867,1033 972,1052 1023,1010 1135,1014 1138,873 1071,902 1007,873 959,892 902,877 759,931 609,867 558,896"/>
                <Baseline points="573,987 608,984 653,984 698,981 743,981 787,978 832,978 877,975 922,975 967,972 1011,972 1056,972 1101,972 1146,970"/>
                <TextEquiv>
                    <Unicode>Dritter Akt.</Unicode>
                </TextEquiv>
            </TextLine>
            <TextLine id="tr_1_tl_3" custom="readingOrder {index:2;}">
                <Coords points="602,1167 730,1202 826,1163 1230,1167 1336,1138 1339,1058 1304,1068 1246,1030 1052,1061 1010,1030 842,1049 819,1026 704,1074 641,1042 606,1055"/>
                <Baseline points="620,1125 629,1128 674,1125 719,1125 764,1125 808,1122 853,1122 898,1119 943,1116 987,1116 1032,1113 1077,1113 1122,1113 1167,1110 1211,1110 1256,1107 1301,1107 1346,1110"/>
                <TextEquiv>
                    <Unicode>1- Alfred Anna.</Unicode>
                </TextEquiv>
            </TextLine>
            <TextLine id="tr_1_tl_4" custom="readingOrder {index:3;}">
                <Coords points="599,1348 698,1313 1026,1323 1090,1291 1151,1326 1211,1294 1336,1316 1438,1265 1514,1275 1520,1138 606,1189"/>
                <Baseline points="620,1268 626,1268 671,1265 716,1268 761,1268 805,1265 850,1262 895,1259 940,1256 984,1253 1029,1256 1074,1253 1119,1250 1164,1250 1208,1247 1253,1244 1298,1244 1343,1238 1387,1238 1432,1238 1477,1235 1522,1232"/>
                <TextEquiv>
                    <Unicode>Gut dass Du allein.</Unicode>
                </TextEquiv>
            </TextLine>
            <TextLine id="tr_1_tl_5" custom="readingOrder {index:4;}">
                <Coords points="612,1495 1568,1380 1785,1441 2155,1345 2882,1358 2885,1259 622,1339"/>
                <Baseline points="632,1414 653,1414 698,1411 743,1408 787,1408 832,1405 877,1402 922,1399 967,1396 1011,1393 1056,1393 1101,1390 1146,1390 1190,1390 1235,1390 1280,1384 1325,1381 1369,1381 1414,1378 1459,1375 1504,1372 1549,1369 1593,1369 1638,1366 1683,1366 1728,1363 1772,1361 1817,1358 1862,1355 1907,1355 1951,1352 1996,1349 2041,1346 2086,1346 2131,1343 2175,1340 2220,1340 2265,1340 2310,1337 2354,1334 2399,1331 2444,1331 2489,1328 2533,1322 2578,1319 2623,1316 2668,1313 2713,1313 2757,1313 2802,1313 2847,1313 2892,1319"/>
                <TextEquiv>
                    <Unicode>Ich bin sehr glücklich das Leben h t einen Sinn.</Unicode>
                </TextEquiv>
            </TextLine>
            <TextLine id="tr_1_tl_6" custom="readingOrder {index:5;}">
                <Coords points="612,1626 988,1613 1208,1536 1342,1581 1533,1517 2206,1530 2276,1511 2282,1438 2021,1396 618,1492"/>
                <Baseline points="632,1552 674,1555 719,1552 764,1549 808,1546 853,1543 898,1540 943,1537 987,1537 1032,1534 1077,1531 1122,1531 1167,1528 1211,1525 1256,1525 1301,1525 1346,1516 1390,1516 1435,1516 1480,1513 1525,1510 1569,1507 1614,1504 1659,1501 1704,1498 1749,1498 1793,1495 1838,1492 1883,1489 1928,1489 1972,1483 2017,1483 2062,1480 2107,1477 2151,1477 2196,1474 2241,1474 2286,1471"/>
                <TextEquiv>
                    <Unicode>Alles wird gut, wenn ich Geld habe.</Unicode>
                </TextEquiv>
            </TextLine>
            <TextLine id="tr_1_tl_7" custom="readingOrder {index:6;}">
                <Coords points="580,1718 2623,1626 2706,1610 2713,1511 586,1626"/>
                <Baseline points="602,1695 611,1692 656,1689 701,1689 746,1686 790,1683 835,1680 880,1677 925,1674 970,1671 1014,1668 1059,1668 1104,1668 1149,1662 1193,1662 1238,1659 1283,1659 1328,1656 1372,1653 1417,1650 1462,1647 1507,1644 1552,1644 1596,1641 1641,1638 1686,1638 1731,1632 1775,1629 1820,1626 1865,1623 1910,1623 1954,1620 1999,1617 2044,1617 2089,1614 2134,1608 2178,1608 2223,1605 2268,1602 2313,1596 2357,1596 2402,1590 2447,1590 2492,1587 2536,1587 2581,1584 2626,1578 2671,1578 2716,1578"/>
                <TextEquiv>
                    <Unicode>Ich kann mir Dich nicht als Ehemann vostellen</Unicode>
                </TextEquiv>
            </TextLine>
            <TextLine id="tr_1_tl_8" custom="readingOrder {index:7;}">
                <Coords points="628,1877 2834,1705 3031,1763 3038,1632 631,1772"/>
                <Baseline points="644,1835 671,1835 716,1832 761,1829 805,1826 850,1823 895,1817 940,1817 984,1814 1029,1811 1074,1808 1119,1805 1164,1802 1208,1802 1253,1799 1298,1796 1343,1793 1387,1793 1432,1787 1477,1787 1522,1781 1566,1781 1611,1778 1656,1775 1701,1772 1746,1769 1790,1766 1835,1763 1880,1760 1925,1757 1969,1754 2014,1754 2059,1751 2104,1749 2148,1749 2193,1746 2238,1743 2283,1740 2328,1737 2372,1734 2417,1731 2462,1725 2507,1722 2551,1719 2596,1719 2641,1716 2686,1713 2730,1710 2775,1710 2820,1704 2865,1701 2910,1701 2954,1698 2999,1695 3044,1698"/>
                <TextEquiv>
                    <Unicode>2. Lotte dazu. Nimmt Abschied, reist auf acht Tage</Unicode>
                </TextEquiv>
            </TextLine>
            <TextLine id="tr_1_tl_9" custom="readingOrder {index:8;}">
                <Coords points="596,1973 1514,2027 3089,1877 3098,1766 599,1900"/>
                <Baseline points="614,1975 638,1975 683,1972 728,1969 773,1966 817,1966 862,1960 907,1957 952,1954 996,1954 1041,1951 1086,1948 1131,1948 1175,1945 1220,1940 1265,1940 1310,1937 1355,1934 1399,1931 1444,1928 1489,1925 1534,1919 1578,1913 1623,1913 1668,1910 1713,1910 1757,1907 1802,1904 1847,1901 1892,1898 1937,1895 1981,1892 2026,1892 2071,1886 2116,1886 2160,1880 2205,1874 2250,1877 2295,1871 2339,1871 2384,1865 2429,1862 2474,1859 2519,1856 2563,1856 2608,1850 2653,1847 2698,1847 2742,1841 2787,1841 2832,1838 2877,1835 2921,1829 2966,1826 3011,1823 3056,1817 3101,1817"/>
                <TextEquiv>
                    <Unicode>fort. 3. Der Arzt au kurze Zeit. Unter uns, es wäre</Unicode>
                </TextEquiv>
            </TextLine>
            <TextLine id="tr_1_tl_10" custom="readingOrder {index:9;}">
                <Coords points="590,2148 2234,2091 2474,1995 3082,1989 3092,1877 1492,2034 599,1989"/>
                <Baseline points="611,2119 632,2119 677,2116 722,2116 767,2110 811,2107 856,2104 901,2101 946,2098 990,2095 1035,2092 1080,2089 1125,2086 1169,2083 1214,2080 1259,2077 1304,2074 1349,2074 1393,2068 1438,2065 1483,2065 1528,2059 1572,2056 1617,2056 1662,2053 1707,2050 1751,2047 1796,2044 1841,2041 1886,2038 1931,2035 1975,2032 2020,2026 2065,2026 2110,2023 2154,2017 2199,2014 2244,2011 2289,2008 2334,2005 2378,2002 2423,1999 2468,1996 2513,1993 2557,1987 2602,1984 2647,1981 2692,1981 2736,1975 2781,1969 2826,1966 2871,1963 2916,1960 2960,1957 3005,1954 3050,1951 3095,1954"/>
                <TextEquiv>
                    <Unicode>mir lieber gewesen, wenn Du Franz geheiratet hättest.</Unicode>
                </TextEquiv>
            </TextLine>
            <TextLine id="tr_1_tl_11" custom="readingOrder {index:10;}">
                <Coords points="647,2257 1763,2180 1897,2247 2678,2136 2802,2193 2869,2078 2470,1992 2244,2091 1498,2158 657,2136"/>
                <Baseline points="668,2250 680,2256 725,2253 770,2250 814,2247 859,2244 904,2241 949,2238 993,2235 1038,2232 1083,2232 1128,2229 1172,2226 1217,2220 1262,2217 1307,2214 1352,2208 1396,2208 1441,2205 1486,2199 1531,2196 1575,2193 1620,2190 1665,2187 1710,2181 1754,2181 1799,2178 1844,2175 1889,2172 1934,2172 1978,2169 2023,2166 2068,2160 2113,2157 2157,2154 2202,2151 2247,2148 2292,2145 2336,2140 2381,2140 2426,2134 2471,2131 2516,2131 2560,2125 2605,2122 2650,2116 2695,2116 2739,2110 2784,2110 2829,2110 2874,2110"/>
                <TextEquiv>
                    <Unicode>4. Kadett erzählt fidel von seinen Liedschaften.</Unicode>
                </TextEquiv>
            </TextLine>
            <TextLine id="tr_1_tl_12" custom="readingOrder {index:11;}">
                <Coords points="609,2448 1068,2375 1702,2419 1833,2333 2706,2254 2907,2320 2942,2168 842,2349 622,2250"/>
                <Baseline points="629,2402 656,2399 701,2396 746,2393 790,2390 835,2387 880,2384 925,2381 970,2378 1014,2375 1059,2372 1104,2366 1149,2363 1193,2360 1238,2357 1283,2354 1328,2351 1372,2348 1417,2345 1462,2342 1507,2339 1552,2336 1596,2334 1641,2331 1686,2325 1731,2322 1775,2316 1820,2316 1865,2313 1910,2310 1954,2307 1999,2304 2044,2301 2089,2298 2134,2295 2178,2289 2223,2289 2268,2286 2313,2283 2357,2280 2402,2274 2447,2271 2492,2268 2536,2265 2581,2262 2626,2259 2671,2256 2716,2253 2760,2247 2805,2244 2850,2241 2895,2238 2939,2235"/>
                <TextEquiv>
                    <Unicode>Lebt sich ins Nebenzimmer schlafen. Schreibt Pump</Unicode>
                </TextEquiv>
            </TextLine>
            <TextLine id="tr_1_tl_13" custom="readingOrder {index:12;}">
                <Coords points="628,2560 762,2531 781,2553 921,2556 1202,2505 1250,2534 1316,2528 1323,2435 1125,2454 1100,2432 1020,2474 988,2451 937,2477 880,2451 768,2509 727,2477 631,2477"/>
                <Baseline points="647,2539 656,2539 701,2536 746,2533 790,2530 835,2528 880,2525 925,2522 970,2519 1014,2516 1059,2516 1104,2510 1149,2507 1193,2504 1238,2501 1283,2498 1328,2492"/>
                <TextEquiv>
                    <Unicode>br ef an Josef.</Unicode>
                </TextEquiv>
            </TextLine>
            <TextLine id="tr_1_tl_14" custom="readingOrder {index:13;}">
                <Coords points="679,2687 1661,2684 3089,2464 1195,2614 688,2550"/>
                <Baseline points="698,2680 716,2680 761,2680 805,2677 850,2671 895,2668 940,2662 984,2662 1029,2659 1074,2656 1119,2653 1164,2650 1208,2644 1253,2644 1298,2638 1343,2635 1387,2629 1432,2626 1477,2623 1522,2623 1566,2620 1611,2620 1656,2617 1701,2611 1746,2608 1790,2605 1835,2599 1880,2596 1925,2593 1969,2587 2014,2581 2059,2578 2104,2575 2148,2575 2193,2572 2238,2572 2283,2569 2328,2566 2372,2563 2417,2557 2462,2554 2507,2548 2551,2545 2596,2542 2641,2539 2686,2539 2730,2533 2775,2530 2820,2525 2865,2522 2910,2516 2954,2513 2999,2510 3044,2507 3089,2510"/>
                <TextEquiv>
                    <Unicode>5. Frau G. zu Frau R. Ich versteh ja alles, aber Du</Unicode>
                </TextEquiv>
            </TextLine>
            <TextLine id="tr_1_tl_15" custom="readingOrder {index:14;}">
                <Coords points="692,2830 2285,2830 2601,2674 3200,2652 3213,2493 2381,2655 704,2700"/>
                <Baseline points="713,2820 749,2820 793,2814 838,2814 883,2811 928,2808 972,2802 1017,2799 1062,2796 1107,2793 1152,2790 1196,2790 1241,2787 1286,2784 1331,2778 1375,2775 1420,2772 1465,2769 1510,2763 1555,2760 1599,2754 1644,2751 1689,2748 1734,2745 1778,2742 1823,2739 1868,2733 1913,2727 1957,2724 2002,2722 2047,2719 2092,2716 2137,2716 2181,2713 2226,2710 2271,2704 2316,2701 2360,2698 2405,2695 2450,2689 2495,2683 2539,2680 2584,2677 2629,2674 2674,2671 2719,2668 2763,2665 2808,2659 2853,2653 2898,2650 2942,2644 2987,2644 3032,2638 3077,2635 3121,2632 3166,2629 3211,2626"/>
                <TextEquiv>
                    <Unicode>siehst ein, ich kann meih Kind nicht mit Deiner Tocher</Unicode>
                </TextEquiv>
            </TextLine>
            <TextLine id="tr_1_tl_16" custom="readingOrder {index:15;}">
                <Coords points="647,2971 892,2984 1272,2926 1374,2984 1441,2984 1466,2977 1476,2869 1179,2859 931,2904 845,2837 775,2827 653,2885"/>
                <Baseline points="668,2969 671,2969 716,2966 761,2963 805,2960 850,2957 895,2954 940,2951 984,2945 1029,2942 1074,2939 1119,2939 1164,2933 1208,2927 1253,2927 1298,2921 1343,2918 1387,2916 1432,2913 1477,2916"/>
                <TextEquiv>
                    <Unicode>verkehren lassen.</Unicode>
                </TextEquiv>
            </TextLine>
            <TextLine id="tr_1_tl_17" custom="readingOrder {index:16;}">
                <Coords points="704,3114 2148,3089 2161,2936 1036,3044 717,2977"/>
                <Baseline points="722,3110 734,3110 778,3107 823,3104 868,3107 913,3101 958,3098 1002,3098 1047,3095 1092,3089 1137,3083 1181,3080 1226,3074 1271,3071 1316,3065 1361,3062 1405,3062 1450,3056 1495,3056 1540,3050 1584,3047 1629,3041 1674,3035 1719,3032 1763,3029 1808,3026 1853,3020 1898,3017 1943,3011 1987,3008 2032,3005 2077,3002 2122,3002 2166,3002"/>
                <TextEquiv>
                    <Unicode>Frau R. Ich will Beweise haben,</Unicode>
                </TextEquiv>
            </TextLine>
            <TextLine id="tr_1_tl_18" custom="readingOrder {index:17;}">
                <Coords points="692,3264 3034,3108 3108,2964 1026,3191 704,3117"/>
                <Baseline points="713,3259 737,3253 781,3253 826,3250 871,3247 916,3244 961,3238 1005,3235 1050,3229 1095,3226 1140,3223 1184,3217 1229,3217 1274,3214 1319,3211 1363,3202 1408,3199 1453,3196 1498,3193 1543,3190 1587,3184 1632,3181 1677,3178 1722,3175 1766,3172 1811,3169 1856,3163 1901,3157 1945,3154 1990,3148 2035,3145 2080,3142 2125,3139 2169,3136 2214,3133 2259,3127 2304,3124 2348,3121 2393,3115 2438,3110 2483,3107 2528,3101 2572,3098 2617,3095 2662,3092 2707,3089 2751,3086 2796,3083 2841,3077 2886,3074 2930,3071 2975,3059 3020,3056 3065,3053 3110,3047"/>
                <TextEquiv>
                    <Unicode>Es ist nicht möglich. Sie ist so gut aufgelegt. So</Unicode>
                </TextEquiv>
            </TextLine>
            <TextLine id="tr_1_tl_19" custom="readingOrder {index:18;}">
                <Coords points="2623,3290 2642,3290 2658,3305 2687,3296 2700,3305 2732,3290 2748,3296 2786,3277 2818,3299 2834,3299 2843,3226 2783,3210 2754,3184 2732,3197 2719,3188 2687,3194 2639,3165"/>
                <Baseline points="2641,3289 2665,3286 2710,3283 2754,3274 2799,3271 2844,3262"/>
                <TextEquiv>
                    <Unicode>been</Unicode>
                </TextEquiv>
            </TextLine>
            <TextLine id="tr_1_tl_20" custom="readingOrder {index:19;}">
                <Coords points="676,3423 870,3439 1291,3356 1415,3398 1533,3337 1677,3353 1686,3261 1581,3232 1517,3267 1476,3219 1371,3216 1230,3293 979,3321 905,3293 682,3350"/>
                <Baseline points="695,3402 704,3399 749,3399 793,3396 838,3393 883,3390 928,3384 972,3381 1017,3375 1062,3372 1107,3366 1152,3360 1196,3357 1241,3357 1286,3351 1331,3348 1375,3342 1420,3339 1465,3336 1510,3333 1555,3327 1599,3321 1644,3318 1689,3321"/>
                <TextEquiv>
                    <Unicode>ein Kind hat ja Reue.</Unicode>
                </TextEquiv>
            </TextLine>
            <TextLine id="tr_1_tl_21" custom="readingOrder {index:20;}">
                <Coords points="469,3596 2534,3484 2716,3366 3031,3369 3041,3274 2448,3248 1865,3376 1288,3356 998,3468 481,3449"/>
                <Baseline points="489,3575 531,3575 576,3566 620,3557 665,3554 710,3551 755,3548 799,3542 844,3536 889,3530 934,3527 978,3521 1023,3518 1068,3512 1113,3509 1158,3506 1202,3501 1247,3495 1292,3495 1337,3489 1381,3486 1426,3483 1471,3477 1516,3471 1560,3468 1605,3462 1650,3459 1695,3456 1740,3453 1784,3447 1829,3444 1874,3441 1919,3438 1963,3432 2008,3426 2053,3423 2098,3423 2142,3420 2187,3414 2232,3411 2277,3408 2322,3399 2366,3396 2411,3393 2456,3387 2501,3381 2545,3375 2590,3369 2635,3366 2680,3363 2724,3360 2769,3357 2814,3351 2859,3345 2904,3342 2948,3339 2993,3333 3038,3330"/>
                <TextEquiv>
                    <Unicode>(Z.R.) Liebesheiraten auch keinen Sinn, ich die den Mann</Unicode>
                </TextEquiv>
            </TextLine>
            <TextLine id="tr_1_tl_22" custom="readingOrder {index:21;}">
                <Coords points="679,3768 924,3774 1744,3592 1999,3780 2123,3800 2171,3519 1922,3481 692,3624"/>
                <Baseline points="704,3692 740,3689 784,3689 829,3683 874,3677 919,3674 964,3671 1008,3668 1053,3659 1098,3656 1143,3653 1187,3650 1232,3644 1277,3641 1322,3635 1366,3632 1411,3629 1456,3623 1501,3620 1546,3614 1590,3608 1635,3602 1680,3602 1725,3596 1769,3590 1814,3587 1859,3584 1904,3578 1948,3575 1993,3572 2038,3566 2083,3563 2128,3560 2172,3563"/>
                <TextEquiv>
                    <Unicode>liebte, habe ihn doch betroven.</Unicode>
                </TextEquiv>
            </TextLine>
        </TextRegion>
    </Page>
</PcGts>
