3480 4200
2653 542 2827 744 95.
604 783 1522 946 Zu den Entrüsteten.
663 887 2836 1098 Sie hat eine fidele Freundin, Bruder, der sich
668 1044 2892 1238 Geld von ihr ausleiht. Sie ist Gesangslehrerin.
736 1216 2847 1451 Die Mutter, die Angst hat, dass ihr Sohn das
685 1409 2942 1539 arme Mädel heiraten könnte; dann verlobt er sich
713 1544 2892 1718 mit einer, die auf 3000 Gulden versichert ist.
719 1704 2914 1937 Zeitungen entrüstet über ein verführtes junges
679 1926 994 2019 Mädel.
679 2019 2631 2252 Der bengalische Kohn mit der Gouvernante.
699 2195 2021 2395 Der junge Mann verlässt sie.
702 2364 1926 2524 Wie wir es vorausgesagt...
699 2501 2465 2729 Der Fehltritt soll verborgen bleiben.
