3480 4200
731 637 1893 886 Heinrich, Georg, Anna,
608 828 1309 1042 Also, was tun?
610 974 2838 1186 Heinrich: Ich kann Sie unterbringen, als Musik-
569 1151 1118 1362 kritikerin.
610 1286 2956 1526 Georg: Aber ich soll nach Karlsruhe als Dirigent.
610 1423 2964 1620 Wir könnten uns hier öffentlich verloben und dann
672 1617 1855 1834 Anna: zum Essen gerufen.
637 1796 1450 1969 7. Heinr. Georg.
622 1922 2920 2125 H: Sie sind im Begriff, sehr unmoralisch zu han-
687 2066 2859 2286 deln. Sie wollen ein Mädchen heiraten, das Sie
593 2204 2800 2465 nicht mehr lieben und das Sie nicht sehr liebt.
657 2436 1288 2600 Gg: Gewissen.
646 2553 2225 2771 H: Fangen Sie nun auch damit an?
655 2730 1400 2894 Ueber die Oper.
619 2873 1538 3079 Ueber das Judentum.
663 3035 1641 3231 Gehen wir spazieren.
599 3184 2104 3378 8. Der alte Dr. Breuner kommt.
675 3317 2941 3551 Br: Ich komme als Abgesandter der Mutter. Es ist
634 3504 1506 3695 besser, Sie gehen.
643 3680 1509 3933 9. Breuner, Anna,
