3528 4264
502 791 3102 1011 Heinrich. Sie haben etwas sehr unmoralisches begangen.-
515 1002 1721 1186 Wie können Sie das sagen?
567 1037 2894 1290 Sie haben eine Frau in Verhältnisse hineingeseztt
525 1170 3034 1459 für die sie nicht taugt, ohne ihr etwas anderes dafür
538 1371 2846 1591 bieten zu können. Sie lieben sie nämlich nicht.
580 1494 2911 1734 Auch ist sie gar nicht die geborene Geliebte, sie
545 1731 1608 1903 ist die geborene Frau.
557 1766 2269 2048 Ich fühle das und will sie heiraten.
603 1886 3118 2172 Sie ist auch nicht Ihre Frau, Sie ist die Frau irgend
577 2065 2191 2308 eines braven anständigen Menschen.
635 2259 1773 2473 Bin ich nicht anständig?
632 2434 1452 2616 Eigentli h nicht.
596 2444 3005 2736 Wenn ich die Kapellmeisterstelle in Triest bekomme,
616 2677 2084 2875 so werde ich si doch heiraten.
616 2732 2330 3011 Hofffentlich bekommen Sie sie nicht.
626 2846 3001 3167 Also soll ich sie verlassen und unglücklich machen
635 2930 3144 3303 Ich glaube, Sie machen sie gerade so uglücklich, wenn
694 3244 1517 3465 Sie sie behalten.
700 3248 2726 3588 5. Alfred. Anna. Beide sehr trüb gestimmt.
668 3562 1141 3770 Also was?
