3528 4280
602 818 1192 1044 Zweiter Akt.
606 979 1391 1195 Im Hause pendig.
619 1015 2668 1290 1. Der alte B. im Reiseanzug xxx Abschied.
622 1156 3176 1440 Na jetzt werdet ihr eure Künstler wieder haben können.
635 1431 1509 1611 2. Josef und Frau.
658 1516 1794 1738 Gespräch über Familie R.
648 1591 3153 1846 Deine Schwester hat einen armen Schlucker geheiratet,
632 1670 3270 1997 Josef hat ein Familien journal gegründet. Töchter müssen
642 1859 2809 2141 es lesen können. Er will Abgeordneter werden.
697 2092 3110 2442 Heuer mus sich das Leben erklären. Wer? Alfred der
648 2095 1699 2305 3. Mutter und TochteM.
684 2220 3084 2567 beste. Ach Gott ich möchte einen, der Heinrich und
733 2364 3189 2730 Alfred zusammen ist. Die Männer habens gut., Kind Du
743 2612 2170 2901 machst mir Sorgen. Prüfe Dich.
756 2612 3081 3035 4. Heinrich. Mutter telefoniert.Heinrich versucht
733 2740 3090 3166 wieder anzuknüpfen. Alles vergessen. Das in Ischl
796 2897 3202 3274 ein Rausch. Ich liebe Sie nicht. Und bin nicht an
815 3136 3244 3542 5. Alfred. Nur auf ein paar Minuten. Was haben Sie
750 3238 1378 3467 Sie gebunden.
782 3375 2540 3690 schon wieder zu tun? Immer in fanden.
858 3411 3306 3847 6. Doktor Singer. Alfred wird ihm vorgestellt. Selt
818 3532 3395 3935 sam gerade ihn. Doktor Siffer gibt ein sozialistischen
