<?xml version="1.0" encoding="UTF-8" standalone="yes"?>
<PcGts xmlns="http://schema.primaresearch.org/PAGE/gts/pagecontent/2013-07-15" xmlns:xsi="http://www.w3.org/2001/XMLSchema-instance" xsi:schemaLocation="http://schema.primaresearch.org/PAGE/gts/pagecontent/2013-07-15 http://schema.primaresearch.org/PAGE/gts/pagecontent/2013-07-15/pagecontent.xsd">
    <Metadata>
        <Creator>prov=READ-COOP:name=TrHtr:version=2.1.0:model_id=51170:date=30_07_2023_10:26</Creator>
        <Created>2023-05-10T13:59:52.960+02:00</Created>
        <LastChange>2023-07-30T10:26:01.459+02:00</LastChange>
        <TranskribusMetadata docId="1428600" pageId="55415942" pageNr="67" tsid="131494441" status="IN_PROGRESS" userId="64420" imgUrl="https://files.transkribus.eu/Get?id=CVVEIXKGKZGMSTULTGGDVZJA&amp;fileType=view" xmlUrl="https://files.transkribus.eu/Get?id=ZHNKRKFQCLGSDRPPSPXOSBLJ" imageId="44690049"/>
    </Metadata>
    <Page imageFilename="1428600_0067.jpg" imageWidth="3416" imageHeight="4168">
        <ReadingOrder>
            <OrderedGroup id="ro_1711789543930" caption="Regions reading order">
                <RegionRefIndexed index="0" regionRef="tr_1"/>
                <RegionRefIndexed index="1" regionRef="tr_2"/>
            </OrderedGroup>
        </ReadingOrder>
        <TextRegion id="tr_1" custom="readingOrder {index:0;}">
            <Coords points="558,699 3176,699 3176,2288 558,2288"/>
            <TextLine id="tr_1_tl_1" custom="readingOrder {index:0;}">
                <Coords points="559,828 1731,757 2617,822 2621,659 562,669"/>
                <Baseline points="576,770 609,770 653,770 698,770 743,773 788,773 833,773 877,770 922,767 967,767 1012,767 1056,767 1101,767 1146,767 1191,767 1236,764 1280,764 1325,764 1370,761 1415,761 1459,761 1504,761 1549,761 1594,761 1639,758 1683,761 1728,758 1773,758 1818,758 1863,755 1907,755 1952,755 1997,755 2042,755 2086,755 2131,755 2176,752 2221,752 2266,752 2310,752 2355,749 2400,749 2445,749 2490,749 2534,749 2579,752 2624,755"/>
                <TextEquiv>
                    <Unicode>Georg kommt. Er verkehrt viel bei Rennerts.</Unicode>
                </TextEquiv>
            </TextLine>
            <TextLine id="tr_1_tl_2" custom="readingOrder {index:1;}">
                <Coords points="542,968 2231,939 2257,786 546,831"/>
                <Baseline points="561,925 606,922 650,922 695,922 740,922 785,925 830,925 874,925 919,922 964,922 1009,922 1053,922 1098,922 1143,919 1188,919 1233,916 1277,916 1322,916 1367,916 1412,916 1457,916 1501,913 1546,916 1591,913 1636,910 1680,910 1725,910 1770,907 1815,907 1860,907 1904,907 1949,904 1994,907 2039,904 2084,904 2128,904 2173,904 2218,910 2263,910"/>
                <TextEquiv>
                    <Unicode>Eise protegiert Heinrich bei Hendix.</Unicode>
                </TextEquiv>
            </TextLine>
            <TextLine id="tr_1_tl_3" custom="readingOrder {index:2;}">
                <Coords points="536,1120 2354,1068 2354,990 2212,961 539,977"/>
                <Baseline points="558,1071 567,1071 612,1071 656,1071 701,1071 746,1071 791,1068 835,1068 880,1068 925,1068 970,1068 1015,1068 1059,1068 1104,1068 1149,1068 1194,1068 1239,1065 1283,1065 1328,1065 1373,1065 1418,1062 1462,1065 1507,1065 1552,1062 1597,1059 1642,1059 1686,1056 1731,1056 1776,1056 1821,1056 1866,1053 1910,1053 1955,1053 2000,1053 2045,1053 2089,1053 2134,1053 2179,1050 2224,1053 2269,1050 2313,1053 2358,1056"/>
                <TextEquiv>
                    <Unicode>Max: Mann begreift den Antisemitismus.</Unicode>
                </TextEquiv>
            </TextLine>
            <TextLine id="tr_1_tl_4" custom="readingOrder {index:3;}">
                <Coords points="2390,1176 2410,1172 2413,1176 2465,1146 2475,1146 2481,1153 2501,1153 2507,1049 2484,1049 2471,1042 2442,1068 2416,1039 2397,1039"/>
                <Baseline points="2409,1146 2421,1146 2466,1143 2510,1140"/>
                <TextEquiv>
                    <Unicode>G.H.F.P.</Unicode>
                </TextEquiv>
            </TextLine>
            <TextLine id="tr_1_tl_5" custom="readingOrder {index:4;}">
                <Coords points="546,1234 760,1315 1124,1228 1744,1302 2108,1224 3079,1254 3079,1120 2410,1176 2254,1059 546,1133"/>
                <Baseline points="564,1227 579,1230 624,1227 668,1224 713,1224 758,1227 803,1227 847,1227 892,1224 937,1224 982,1227 1027,1224 1071,1224 1116,1224 1161,1224 1206,1224 1250,1224 1295,1224 1340,1224 1385,1224 1430,1221 1474,1221 1519,1221 1564,1218 1609,1218 1654,1218 1698,1218 1743,1218 1788,1215 1833,1215 1877,1215 1922,1215 1967,1215 2012,1212 2057,1212 2101,1212 2146,1212 2191,1212 2236,1212 2281,1209 2325,1212 2370,1212 2415,1212 2460,1209 2504,1206 2549,1206 2594,1209 2639,1209 2684,1206 2728,1203 2773,1203 2818,1203 2863,1206 2908,1203 2952,1203 2997,1200 3042,1200 3087,1200"/>
                <TextEquiv>
                    <Unicode>Alzibtades kommt. Er hat ein Verhältnis mit einer Erz-</Unicode>
                </TextEquiv>
            </TextLine>
            <TextLine id="tr_1_tl_6" custom="readingOrder {index:5;}">
                <Coords points="555,1409 737,1387 922,1432 1150,1445 1257,1403 1331,1429 1335,1263 1163,1273 1049,1318 952,1273 828,1312 559,1296"/>
                <Baseline points="573,1385 576,1382 621,1382 665,1382 710,1382 755,1382 800,1382 844,1382 889,1382 934,1382 979,1382 1024,1382 1068,1382 1113,1379 1158,1379 1203,1379 1248,1376 1292,1379 1337,1382"/>
                <TextEquiv>
                    <Unicode>herzogin gehabt.</Unicode>
                </TextEquiv>
            </TextLine>
            <TextLine id="tr_1_tl_7" custom="readingOrder {index:6;}">
                <Coords points="546,1569 1711,1526 2608,1598 2712,1578 2712,1419 546,1442"/>
                <Baseline points="564,1531 570,1534 615,1531 659,1531 704,1531 749,1531 794,1528 838,1528 883,1528 928,1528 973,1528 1018,1525 1062,1525 1107,1525 1152,1525 1197,1522 1242,1522 1286,1522 1331,1522 1376,1522 1421,1522 1465,1522 1510,1522 1555,1522 1600,1522 1645,1522 1689,1522 1734,1522 1779,1519 1824,1519 1869,1519 1913,1516 1958,1519 2003,1516 2048,1516 2092,1513 2137,1513 2182,1513 2227,1513 2272,1513 2316,1513 2361,1510 2406,1510 2451,1510 2496,1510 2540,1507 2585,1507 2630,1507 2675,1510 2719,1513"/>
                <TextEquiv>
                    <Unicode>Hat mit dem verstorbenen Kronprinzen verkehrt.</Unicode>
                </TextEquiv>
            </TextLine>
            <TextLine id="tr_1_tl_8" custom="readingOrder {index:7;}">
                <Coords points="549,1734 2270,1679 2481,1773 2627,1757 2630,1591 549,1595"/>
                <Baseline points="567,1689 579,1689 624,1686 668,1686 713,1686 758,1686 803,1686 847,1686 892,1683 937,1683 982,1683 1027,1683 1071,1683 1116,1683 1161,1683 1206,1680 1250,1680 1295,1680 1340,1680 1385,1680 1430,1677 1474,1677 1519,1677 1564,1677 1609,1677 1654,1680 1698,1677 1743,1677 1788,1677 1833,1674 1877,1674 1922,1674 1967,1674 2012,1671 2057,1671 2101,1671 2146,1671 2191,1671 2236,1668 2281,1668 2325,1668 2370,1668 2415,1668 2460,1668 2504,1668 2549,1668 2594,1668 2639,1674"/>
                <TextEquiv>
                    <Unicode>Frau Oberberger kommt. Spricht mit Heinrich.</Unicode>
                </TextEquiv>
            </TextLine>
            <TextLine id="tr_1_tl_9" custom="readingOrder {index:8;}">
                <Coords points="559,1887 2864,1845 2958,1913 3163,1890 3166,1760 2462,1783 2186,1679 1387,1689 1127,1783 562,1731"/>
                <Baseline points="579,1848 624,1845 668,1845 713,1845 758,1842 803,1842 847,1842 892,1842 937,1842 982,1842 1027,1842 1071,1842 1116,1839 1161,1839 1206,1839 1250,1836 1295,1836 1340,1836 1385,1836 1430,1836 1474,1836 1519,1833 1564,1833 1609,1833 1654,1833 1698,1833 1743,1833 1788,1830 1833,1830 1877,1830 1922,1830 1967,1833 2012,1833 2057,1830 2101,1830 2146,1830 2191,1830 2236,1830 2281,1830 2325,1827 2370,1827 2415,1827 2460,1830 2504,1827 2549,1824 2594,1824 2639,1824 2684,1824 2728,1827 2773,1824 2818,1824 2863,1821 2908,1824 2952,1824 2997,1821 3042,1821 3087,1818 3131,1821 3176,1824"/>
                <TextEquiv>
                    <Unicode>Oskar kommt, hat sich mit Datsy verlobt, bringt sie her.</Unicode>
                </TextEquiv>
            </TextLine>
            <TextLine id="tr_1_tl_10" custom="readingOrder {index:9;}">
                <Coords points="565,2013 1591,1994 1936,2114 2530,2108 2744,2007 3127,2056 3131,1887 971,1945 568,1871"/>
                <Baseline points="582,2000 624,2000 668,1997 713,1997 758,2000 803,2000 847,2000 892,1997 937,2000 982,2000 1027,1997 1071,1997 1116,1994 1161,1991 1206,1994 1250,1991 1295,1991 1340,1991 1385,1991 1430,1991 1474,1988 1519,1991 1564,1991 1609,1991 1654,1988 1698,1988 1743,1988 1788,1988 1833,1985 1877,1985 1922,1985 1967,1985 2012,1982 2057,1982 2101,1982 2146,1982 2191,1982 2236,1985 2281,1985 2325,1985 2370,1982 2415,1982 2460,1982 2504,1979 2549,1979 2594,1979 2639,1979 2684,1979 2728,1979 2773,1979 2818,1979 2863,1979 2908,1979 2952,1979 2997,1979 3042,1979 3087,1979 3131,1982"/>
                <TextEquiv>
                    <Unicode>Georg begleitet Eise. Ich hab Sie eigentlich sehr gern;</Unicode>
                </TextEquiv>
            </TextLine>
            <TextLine id="tr_1_tl_11" custom="readingOrder {index:10;}">
                <Coords points="565,2192 766,2156 1003,2199 1098,2153 1231,2205 1562,2163 1565,2007 1383,2046 1185,1997 1036,2059 750,2062 568,2013"/>
                <Baseline points="582,2158 585,2155 629,2155 674,2155 719,2155 764,2155 809,2155 853,2155 898,2152 943,2152 988,2152 1033,2152 1077,2152 1122,2152 1167,2149 1212,2149 1256,2149 1301,2152 1346,2152 1391,2155 1436,2152 1480,2149 1525,2149 1570,2155"/>
                <TextEquiv>
                    <Unicode>man muss Sie nötigen.</Unicode>
                </TextEquiv>
            </TextLine>
            <TextLine id="tr_1_tl_12" custom="readingOrder {index:11;}">
                <Coords points="2322,2254 2358,2257 2364,2251 2377,2257 2390,2247 2416,2260 2449,2238 2468,2241 2475,2156 2455,2160 2436,2150 2400,2163 2390,2150 2361,2156 2348,2143 2332,2143"/>
                <Baseline points="2343,2218 2346,2218 2391,2215 2436,2209 2481,2209"/>
                <TextEquiv>
                    <Unicode>G.H.F.P.</Unicode>
                </TextEquiv>
            </TextLine>
            <TextLine id="tr_1_tl_13" custom="readingOrder {index:12;}">
                <Coords points="2013,2270 2052,2260 2065,2273 2117,2289 2143,2276 2153,2283 2218,2247 2238,2247 2241,2117 2199,2124 2163,2143 2130,2137 2059,2156 2017,2153"/>
                <Baseline points="2030,2221 2066,2218 2110,2218 2155,2218 2200,2218 2245,2215"/>
                <TextEquiv>
                    <Unicode>G.H.F.P.</Unicode>
                </TextEquiv>
            </TextLine>
            <TextLine id="tr_1_tl_14" custom="readingOrder {index:13;}">
                <Coords points="591,2299 620,2299 633,2286 650,2286 659,2296 662,2289 666,2293 682,2280 701,2283 695,2212 679,2212 672,2205 659,2205 650,2215 643,2208 620,2212 604,2195 585,2195"/>
                <Baseline points="606,2272 650,2272 695,2278 707,2275"/>
                <TextEquiv>
                    <Unicode>G.F.P.</Unicode>
                </TextEquiv>
            </TextLine>
        </TextRegion>
        <TextRegion id="tr_2" custom="readingOrder {index:1;}">
            <Coords points="564,2383 3167,2383 3167,3539 564,3539"/>
            <TextLine id="tr_2_tl_1" custom="readingOrder {index:0;}">
                <Coords points="565,2501 2160,2445 2276,2546 3137,2533 3160,2338 565,2384"/>
                <Baseline points="582,2466 615,2463 659,2460 704,2460 749,2463 794,2463 838,2466 883,2463 928,2460 973,2460 1018,2460 1062,2460 1107,2460 1152,2457 1197,2457 1242,2457 1286,2457 1331,2457 1376,2454 1421,2454 1465,2454 1510,2454 1555,2451 1600,2451 1645,2451 1689,2451 1734,2448 1779,2448 1824,2448 1869,2448 1913,2451 1958,2448 2003,2448 2048,2448 2092,2445 2137,2445 2182,2445 2227,2445 2272,2445 2316,2448 2361,2445 2406,2445 2451,2445 2496,2445 2540,2445 2585,2448 2630,2445 2675,2445 2719,2445 2764,2445 2809,2445 2854,2445 2899,2445 2943,2445 2988,2442 3033,2442 3078,2439 3123,2436 3167,2433"/>
                <TextEquiv>
                    <Unicode>Georg geht fort. Er hat ein Rendez vous mit Anna, die e</Unicode>
                </TextEquiv>
            </TextLine>
            <TextLine id="tr_2_tl_2" custom="readingOrder {index:1;}">
                <Coords points="565,2653 3118,2650 3062,2510 2799,2575 1984,2546 1848,2458 565,2501"/>
                <Baseline points="582,2615 618,2615 662,2612 707,2612 752,2612 797,2612 841,2612 886,2612 931,2609 976,2612 1021,2609 1065,2612 1110,2612 1155,2609 1200,2609 1245,2609 1289,2609 1334,2609 1379,2612 1424,2609 1468,2606 1513,2606 1558,2606 1603,2606 1648,2606 1692,2606 1737,2606 1782,2606 1827,2606 1872,2603 1916,2603 1961,2603 2006,2603 2051,2603 2095,2600 2140,2600 2185,2603 2230,2603 2275,2600 2319,2600 2364,2600 2409,2600 2454,2600 2499,2600 2543,2600 2588,2600 2633,2600 2678,2597 2722,2600 2767,2600 2812,2603 2857,2600 2902,2600 2946,2603 2991,2600 3036,2597 3081,2597 3126,2594"/>
                <TextEquiv>
                    <Unicode>wett draussen auf der Martahiljerstrasse abholt, xxx</Unicode>
                </TextEquiv>
            </TextLine>
            <TextLine id="tr_2_tl_3" custom="readingOrder {index:2;}">
                <Coords points="575,2777 1020,2825 1315,2767 2475,2773 2475,2686 1783,2634 1419,2705 575,2682"/>
                <Baseline points="594,2767 603,2764 647,2764 692,2764 737,2764 782,2764 827,2764 871,2764 916,2764 961,2767 1006,2767 1050,2764 1095,2764 1140,2761 1185,2761 1230,2761 1274,2761 1319,2764 1364,2764 1409,2761 1454,2761 1498,2761 1543,2761 1588,2761 1633,2758 1677,2758 1722,2758 1767,2758 1812,2755 1857,2755 1901,2755 1946,2755 1991,2755 2036,2755 2081,2755 2125,2755 2170,2752 2215,2752 2260,2755 2304,2752 2349,2752 2394,2752 2439,2752 2484,2755"/>
                <TextEquiv>
                    <Unicode>eine Singlektion gibt. Er liebt sie sehr.</Unicode>
                </TextEquiv>
            </TextLine>
            <TextLine id="tr_2_tl_4" custom="readingOrder {index:3;}">
                <Coords points="555,2920 1111,2916 1254,2975 1841,2929 1841,2764 1747,2806 1507,2780 1429,2819 1299,2773 955,2829 854,2783 555,2848"/>
                <Baseline points="573,2917 594,2914 638,2914 683,2917 728,2914 773,2914 818,2914 862,2911 907,2911 952,2911 997,2911 1042,2911 1086,2911 1131,2911 1176,2911 1221,2908 1265,2908 1310,2908 1355,2911 1400,2911 1445,2911 1489,2908 1534,2908 1579,2908 1624,2908 1668,2908 1713,2905 1758,2905 1803,2905 1848,2911"/>
                <TextEquiv>
                    <Unicode>Sie haben keine lnttative.</Unicode>
                </TextEquiv>
            </TextLine>
            <TextLine id="tr_2_tl_5" custom="readingOrder {index:4;}">
                <Coords points="549,3131 2803,3069 2803,2845 549,2984"/>
                <Baseline points="567,3075 573,3075 618,3072 662,3072 707,3069 752,3069 797,3066 841,3066 886,3066 931,3066 976,3066 1021,3066 1065,3066 1110,3066 1155,3066 1200,3066 1245,3066 1289,3063 1334,3066 1379,3066 1424,3066 1468,3066 1513,3066 1558,3066 1603,3066 1648,3063 1692,3063 1737,3063 1782,3063 1827,3063 1872,3060 1916,3060 1961,3057 2006,3057 2051,3057 2095,3057 2140,3057 2185,3060 2230,3057 2275,3057 2319,3057 2364,3057 2409,3057 2454,3057 2499,3060 2543,3057 2588,3057 2633,3057 2678,3057 2722,3057 2767,3060 2812,3066"/>
                <TextEquiv>
                    <Unicode>Sie nehmen einen Wagen und fahren in den Prater.</Unicode>
                </TextEquiv>
            </TextLine>
            <TextLine id="tr_2_tl_6" custom="readingOrder {index:5;}">
                <Coords points="546,3238 802,3283 922,3244 990,3293 1127,3228 1939,3277 2069,3248 2069,3085 546,3131"/>
                <Baseline points="564,3224 597,3224 641,3224 686,3224 731,3224 776,3221 821,3221 865,3221 910,3221 955,3218 1000,3218 1044,3218 1089,3218 1134,3215 1179,3218 1224,3218 1268,3218 1313,3218 1358,3218 1403,3218 1448,3218 1492,3218 1537,3218 1582,3218 1627,3218 1671,3215 1716,3215 1761,3215 1806,3212 1851,3209 1895,3206 1940,3206 1985,3203 2030,3203 2075,3209"/>
                <TextEquiv>
                    <Unicode>Er erzählt ihr von seinen Pänen.</Unicode>
                </TextEquiv>
            </TextLine>
            <TextLine id="tr_2_tl_7" custom="readingOrder {index:6;}">
                <Coords points="555,3410 2907,3416 2907,3329 2507,3192 1760,3299 1646,3228 555,3270"/>
                <Baseline points="573,3376 582,3376 626,3373 671,3373 716,3373 761,3373 806,3373 850,3370 895,3370 940,3370 985,3367 1030,3367 1074,3367 1119,3367 1164,3367 1209,3367 1253,3367 1298,3367 1343,3367 1388,3367 1433,3367 1477,3370 1522,3370 1567,3367 1612,3367 1657,3367 1701,3364 1746,3364 1791,3364 1836,3364 1880,3364 1925,3361 1970,3361 2015,3361 2060,3364 2104,3367 2149,3367 2194,3364 2239,3361 2284,3361 2328,3361 2373,3364 2418,3364 2463,3364 2507,3364 2552,3367 2597,3364 2642,3364 2687,3364 2731,3361 2776,3364 2821,3361 2866,3364 2911,3370"/>
                <TextEquiv>
                    <Unicode>Kapellmeisterstelle in Karlsruhe. Nächste Saison.</Unicode>
                </TextEquiv>
            </TextLine>
            <TextLine id="tr_2_tl_8" custom="readingOrder {index:7;}">
                <Coords points="555,3540 770,3530 1016,3618 1166,3537 1273,3537 1400,3608 1471,3595 1471,3420 1429,3400 1052,3455 932,3410 760,3452 682,3397 611,3429 555,3410"/>
                <Baseline points="573,3523 585,3526 629,3523 674,3526 719,3526 764,3526 809,3526 853,3529 898,3526 943,3523 988,3520 1033,3523 1077,3520 1122,3520 1167,3520 1212,3520 1256,3520 1301,3520 1346,3517 1391,3520 1436,3520 1480,3520"/>
                <TextEquiv>
                    <Unicode>Brief von Berthold.</Unicode>
                </TextEquiv>
            </TextLine>
        </TextRegion>
    </Page>
</PcGts>
