<?xml version="1.0" encoding="UTF-8" standalone="yes"?>
<PcGts xmlns="http://schema.primaresearch.org/PAGE/gts/pagecontent/2013-07-15" xmlns:xsi="http://www.w3.org/2001/XMLSchema-instance" xsi:schemaLocation="http://schema.primaresearch.org/PAGE/gts/pagecontent/2013-07-15 http://schema.primaresearch.org/PAGE/gts/pagecontent/2013-07-15/pagecontent.xsd">
    <Metadata>
        <Creator>prov=READ-COOP:name=TrHtr:version=2.1.0:model_id=51170:date=30_07_2023_10:25</Creator>
        <Created>2023-05-10T13:59:46.170+02:00</Created>
        <LastChange>2023-07-30T10:25:51.284+02:00</LastChange>
        <TranskribusMetadata docId="1428600" pageId="55415724" pageNr="30" tsid="131494385" status="IN_PROGRESS" userId="64420" imgUrl="https://files.transkribus.eu/Get?id=DZINDQGNCVHRWHVPWQXCYDSJ&amp;fileType=view" xmlUrl="https://files.transkribus.eu/Get?id=DPHPMOLFFUZVGXQXLCSVHKIH" imageId="44689831"/>
    </Metadata>
    <Page imageFilename="1428600_0030.jpg" imageWidth="3512" imageHeight="4280">
        <ReadingOrder>
            <OrderedGroup id="ro_1711789508115" caption="Regions reading order">
                <RegionRefIndexed index="0" regionRef="tr_2"/>
                <RegionRefIndexed index="1" regionRef="tr_1"/>
            </OrderedGroup>
        </ReadingOrder>
        <TextRegion id="tr_2" custom="readingOrder {index:0;}">
            <Coords points="2939,699 3083,699 3083,765 2939,765"/>
            <TextLine id="tr_2_tl_1" custom="readingOrder {index:0;}">
                <Coords points="2922,806 2956,809 2978,799 2985,806 3019,809 3035,825 3075,825 3075,671 3044,668 3035,677 3000,658 2994,665 2953,649 2919,646"/>
                <Baseline points="2939,749 2984,749 3029,749 3074,752 3083,755"/>
                <TextEquiv>
                    <Unicode>12</Unicode>
                </TextEquiv>
            </TextLine>
        </TextRegion>
        <TextRegion id="tr_1" custom="readingOrder {index:1;}">
            <Coords points="528,824 3133,824 3133,3194 528,3194"/>
            <TextLine id="tr_1_tl_1" custom="readingOrder {index:0;}">
                <Coords points="511,1066 2063,1056 2530,912 3028,915 3035,812 2448,843 2348,765 1442,944 1188,806 520,897"/>
                <Baseline points="528,1032 573,1029 617,1029 662,1026 707,1020 752,1020 796,1017 841,1014 886,1014 931,1011 975,1008 1020,1005 1065,1002 1110,999 1155,996 1199,996 1244,996 1289,993 1334,990 1378,987 1423,981 1468,981 1513,975 1557,975 1602,972 1647,970 1692,970 1737,964 1781,961 1826,955 1871,955 1916,949 1960,946 2005,943 2050,940 2095,937 2140,931 2184,931 2229,928 2274,925 2319,922 2363,919 2408,919 2453,913 2498,910 2542,910 2587,907 2632,901 2677,901 2722,898 2766,892 2811,889 2856,886 2901,880 2945,877 2990,874 3035,877"/>
                <TextEquiv>
                    <Unicode>6. Der alte R. Ich will mit meiner Tochter nicht drü</Unicode>
                </TextEquiv>
            </TextLine>
            <TextLine id="tr_1_tl_2" custom="readingOrder {index:1;}">
                <Coords points="520,1201 586,1226 608,1207 677,1213 809,1179 1019,1179 1025,1063 959,1066 872,1104 787,1063 649,1119 524,1094"/>
                <Baseline points="537,1172 579,1172 623,1169 668,1167 713,1167 758,1161 802,1158 847,1158 892,1155 937,1155 981,1152 1026,1155"/>
                <TextEquiv>
                    <Unicode>ber reden.</Unicode>
                </TextEquiv>
            </TextLine>
            <TextLine id="tr_1_tl_3" custom="readingOrder {index:2;}">
                <Coords points="558,1348 649,1336 705,1364 825,1317 944,1345 1025,1307 1110,1323 1176,1298 1245,1323 1367,1295 1370,1229 1182,1210 1107,1251 1031,1248 843,1185 564,1223"/>
                <Baseline points="579,1316 614,1319 659,1319 704,1313 749,1310 793,1307 838,1307 883,1304 928,1301 972,1301 1017,1298 1062,1298 1107,1295 1152,1289 1196,1289 1241,1283 1286,1283 1331,1280 1375,1280"/>
                <TextEquiv>
                    <Unicode>7. Frau R. Anna.</Unicode>
                </TextEquiv>
            </TextLine>
            <TextLine id="tr_1_tl_4" custom="readingOrder {index:3;}">
                <Coords points="580,1533 633,1539 743,1473 787,1492 878,1464 925,1499 1006,1499 1122,1442 1329,1452 1401,1433 1408,1354 1044,1354 984,1383 790,1348 665,1408 589,1392"/>
                <Baseline points="599,1471 602,1474 647,1471 692,1471 737,1465 781,1465 826,1459 871,1456 916,1450 961,1447 1005,1444 1050,1441 1095,1438 1140,1435 1184,1432 1229,1426 1274,1423 1319,1420 1363,1420 1408,1420"/>
                <TextEquiv>
                    <Unicode>Ich glaubs nicht.</Unicode>
                </TextEquiv>
            </TextLine>
            <TextLine id="tr_1_tl_5" custom="readingOrder {index:4;}">
                <Coords points="549,1649 677,1624 944,1649 1038,1630 1125,1652 1138,1492 975,1539 925,1505 828,1539 749,1508 555,1546"/>
                <Baseline points="570,1617 599,1617 644,1614 689,1614 734,1611 778,1608 823,1602 868,1602 913,1596 958,1593 1002,1590 1047,1587 1092,1584 1137,1581"/>
                <TextEquiv>
                    <Unicode>Es ist wahr.</Unicode>
                </TextEquiv>
            </TextLine>
            <TextLine id="tr_1_tl_6" custom="readingOrder {index:5;}">
                <Coords points="611,1796 724,1796 768,1759 799,1771 821,1752 940,1774 972,1752 1038,1749 1041,1671 1006,1652 900,1693 868,1674 737,1699 712,1671 618,1671"/>
                <Baseline points="629,1760 644,1757 689,1757 734,1754 778,1751 823,1749 868,1749 913,1743 958,1740 1002,1737 1047,1731"/>
                <TextEquiv>
                    <Unicode>Gibs auf.</Unicode>
                </TextEquiv>
            </TextLine>
            <TextLine id="tr_1_tl_7" custom="readingOrder {index:6;}">
                <Coords points="611,1931 796,1944 1185,1875 1724,1900 1762,1894 1771,1762 1605,1731 1263,1809 1047,1765 840,1831 621,1821"/>
                <Baseline points="632,1910 656,1907 701,1907 746,1904 790,1901 835,1901 880,1892 925,1889 970,1886 1014,1883 1059,1877 1104,1874 1149,1871 1193,1865 1238,1862 1283,1859 1328,1853 1372,1850 1417,1847 1462,1844 1507,1838 1552,1835 1596,1832 1641,1829 1686,1826 1731,1823 1775,1823"/>
                <TextEquiv>
                    <Unicode>Nein, es ist mein Glück.</Unicode>
                </TextEquiv>
            </TextLine>
            <TextLine id="tr_1_tl_8" custom="readingOrder {index:7;}">
                <Coords points="624,2097 1166,2085 1624,1975 1890,2010 2364,1934 2370,1875 1593,1872 1238,1944 1141,1887 633,1966"/>
                <Baseline points="644,2059 671,2059 716,2056 761,2053 805,2050 850,2047 895,2041 940,2038 984,2032 1029,2029 1074,2026 1119,2023 1164,2017 1208,2014 1253,2011 1298,2005 1343,2002 1387,1996 1432,1993 1477,1990 1522,1984 1566,1981 1611,1978 1656,1975 1701,1972 1746,1969 1790,1963 1835,1960 1880,1954 1925,1951 1969,1945 2014,1943 2059,1940 2104,1937 2148,1931 2193,1928 2238,1925 2283,1919 2328,1916 2372,1919"/>
                <TextEquiv>
                    <Unicode>8. Kadett. Entsetzt. Schande u.s. W.</Unicode>
                </TextEquiv>
            </TextLine>
            <TextLine id="tr_1_tl_9" custom="readingOrder {index:8;}">
                <Coords points="640,2248 2220,2104 2289,2085 2295,2010 1759,1978 1310,2079 652,2116"/>
                <Baseline points="659,2205 686,2202 731,2202 776,2199 820,2190 865,2187 910,2181 955,2178 999,2169 1044,2169 1089,2166 1134,2163 1178,2160 1223,2154 1268,2151 1313,2145 1358,2140 1402,2137 1447,2137 1492,2131 1537,2125 1581,2122 1626,2119 1671,2116 1716,2110 1760,2104 1805,2101 1850,2098 1895,2092 1940,2089 1984,2083 2029,2077 2074,2074 2119,2068 2163,2065 2208,2062 2253,2059 2298,2059"/>
                <TextEquiv>
                    <Unicode>9. Alfred, Kadett will aufbegehren</Unicode>
                </TextEquiv>
            </TextLine>
            <TextLine id="tr_1_tl_10" custom="readingOrder {index:9;}">
                <Coords points="649,2383 2912,2201 3122,2154 3135,2031 661,2251"/>
                <Baseline points="668,2342 671,2342 716,2336 761,2334 805,2328 850,2325 895,2319 940,2316 984,2313 1029,2307 1074,2304 1119,2298 1164,2292 1208,2289 1253,2286 1298,2280 1343,2277 1387,2271 1432,2268 1477,2265 1522,2262 1566,2259 1611,2253 1656,2247 1701,2244 1746,2241 1790,2238 1835,2232 1880,2226 1925,2223 1969,2217 2014,2217 2059,2211 2104,2205 2148,2202 2193,2196 2238,2193 2283,2190 2328,2184 2372,2178 2417,2175 2462,2169 2507,2166 2551,2160 2596,2157 2641,2151 2686,2148 2730,2145 2775,2140 2820,2137 2865,2134 2910,2125 2954,2122 2999,2116 3044,2113 3089,2110 3133,2110"/>
                <TextEquiv>
                    <Unicode>Alfred. : Sie Bruder und was weiter? Nicht sind Sie</Unicode>
                </TextEquiv>
            </TextLine>
            <TextLine id="tr_1_tl_11" custom="readingOrder {index:10;}">
                <Coords points="668,2508 762,2533 934,2467 1477,2408 1608,2452 1752,2423 1762,2317 1408,2304 1176,2373 680,2392"/>
                <Baseline points="689,2477 692,2477 737,2474 781,2471 826,2465 871,2459 916,2456 961,2453 1005,2450 1050,2447 1095,2441 1140,2435 1184,2432 1229,2426 1274,2423 1319,2417 1363,2411 1408,2408 1453,2402 1498,2399 1543,2396 1587,2390 1632,2387 1677,2387 1722,2384 1766,2381"/>
                <TextEquiv>
                    <Unicode>als ein boshafter Lump.</Unicode>
                </TextEquiv>
            </TextLine>
            <TextLine id="tr_1_tl_12" custom="readingOrder {index:11;}">
                <Coords points="677,2652 2800,2448 2975,2420 2988,2304 2273,2348 2028,2445 1524,2423 1307,2536 690,2524"/>
                <Baseline points="698,2629 704,2626 749,2620 793,2617 838,2611 883,2605 928,2602 972,2599 1017,2593 1062,2590 1107,2587 1152,2581 1196,2578 1241,2575 1286,2569 1331,2566 1375,2560 1420,2557 1465,2554 1510,2548 1555,2542 1599,2536 1644,2530 1689,2528 1734,2522 1778,2519 1823,2513 1868,2510 1913,2504 1957,2501 2002,2498 2047,2492 2092,2486 2137,2483 2181,2477 2226,2471 2271,2468 2316,2462 2360,2456 2405,2450 2450,2447 2495,2441 2539,2435 2584,2432 2629,2426 2674,2423 2719,2420 2763,2414 2808,2408 2853,2402 2898,2396 2942,2393 2987,2396"/>
                <TextEquiv>
                    <Unicode>Alfred, geht. Anna ihm nach. Ich komm nicht mehr</Unicode>
                </TextEquiv>
            </TextLine>
            <TextLine id="tr_1_tl_13" custom="readingOrder {index:12;}">
                <Coords points="702,2912 2201,2803 2536,2743 2546,2640 1768,2768 1552,2699 1122,2806 715,2815"/>
                <Baseline points="722,2904 758,2907 802,2901 847,2895 892,2892 937,2886 981,2880 1026,2874 1071,2871 1116,2865 1161,2862 1205,2859 1250,2850 1295,2847 1340,2841 1384,2838 1429,2835 1474,2829 1519,2823 1563,2820 1608,2817 1653,2811 1698,2805 1743,2799 1787,2793 1832,2790 1877,2787 1922,2781 1966,2775 2011,2772 2056,2766 2101,2760 2145,2754 2190,2751 2235,2745 2280,2739 2325,2736 2369,2730 2414,2724 2459,2719 2504,2716 2548,2713"/>
                <TextEquiv>
                    <Unicode>10. Der alte R. Was is denn geschehen?</Unicode>
                </TextEquiv>
            </TextLine>
            <TextLine id="tr_1_tl_14" custom="readingOrder {index:13;}">
                <Coords points="690,2800 727,2800 749,2822 765,2809 846,2815 878,2800 903,2815 950,2803 966,2812 997,2796 1031,2803 1044,2680 984,2684 931,2646 868,2680 831,2671 762,2709 702,2680"/>
                <Baseline points="710,2763 731,2763 776,2757 820,2751 865,2745 910,2742 955,2736 999,2733 1044,2730"/>
                <TextEquiv>
                    <Unicode>zurück.</Unicode>
                </TextEquiv>
            </TextLine>
            <TextLine id="tr_1_tl_15" custom="readingOrder {index:14;}">
                <Coords points="709,3079 2693,2884 3110,2812 3116,2746 2909,2677 721,2966"/>
                <Baseline points="731,3044 749,3044 793,3041 838,3035 883,3032 928,3029 972,3020 1017,3014 1062,3011 1107,3005 1152,3002 1196,2999 1241,2990 1286,2987 1331,2981 1375,2975 1420,2972 1465,2966 1510,2963 1555,2957 1599,2954 1644,2951 1689,2942 1734,2936 1778,2930 1823,2927 1868,2924 1913,2921 1957,2916 2002,2910 2047,2907 2092,2901 2137,2895 2181,2889 2226,2883 2271,2880 2316,2874 2360,2868 2405,2865 2450,2862 2495,2856 2539,2850 2584,2844 2629,2838 2674,2835 2719,2829 2763,2820 2808,2820 2853,2814 2898,2808 2942,2802 2987,2799 3032,2796 3077,2793 3121,2784"/>
                <TextEquiv>
                    <Unicode>Sie ist fort. Kränk Dich nicht Vater, Du hast mich.</Unicode>
                </TextEquiv>
            </TextLine>
            <TextLine id="tr_1_tl_16" custom="readingOrder {index:15;}">
                <Coords points="724,3207 2674,3035 3085,2972 3094,2872 2800,2837 740,3091"/>
                <Baseline points="743,3184 767,3181 811,3178 856,3175 901,3172 946,3166 990,3160 1035,3154 1080,3151 1125,3148 1169,3142 1214,3133 1259,3130 1304,3124 1349,3121 1393,3115 1438,3110 1483,3104 1528,3101 1572,3095 1617,3089 1662,3086 1707,3083 1751,3077 1796,3071 1841,3062 1886,3056 1931,3053 1975,3047 2020,3044 2065,3038 2110,3035 2154,3032 2199,3026 2244,3020 2289,3011 2334,3008 2378,3002 2423,2999 2468,2993 2513,2987 2557,2984 2602,2978 2647,2972 2692,2966 2736,2960 2781,2957 2826,2951 2871,2945 2916,2939 2960,2936 3005,2933 3050,2930 3095,2933"/>
                <TextEquiv>
                    <Unicode>Der Alte. Ich möchte lieber die Anna zurück haben.</Unicode>
                </TextEquiv>
            </TextLine>
        </TextRegion>
    </Page>
</PcGts>
