3480 4200
2738 456 2835 656 1.
694 697 1665 891 heute zu mir, Anna.
706 850 3059 1041 Anna: Nimm mich gleich mit dir, ich habe Angst vor
1344 1026 1482 1153 G.F.P.
703 1006 1200 1194 dem Vater.
703 1147 1500 1371 Sie gehen beide.
659 1300 1679 1527 8. Frau R.und Josef,
715 1488 2194 1662 Frau R: Was ist denn geschehen?
718 1621 2065 1824 Josef: Fort sind s' - beide!
721 1788 1577 1977 Frau R: Der Vater!
721 1927 3009 2124 Josef: Ich habe die Ehre unseres Hauses gerettet.
679 2112 2659 2297 9. Der Vater kommt, erfährt alles, weint.
729 2274 2450 2453 Oder die Mutter geht hin, sie holen.
726 2438 3094 2579 Ende jedenfalls entschiedener Bruch Georg-Anna mit
782 2579 1377 2777 der Familie.
