3480 4136
844 762 2136 946 8. Oskar und Sissy kommen.
771 920 2731 1134 Vorstellung der Braut. Sissy kennt Sophie.
732 1061 1509 1277 Die Mutter dazu,
744 1239 2962 1459 Die Eltern Sissy's kommen nicht. :Vater Ehren-
747 1389 1017 1576 mann:
753 1518 3012 1743 Sissy lässt sich taufen. "Ich geb' auf alle die-
762 1699 1585 1899 se Sachen nichts.
712 1822 2930 2051 9. Frau Ehrenberg und Else kommen /:Mutter und
753 2016 2581 2206 Schwester Oskars: Heinrich kommt mit.
759 2177 2959 2344 Else: Auch dieser junge Dichter hat her wollen;
768 2321 2918 2529 wahrscheinlich braucht er euch zu einem Stück.
753 2496 2939 2669 10. Auch Georg kommt. Er freut sich, Heinrich
706 2622 3009 2866 hier zu finden. "Haben Sie schon ein Libretto für
741 2819 1078 2997 mich?“
753 2930 2605 3138 Heinrich, Else in einer Art Verhältnis.
753 3112 3109 3314 Else beginnt mit Georg zu kokettieren. Sissy auch.
762 3273 2423 3481 Erinnerungen an den letzten Sommer.
700 3440 2359 3619 Oskar eifersüchtig, verweist Sissy.
753 3589 2130 3830 Anna eifersüchtig gegen Bise.
