<?xml version="1.0" encoding="UTF-8" standalone="yes"?>
<PcGts xmlns="http://schema.primaresearch.org/PAGE/gts/pagecontent/2013-07-15" xmlns:xsi="http://www.w3.org/2001/XMLSchema-instance" xsi:schemaLocation="http://schema.primaresearch.org/PAGE/gts/pagecontent/2013-07-15 http://schema.primaresearch.org/PAGE/gts/pagecontent/2013-07-15/pagecontent.xsd">
    <Metadata>
        <Creator>prov=READ-COOP:name=TrHtr:version=2.1.0:model_id=51170:date=30_07_2023_10:25</Creator>
        <Created>2023-05-10T13:59:51.607+02:00</Created>
        <LastChange>2023-07-30T10:25:59.281+02:00</LastChange>
        <TranskribusMetadata docId="1428600" pageId="55415902" pageNr="59" tsid="131494431" status="IN_PROGRESS" userId="64420" imgUrl="https://files.transkribus.eu/Get?id=AJKFKVUPSVEVASHMNAFWXJRQ&amp;fileType=view" xmlUrl="https://files.transkribus.eu/Get?id=PIVOCEJBVCZUDRLNWMKNAUOY" imageId="44690009"/>
    </Metadata>
    <Page imageFilename="1428600_0059.jpg" imageWidth="3416" imageHeight="4152">
        <ReadingOrder>
            <OrderedGroup id="ro_1711789536466" caption="Regions reading order">
                <RegionRefIndexed index="0" regionRef="tr_1"/>
                <RegionRefIndexed index="1" regionRef="tr_2"/>
            </OrderedGroup>
        </ReadingOrder>
        <TextRegion id="tr_1" custom="readingOrder {index:0;}">
            <Coords points="620,523 3137,523 3137,1774 620,1774"/>
            <TextLine id="tr_1_tl_1" custom="readingOrder {index:0;}">
                <Coords points="2966,669 3015,669 3028,659 3035,665 3061,662 3081,387 3058,383 3045,370 3035,377 3025,370 3009,380 2986,380"/>
                <Baseline points="2990,579 3029,576 3074,573"/>
                <TextEquiv>
                    <Unicode>1</Unicode>
                </TextEquiv>
            </TextLine>
            <TextLine id="tr_1_tl_2" custom="readingOrder {index:1;}">
                <Coords points="613,842 1849,793 2501,895 2806,823 2815,636 1491,734 1282,652 619,678"/>
                <Baseline points="632,835 668,835 713,832 758,832 802,829 847,829 892,829 937,826 982,826 1026,823 1071,820 1116,817 1161,814 1205,811 1250,811 1295,808 1340,805 1384,805 1429,805 1474,802 1519,802 1564,799 1608,796 1653,796 1698,796 1743,796 1787,793 1832,790 1877,788 1922,785 1967,785 2011,782 2056,779 2101,776 2146,776 2190,773 2235,770 2280,770 2325,767 2370,764 2414,761 2459,761 2504,758 2549,758 2593,755 2638,755 2683,752 2728,752 2772,749 2817,749"/>
                <TextEquiv>
                    <Unicode>Als Stück kaum möglich, als Roman zu entwerfen.</Unicode>
                </TextEquiv>
            </TextLine>
            <TextLine id="tr_1_tl_3" custom="readingOrder {index:2;}">
                <Coords points="626,1016 1419,1023 1547,973 1662,1019 1826,964 2183,1003 2147,852 869,931 633,891"/>
                <Baseline points="644,996 671,990 716,990 761,988 805,990 850,993 895,990 940,988 985,985 1029,982 1074,982 1119,979 1164,976 1208,973 1253,970 1298,970 1343,970 1387,964 1432,961 1477,961 1522,961 1567,958 1611,955 1656,952 1701,949 1746,949 1790,949 1835,949 1880,946 1925,943 1970,940 2014,937 2059,937 2104,934 2149,934 2193,940"/>
                <TextEquiv>
                    <Unicode>Georg in Trauer seit vier Wochen.</Unicode>
                </TextEquiv>
            </TextLine>
            <TextLine id="tr_1_tl_4" custom="readingOrder {index:3;}">
                <Coords points="603,1157 2819,1167 3130,1108 3133,977 2632,1000 2389,901 1966,1046 610,1023"/>
                <Baseline points="620,1149 629,1149 674,1149 719,1149 764,1149 808,1146 853,1140 898,1140 943,1140 988,1137 1032,1137 1077,1134 1122,1134 1167,1131 1211,1131 1256,1128 1301,1125 1346,1125 1390,1122 1435,1119 1480,1119 1525,1116 1570,1116 1614,1110 1659,1110 1704,1107 1749,1104 1793,1104 1838,1104 1883,1101 1928,1098 1973,1095 2017,1095 2062,1095 2107,1092 2152,1089 2196,1086 2241,1086 2286,1083 2331,1080 2375,1080 2420,1077 2465,1077 2510,1074 2555,1074 2599,1071 2644,1071 2689,1068 2734,1068 2778,1062 2823,1059 2868,1056 2913,1056 2958,1053 3002,1050 3047,1047 3092,1047 3137,1047"/>
                <TextEquiv>
                    <Unicode>Er lebt nun ganz allein. Vater gestorben. Der aristo</Unicode>
                </TextEquiv>
            </TextLine>
            <TextLine id="tr_1_tl_5" custom="readingOrder {index:4;}">
                <Coords points="639,1314 869,1396 1927,1314 2360,1367 2366,1157 642,1226"/>
                <Baseline points="656,1313 671,1310 716,1307 761,1307 805,1307 850,1304 895,1304 940,1301 985,1298 1029,1298 1074,1295 1119,1295 1164,1292 1208,1286 1253,1286 1298,1283 1343,1283 1387,1283 1432,1280 1477,1280 1522,1277 1567,1277 1611,1277 1656,1274 1701,1271 1746,1268 1790,1265 1835,1265 1880,1262 1925,1262 1970,1259 2014,1259 2059,1256 2104,1250 2149,1250 2193,1247 2238,1247 2283,1244 2328,1244 2372,1241"/>
                <TextEquiv>
                    <Unicode>kratische Krets behagt ihm gar nicht.</Unicode>
                </TextEquiv>
            </TextLine>
            <TextLine id="tr_1_tl_6" custom="readingOrder {index:5;}">
                <Coords points="642,1475 1472,1436 1583,1501 2019,1488 2058,1331 869,1396 649,1318"/>
                <Baseline points="662,1462 674,1462 719,1456 764,1456 808,1453 853,1453 898,1450 943,1447 988,1447 1032,1447 1077,1444 1122,1441 1167,1444 1211,1438 1256,1438 1301,1438 1346,1435 1390,1432 1435,1429 1480,1429 1525,1426 1570,1423 1614,1423 1659,1420 1704,1417 1749,1414 1793,1414 1838,1411 1883,1411 1928,1405 1973,1405 2017,1405 2062,1405"/>
                <TextEquiv>
                    <Unicode>Geht wieder einmal zu Rennert.</Unicode>
                </TextEquiv>
            </TextLine>
            <TextLine id="tr_1_tl_7" custom="readingOrder {index:6;}">
                <Coords points="698,1632 1609,1694 1944,1635 2150,1694 2606,1613 2612,1488 1642,1531 1472,1436 705,1485"/>
                <Baseline points="716,1611 737,1611 782,1608 826,1608 871,1608 916,1608 961,1611 1005,1611 1050,1605 1095,1605 1140,1605 1185,1605 1229,1605 1274,1599 1319,1599 1364,1599 1408,1596 1453,1593 1498,1593 1543,1590 1587,1587 1632,1581 1677,1579 1722,1576 1767,1576 1811,1573 1856,1570 1901,1567 1946,1561 1990,1561 2035,1558 2080,1555 2125,1552 2170,1552 2214,1549 2259,1549 2304,1546 2349,1546 2393,1543 2438,1540 2483,1537 2528,1534 2572,1534 2617,1534"/>
                <TextEquiv>
                    <Unicode>Musik. Sie hat eine 50 schöne Stimme.</Unicode>
                </TextEquiv>
            </TextLine>
            <TextLine id="tr_1_tl_8" custom="readingOrder {index:7;}">
                <Coords points="629,1786 967,1783 1236,1740 1367,1753 1370,1685 1065,1675 1013,1698 973,1672 885,1711 747,1688 633,1711"/>
                <Baseline points="650,1764 659,1764 704,1761 749,1758 793,1758 838,1758 883,1758 928,1752 973,1752 1017,1752 1062,1752 1107,1749 1152,1743 1196,1740 1241,1740 1286,1737 1331,1737 1376,1737"/>
                <TextEquiv>
                    <Unicode>Aber die Leute.</Unicode>
                </TextEquiv>
            </TextLine>
        </TextRegion>
        <TextRegion id="tr_2" custom="readingOrder {index:1;}">
            <Coords points="665,1842 3334,1842 3334,3779 665,3779"/>
            <TextLine id="tr_2_tl_1" custom="readingOrder {index:0;}">
                <Coords points="646,1947 800,1921 842,1944 895,1917 934,1940 987,1908 1055,1940 1180,1904 1318,1904 1321,1819 1301,1812 1141,1849 1013,1822 990,1845 964,1829 918,1855 895,1835 849,1858 751,1783 652,1796"/>
                <Baseline points="665,1916 695,1913 740,1913 785,1916 829,1913 874,1910 919,1910 964,1907 1008,1907 1053,1904 1098,1901 1143,1901 1187,1898 1232,1898 1277,1895 1322,1892"/>
                <TextEquiv>
                    <Unicode>Treppe hinauf.</Unicode>
                </TextEquiv>
            </TextLine>
            <TextLine id="tr_2_tl_2" custom="readingOrder {index:1;}">
                <Coords points="652,2084 1000,2055 1216,2078 1442,2035 1534,2091 1560,2084 1567,1885 656,1953"/>
                <Baseline points="671,2065 677,2062 722,2062 767,2059 811,2059 856,2056 901,2053 946,2053 990,2047 1035,2047 1080,2047 1125,2044 1170,2044 1214,2041 1259,2041 1304,2038 1349,2035 1393,2035 1438,2032 1483,2029 1528,2032 1573,2035"/>
                <TextEquiv>
                    <Unicode>Nach dem Machtmahl.</Unicode>
                </TextEquiv>
            </TextLine>
            <TextLine id="tr_2_tl_3" custom="readingOrder {index:2;}">
                <Coords points="652,2242 2409,2150 2930,2229 3209,2186 3219,1957 2802,2081 656,2098"/>
                <Baseline points="671,2217 710,2217 755,2214 799,2214 844,2214 889,2211 934,2208 979,2205 1023,2202 1068,2202 1113,2202 1158,2202 1202,2199 1247,2196 1292,2193 1337,2193 1382,2190 1426,2187 1471,2187 1516,2184 1561,2181 1605,2181 1650,2178 1695,2181 1740,2181 1784,2175 1829,2173 1874,2170 1919,2170 1964,2167 2008,2167 2053,2164 2098,2164 2143,2161 2187,2158 2232,2155 2277,2155 2322,2155 2367,2152 2411,2149 2456,2149 2501,2149 2546,2146 2590,2146 2635,2143 2680,2140 2725,2137 2769,2134 2814,2131 2859,2131 2904,2128 2949,2125 2993,2125 3038,2122 3083,2119 3128,2119 3172,2116 3217,2113"/>
                <TextEquiv>
                    <Unicode>Stille. Ja singen wir. Ja aber tst sie nicht verlobt.</Unicode>
                </TextEquiv>
            </TextLine>
            <TextLine id="tr_2_tl_4" custom="readingOrder {index:3;}">
                <Coords points="659,2386 2166,2425 2432,2307 3212,2350 3271,2206 665,2255"/>
                <Baseline points="680,2370 683,2370 728,2367 773,2367 817,2367 862,2367 907,2364 952,2364 996,2361 1041,2358 1086,2355 1131,2352 1176,2352 1220,2349 1265,2349 1310,2349 1355,2346 1399,2343 1444,2340 1489,2340 1534,2337 1579,2334 1623,2334 1668,2328 1713,2328 1758,2328 1802,2325 1847,2322 1892,2319 1937,2319 1981,2319 2026,2319 2071,2316 2116,2313 2161,2310 2205,2310 2250,2307 2295,2307 2340,2307 2384,2307 2429,2307 2474,2304 2519,2301 2564,2298 2608,2298 2653,2292 2698,2292 2743,2289 2787,2289 2832,2286 2877,2283 2922,2283 2966,2280 3011,2277 3056,2274 3101,2271 3146,2268 3190,2265 3235,2262 3280,2262"/>
                <TextEquiv>
                    <Unicode>Ich fühl mich gar nicht mehr traurig, alle diese Schmer¬</Unicode>
                </TextEquiv>
            </TextLine>
            <TextLine id="tr_2_tl_5" custom="readingOrder {index:4;}">
                <Coords points="669,2543 905,2589 1072,2540 1282,2553 1383,2511 1439,2524 1442,2438 1413,2452 1383,2425 1173,2455 1147,2435 1098,2465 1059,2442 878,2458 757,2379 675,2383"/>
                <Baseline points="689,2522 728,2522 773,2522 817,2522 862,2519 907,2519 952,2516 996,2513 1041,2513 1086,2510 1131,2507 1176,2504 1220,2501 1265,2501 1310,2501 1355,2498 1399,2498 1444,2501"/>
                <TextEquiv>
                    <Unicode>zen sind vorbei.</Unicode>
                </TextEquiv>
            </TextLine>
            <TextLine id="tr_2_tl_6" custom="readingOrder {index:5;}">
                <Coords points="675,2694 2956,2688 3137,2645 3140,2511 682,2553"/>
                <Baseline points="695,2674 728,2674 773,2671 817,2671 862,2671 907,2668 952,2668 996,2665 1041,2665 1086,2662 1131,2662 1176,2656 1220,2656 1265,2653 1310,2653 1355,2650 1399,2647 1444,2647 1489,2644 1534,2644 1579,2641 1623,2638 1668,2638 1713,2635 1758,2632 1802,2632 1847,2632 1892,2629 1937,2629 1981,2626 2026,2623 2071,2623 2116,2623 2161,2617 2205,2617 2250,2614 2295,2614 2340,2611 2384,2608 2429,2608 2474,2608 2519,2602 2564,2599 2608,2599 2653,2599 2698,2596 2743,2596 2787,2593 2832,2590 2877,2590 2922,2590 2966,2587 3011,2584 3056,2581 3101,2581 3146,2578"/>
                <TextEquiv>
                    <Unicode>Georg langweilt sich sehr. Wohinf Zu Hendix oder zu</Unicode>
                </TextEquiv>
            </TextLine>
            <TextLine id="tr_2_tl_7" custom="readingOrder {index:6;}">
                <Coords points="672,2851 2448,2884 3153,2809 3186,2668 675,2769"/>
                <Baseline points="689,2835 728,2832 773,2829 817,2826 862,2826 907,2823 952,2823 996,2820 1041,2817 1086,2817 1131,2814 1176,2814 1220,2811 1265,2811 1310,2811 1355,2811 1399,2805 1444,2805 1489,2805 1534,2802 1579,2799 1623,2796 1668,2793 1713,2793 1758,2790 1802,2790 1847,2787 1892,2787 1937,2784 1981,2781 2026,2778 2071,2778 2116,2775 2161,2775 2205,2775 2250,2772 2295,2769 2340,2769 2384,2767 2429,2764 2474,2764 2519,2761 2564,2758 2608,2761 2653,2758 2698,2755 2743,2755 2787,2755 2832,2752 2877,2749 2922,2749 2966,2746 3011,2746 3056,2746 3101,2746 3146,2743 3190,2743"/>
                <TextEquiv>
                    <Unicode>Rennerts. Nein, es ist doch eine bessere Gesellschaft</Unicode>
                </TextEquiv>
            </TextLine>
            <TextLine id="tr_2_tl_8" custom="readingOrder {index:7;}">
                <Coords points="701,2992 1488,2969 1580,3038 1993,3028 2140,3005 2147,2855 705,2924"/>
                <Baseline points="719,2987 764,2981 808,2978 853,2975 898,2975 943,2972 988,2972 1032,2969 1077,2969 1122,2969 1167,2966 1211,2964 1256,2964 1301,2964 1346,2961 1390,2961 1435,2958 1480,2958 1525,2955 1570,2955 1614,2952 1659,2949 1704,2946 1749,2946 1793,2943 1838,2940 1883,2940 1928,2937 1973,2937 2017,2934 2062,2934 2107,2931 2152,2934"/>
                <TextEquiv>
                    <Unicode>diese Rennerts. Er geht hinauf.</Unicode>
                </TextEquiv>
            </TextLine>
            <TextLine id="tr_2_tl_9" custom="readingOrder {index:8;}">
                <Coords points="688,3225 2927,3146 3130,3114 3137,2992 692,3058"/>
                <Baseline points="710,3140 725,3137 770,3137 814,3137 859,3137 904,3134 949,3134 993,3131 1038,3128 1083,3125 1128,3125 1173,3125 1217,3122 1262,3122 1307,3119 1352,3116 1396,3113 1441,3110 1486,3110 1531,3107 1576,3104 1620,3104 1665,3101 1710,3101 1755,3098 1799,3095 1844,3098 1889,3098 1934,3095 1978,3092 2023,3089 2068,3086 2113,3086 2158,3083 2202,3080 2247,3080 2292,3077 2337,3074 2381,3074 2426,3074 2471,3074 2516,3074 2561,3071 2605,3071 2650,3071 2695,3065 2740,3065 2784,3065 2829,3062 2874,3059 2919,3059 2964,3056 3008,3056 3053,3053 3098,3053 3143,3056"/>
                <TextEquiv>
                    <Unicode>Begrüssung. Es müsste eben wieder eine Sonne gewesen</Unicode>
                </TextEquiv>
            </TextLine>
            <TextLine id="tr_2_tl_10" custom="readingOrder {index:9;}">
                <Coords points="714,3310 1963,3320 2209,3241 2514,3333 3235,3261 3300,3120 718,3235"/>
                <Baseline points="731,3295 752,3292 796,3289 841,3289 886,3289 931,3289 976,3286 1020,3283 1065,3283 1110,3280 1155,3280 1199,3280 1244,3277 1289,3274 1334,3268 1379,3268 1423,3265 1468,3265 1513,3262 1558,3262 1602,3262 1647,3259 1692,3256 1737,3259 1781,3256 1826,3253 1871,3253 1916,3250 1961,3247 2005,3244 2050,3244 2095,3241 2140,3241 2184,3238 2229,3235 2274,3232 2319,3232 2364,3232 2408,3232 2453,3232 2498,3229 2543,3229 2587,3226 2632,3223 2677,3223 2722,3220 2767,3220 2811,3217 2856,3214 2901,3214 2946,3214 2990,3211 3035,3211 3080,3208 3125,3208 3169,3208 3214,3202 3259,3199 3304,3196"/>
                <TextEquiv>
                    <Unicode>sein. Josef dieser Lump. Sie kommen wie gerufen. Singen</Unicode>
                </TextEquiv>
            </TextLine>
            <TextLine id="tr_2_tl_11" custom="readingOrder {index:10;}">
                <Coords points="708,3458 767,3471 777,3461 813,3461 859,3448 875,3448 888,3461 918,3454 918,3395 898,3399 865,3386 855,3392 842,3376 826,3373 760,3389 708,3382"/>
                <Baseline points="725,3447 743,3447 788,3444 832,3444 877,3444 922,3441"/>
                <TextEquiv>
                    <Unicode>wtr.</Unicode>
                </TextEquiv>
            </TextLine>
            <TextLine id="tr_2_tl_12" custom="readingOrder {index:11;}">
                <Coords points="692,3645 2304,3645 2615,3543 2838,3618 3323,3550 3330,3386 1540,3533 1311,3432 701,3454"/>
                <Baseline points="713,3602 737,3605 782,3602 826,3602 871,3599 916,3596 961,3596 1005,3590 1050,3587 1095,3587 1140,3587 1185,3587 1229,3584 1274,3581 1319,3581 1364,3578 1408,3575 1453,3572 1498,3572 1543,3569 1587,3566 1632,3566 1677,3566 1722,3566 1767,3566 1811,3563 1856,3560 1901,3558 1946,3558 1990,3555 2035,3552 2080,3552 2125,3549 2170,3546 2214,3546 2259,3546 2304,3543 2349,3540 2393,3540 2438,3540 2483,3537 2528,3534 2572,3531 2617,3531 2662,3528 2707,3528 2752,3525 2796,3525 2841,3525 2886,3528 2931,3522 2975,3522 3020,3522 3065,3522 3110,3522 3155,3522 3199,3519 3244,3513 3289,3510 3334,3501"/>
                <TextEquiv>
                    <Unicode>Schilderung einer Sonn in der Familie Rennert. Josef in</Unicode>
                </TextEquiv>
            </TextLine>
            <TextLine id="tr_2_tl_13" custom="readingOrder {index:12;}">
                <Coords points="698,3822 1023,3759 1472,3805 1665,3736 2117,3763 2176,3749 2180,3651 2052,3599 1360,3681 1121,3635 705,3713"/>
                <Baseline points="719,3769 749,3766 793,3763 838,3760 883,3760 928,3757 973,3755 1017,3755 1062,3752 1107,3752 1152,3749 1196,3749 1241,3746 1286,3746 1331,3743 1376,3743 1420,3737 1465,3737 1510,3731 1555,3731 1599,3728 1644,3728 1689,3725 1734,3725 1779,3722 1823,3722 1868,3719 1913,3719 1958,3719 2002,3716 2047,3713 2092,3710 2137,3710 2181,3713"/>
                <TextEquiv>
                    <Unicode>mer verlumpt. Vater weinerlich.</Unicode>
                </TextEquiv>
            </TextLine>
        </TextRegion>
    </Page>
</PcGts>
