3496 4248
2912 390 3040 643 42.
1541 950 2949 1158 G. müsst an 1. Oktober eintreffen. -
588 987 1362 1188 Rückkehr Georgs
2138 1100 3110 1286 die Künhaft mir unternein.
588 1139 1462 1374 Alles ist vorüber.
2148 1222 2988 1432 Mei Acht die dir etwas?
600 1273 2014 1499 Wie kann man das neu anfangen!
594 1462 1883 1660 Anna selbst giebt ihn frei.
588 1551 2934 1813 Zuerst weint er, dann hat er ein Gefühl der Erlös-
600 1800 801 1965 bung.
594 1870 2991 2142 Berthold in voller Tätigkeit: Organisation einer Ar-
600 2062 1450 2279 beitervereinigung.
591 2209 1931 2413 Der alte Breuner u. Berthold.
600 2379 3052 2574 Der alte: Auf das Wesentliche kommt’s an; vielleicht
597 2486 2349 2693 ist es besser, dass das geschrehe ist.
594 2684 3031 2870 Du könntest keine bessere, keine treuere Frau bekom-
591 2848 822 3049 men.
600 2915 2888 3199 Oder glaubst du, dass die Phantasieen Else’s und
597 3168 2921 3381 Sissy's nicht schlimmer sind, als Annaß Erlebnis?
