3544 4248
2624 523 2883 738 16 x
2346 738 2736 1011 6/7.900
660 830 1815 1039 Plan zu den Entrüsteten.
669 1019 985 1177 1. Akt.
675 1108 2983 1358 Bei Rosners. Im Nebenzimmer anfangs Klavierspiel,
695 1304 1602 1519 Gesang. Nach Tisch.
683 1433 2817 1688 1. Rosner eine Zigarre rauchend, Frau Rosner
692 1614 2211 1806 liest etwas aus der Zeitung vor.
701 1760 2776 1973 Josef, der Sohn, streckt sich auf dem Divan.
724 1935 1875 2130 "Geh' ins Bureau, Josef."
718 2082 1726 2306 Er dehnt sich. "Nein.
729 2202 3023 2438 Wieder um halb sechs Uhr Früh nach Haus gekommen.
804 2323 2952 2581 Also ist doch g'scheiter, der Vater weiss es:
830 2538 2254 2762 aus dem Bureau hinausgeworfen.
758 2728 1309 2920 Vater weint.
749 2837 2946 3087 Ob man ihn nicht doch bei Ehrenbergs unterbrin-
749 3049 1295 3245 gen könnte?
747 3147 2986 3382 Heute kommen sie. Frau Ehrenberg ist die Schwes-
761 3351 1731 3560 ter der Frau Rosner.
761 3336 2972 3704 Josef geht ins Kaffeehaus. "Ich kann die Juden
772 3626 2840 3847 nicht sehen. Ich lass mich nicht ausbeuten.“
