3480 4184
2414 659 2598 797 972
640 772 2077 1011 I. Akt. Bei den jungen Mädchen.
650 1011 1523 1164 Besuche. Klara L.
646 1180 1198 1345 Die Mutter.
659 1327 2950 1477 Gespräche zwischen Mutter und Tochter. Ueber den
659 1452 2644 1661 Sommer, in dem sie mit Hugo geflirtet hat.
665 1621 1400 1798 Alfred und sie.
662 1774 2923 1945 Sie glaubt, dass er sie in Hugo verliebt glabt.
677 1952 1642 2114 O, es ist nicht das!
677 2105 2570 2282 Wieder in so eine Geschichte verwickelt.
674 2181 3058 2460 Mutter und Tochter. Nein, er hat wieder so ein Ver-
634 2423 3094 2577 hältnis. Er ist ein so schwacher Mensch. Immer, wenn
640 2552 2957 2742 ihn eine hält, bleibt er. Ich werde ihn befreien.
683 2739 1847 2947 Ich werde ihn mir holen.
683 2892 2865 3085 Ein älterer Herr, der die Mutter versäumt hat.
702 3055 1786 3211 Wir können nicht lügen.
695 3220 2846 3373 Es ist unglaublich, wie herzlos Sie sind. Man
708 3339 3024 3526 könnte Ihrstwegen so ein Weib stehen und zugrunde
748 3557 1397 3698 gehen lassen.
