3512 4184
678 690 2986 881 Bedenken Sie: er hat eine Frau, Kinder - man muss
681 887 1374 1051 ihm verzeihen.
687 1000 2915 1189 Man sollte auch solche Leute lieber gleich ganz
750 1189 1556 1392 jung erschlagen.
720 1463 3031 1663 Ich bitte Sie, gnädige Frau, seien Sie doch nicht
723 1625 2383 1840 so dämonisch - das ist ja ekelhaft.
735 1923 2900 2150 Das Wichtigste, was eine Verführte zu tun hat,
764 2058 3097 2284 ist, sich ein schwarzes Spitzentuch anzuschaffen.
759 2365 3109 2589 Der alte Ehrenberg: Mein Haus will ich rein haben;
738 2604 2473 2780 ich werfe jedes Stubenmädel hinaus...
776 2741 2959 2944 Arzt: Mit dem Sie ein Ver ältnis gehabt haben.
830 2834 3073 3079 Der Arzt zu dem selben: Regen Sie sich nicht so
794 3007 3159 3258 sehr über die Gemeinheit der Menschen auf: es muss
764 3168 3171 3413 doch ein Trost für Sie sein, dass Sie von allen das
806 3410 1825 3584 grösste Schwein sind,
824 3512 2918 3736 Der alte Ehr: Man kann ihm nicht böse sein!
