3448 4152
641 608 1796 816 Lotte. Grosse Jeusation.
657 783 2411 971 Georg und Else. Man muss Sie zwingen.
663 932 2184 1139 Nein, ich bin gebunden. Er geht.
683 1117 3285 1414 Soene mit Anna im Absteigquartier, gegenüber der Kirche
670 1369 3133 1586 Manchmal langweilig. Wie wird es enden! Wer weiss...
670 1505 3149 1754 Er bleibt noch während sie fortgeht. Wer ist dieser
670 1741 1379 1909 Mensch drüben.
693 1871 2777 2036 Anna und Lotte unter einander. Geständnisse.
699 2000 2796 2184 Der Arzt. Frau T. sagt wie die Dinge stehen
699 2159 1725 2369 Allgemeine Gespräche.
702 2350 981 2511 Anna.
718 2489 1540 2670 Josef als Rächer.
728 2608 2016 2825 Georg, geschmacklose Scene.
