3528 4264
2688 663 2777 792 3
549 807 1620 1056 zu Hause essen könnte.
519 924 2891 1206 2. Sie kommt nach Hause. Ja sie langweilt sich so
531 1056 2992 1353 schrecklich, wenn er nicht da ist. Was soll sie denn
586 1323 804 1482 tun?
601 1409 2400 1602 Bekannte getroffen? Else zum Beispiel.
598 1577 2071 1771 Was sagt man über deine Flucht
611 1617 3078 1887 Es musste doch so sein. Ich hab dieses verlogenen Le
574 1811 2246 2062 ben zu Haus nicht mehr ausgehalten.
635 1973 1712 2194 Ja es ist auch gut so
592 2145 1436 2345 Aber was jetzt.?
654 2167 3038 2458 Irgend was muss geschehen. Ich habe den Heinrich ge
623 2461 939 2627 beten
694 2602 3112 2891 Ja das sind doch Kinderreien. Ich halte ihn für ein
675 2562 1280 2774 Wie, zu mir?
660 2832 1890 3072 sehr gescheidten Menschen.
660 2961 1909 3201 3. Anna, Alfred, Heinrich.
721 2949 3182 3336 Also was haben Sie für Talente? Das einfachste wäre
703 3149 2915 3495 wohl Sie werden Musiklehrerin., oder Stickerin.
746 3274 3066 3621 Er denkt daran Sie eventuel als Gesanglehrerin zu
706 3584 1442 3771 Minni zu geben.
740 3664 1688 3879 4. Heinrich, Alfred
