3528 4200
2906 429 3009 535 2
2762 576 2939 717 95.
770 746 1540 1002 Die Entrüsteten
773 935 2956 1149 Die Mutter sehr verstimmt, Vater auch. Tochter
838 1070 3024 1305 bleichsüchtig, hysterisch. Man soll sie verhei-
791 1223 3015 1463 raten. Sie hat nichts vom Leben. Ein alter Herr
793 1393 2930 1587 wäre da. Der Doktor meint, das wäre nicht der
846 1560 3018 1740 Richtige. Die Mutter oder eine Verwandte: Nach
820 1696 2918 1913 der Hochzeit könnte sie ja tun, was sie will.
802 1881 2134 2069 Die Tochter nimmt ihn nicht.
773 2001 2942 2236 Im II.Akt ist sie erholt, fühlt sich wohl, das
814 2192 2992 2339 Haus geht seinen guten Gang. Es wird entdeckt,
829 2322 3039 2563 dass sie einen Geliebten hat. Man ist entsetzt.
826 2480 3124 2654 Der lumpige Bruder, der sagt: Ich werde ihn zwin-
838 2621 1895 2807 gen, dich zu heiraten.
793 2739 3153 3012 Im III.Akt, der Verführer: Ich habe Ihre Schwester
840 2930 3183 3197 gerettet, sie ist glücklich. - Sie soll nun rasch
852 3097 3121 3280 verheiratet werden. Der alte Herr. Man redet ihr
846 3239 2983 3421 zu. Endlich jagt man sie hinaus: Du verdienst
852 3356 2889 3603 nicht, im Schoosse deiner Familii zu leben-
855 3559 2906 3853 Elender, Sie haben sie verführt! Sie: nein.
