3512 4248
516 867 2929 1176 Bestimmter Antrag an Georg wegen der Kapellmeister-
1732 1017 2608 1279 (Buit M borgers.)
528 1110 1498 1342 stelle in Karlsruhe.
534 1237 1753 1501 Er bespricht es mit Anna.
561 1327 2212 1633 Ich könnte hin, du kommst mir nach.
567 1549 2692 1792 Er reist für alle Fälle hin, um zu sondieren.
636 1753 2497 2053 Mit Abend, nachdem er mir d. zurückkehr, alte
654 2029 1372 2275 auszufeinschmied.
747 2053 2812 2425 der Brief, nachdem er schon geglaubt, an ihr
744 2347 2026 2593 nicht, lassen ein Telegern „
711 2485 2746 2851 Er an Ammer Ball, wie sie einem Freund
729 2806 1137 2992 ansch.
729 2854 2245 3205 „ Il hab der Kind gelödtet.”
561 3034 2473 3322 3. Dann der ist nicht für Sie. Unsern”
