3464 4216
685 415 1971 672 (Bequier: Rischweifs in Corpé. -
2829 530 2953 691 33
552 846 3000 1122 Plötzlich packt Georg eine ungeheure Unruhe, er will
555 1069 3037 1252 fort, an den Wörther-See. Eigentlich wundert er sich,
561 1209 2253 1460 dass sie ihn so leicht ziehen lässt.
564 1382 1298 1565 Am Wörther-See.
564 1531 2928 1707 Der schöne Bruder von Sissy, Sportaman, keine Spur
558 1738 2498 1881 mehr von Judentum; Verhältnis mit Frau O.
567 1869 1249 2030 Störk, Teunis.
567 2005 2931 2200 Der jüdische Frewillige. Besser, der Oberleutnant,
576 2182 1639 2355 mit dem Georg spricht.
586 2367 2194 2510 Georg in den Trubel hineingezogen.
573 2491 1865 2646 Lernt Frau O. näher kennen.
589 2519 3080 2786 Besucht die schon verlobte Sissy, und hat das Gefühl,
589 2767 1782 2962 dass er sie haben könnte.
576 2931 2990 3167 Dort am Sommertheater ist die Schauspielerin enga-
583 3130 886 3266 giert.
586 3189 2290 3412 Else voll Zärtlichkeit.
595 3319 3055 3557 Endlich hat er ein Verhältnis mit einer Dame, die er
604 3607 2309 3725 erst des Morgens kennen gelernt hat.
595 3622 2938 3867 Es ist ihm, als vergässe er die Geliebte, die das
604 3886 1246 4050 Kind bekommt.
