3496 4264
2793 533 2883 699 7
514 680 2931 977 3. Bruder Franz. Ekelhaft herumlaufen, ohne Kreuzer
488 798 2988 1172 Geld. Zur Schwester. Ich will nicht wegen so was zur
543 1133 805 1296 Mama.
546 1255 1181 1440 Alfred geht.
568 1363 2982 1721 Franz Anna. Wie weiter, Warum hast Du nicht Josef
552 1402 1006 1574 4. Tarok.
530 1523 2663 1884 geheiratet. Da wären wir alle aus dem Wasser.
584 1647 2580 2011 5. Ilse. Ich fände das Leben unerträglich.
597 1893 1887 2126 Frivole Gespräche mit Franz.
568 1874 2979 2270 Else zu Anna. Ich möchte einen Geliebten haben, man
578 2206 1638 2429 riskiert ur zu viel.
648 2267 2113 2580 Josef und Frau werden gemeldet.
651 2506 1485 2720 Anna wird blutrot
658 2512 2452 2880 Else: der hat Dich ja heiraten wollen,
683 2624 2567 2991 Anna: Ja wies nicht anders gegangen ist.
696 2720 3266 3138 6. Josef und Frau. Ich ko m Euch mein Frau vorstel en,
674 2991 3205 3426 Seine Frau gewesene Maitresse eines Fürsten, der ihr
699 3042 1858 3285 Ist Minni noch nicht da,
699 3266 3046 3659 7. Minni und gutter kommen von Heinrich begleitet.
699 3295 1928 3544 eine Million vermacht hat.
760 3394 3132 3758 Minni : Der Alfred erzählt uns so viel von Dir und
