3480 4200
2792 339 2937 566 23
499 816 1970 1127 Georg und Anna in ihrem Zimmer.
505 1090 1096 1262 Weihnachten.
514 1074 2598 1429 Die Hausfrau hat ihnen einen Baum gestiftet.
520 1235 2999 1539 Die Sache ist gar nicht so schwierig: Im März reisen
542 1425 2959 1699 wir in die Schweiz, im Sommer miete ich ein kleines
542 1703 1001 1872 Landhaus.
551 1699 2860 2060 Er fühlt, dass sie frägt: warum heiratet er mich
566 2038 881 2186 nicht?
576 2072 1915 2334 Allerlei Unbequemlichkeiten.
582 2257 2697 2528 In der Zwischenzeit zu der Mutter Theresens.
600 2371 2503 2642 Sie hat nur Vertrauen zum alten Breuner.
616 2475 3082 2792 Therese hat ihr erzählt, dass der Oberläutnant ihren
671 2709 2047 2949 Bruder so schlecht behandelt.
699 2851 1970 3076 Ich nicht einmal zu kein Eben ge¬
730 2983 2580 3294 Faber fort. - Italien. - dann Landheit vor Juni an. -
