<?xml version="1.0" encoding="UTF-8" standalone="yes"?>
<PcGts xmlns="http://schema.primaresearch.org/PAGE/gts/pagecontent/2013-07-15" xmlns:xsi="http://www.w3.org/2001/XMLSchema-instance" xsi:schemaLocation="http://schema.primaresearch.org/PAGE/gts/pagecontent/2013-07-15 http://schema.primaresearch.org/PAGE/gts/pagecontent/2013-07-15/pagecontent.xsd">
    <Metadata>
        <Creator>prov=READ-COOP:name=TrHtr:version=2.1.0:model_id=51170:date=30_07_2023_10:25</Creator>
        <Created>2023-05-10T13:59:50.863+02:00</Created>
        <LastChange>2023-07-30T10:25:58.250+02:00</LastChange>
        <TranskribusMetadata docId="1428600" pageId="55415878" pageNr="55" tsid="131494424" status="IN_PROGRESS" userId="64420" imgUrl="https://files.transkribus.eu/Get?id=MXSMZNCWYOYRECFXWZJPJKQH&amp;fileType=view" xmlUrl="https://files.transkribus.eu/Get?id=CWQXSLSGUKDOXAVXGNWKGJAH" imageId="44689985"/>
    </Metadata>
    <Page imageFilename="1428600_0055.jpg" imageWidth="3480" imageHeight="4184">
        <ReadingOrder>
            <OrderedGroup id="ro_1711789532580" caption="Regions reading order">
                <RegionRefIndexed index="0" regionRef="tr_2"/>
                <RegionRefIndexed index="1" regionRef="tr_1"/>
            </OrderedGroup>
        </ReadingOrder>
        <TextRegion id="tr_2" custom="readingOrder {index:0;}">
            <Coords points="832,928 3214,928 3214,1934 832,1934"/>
            <TextLine id="tr_2_tl_1" custom="readingOrder {index:0;}">
                <Coords points="879,1043 1028,1064 1122,1008 1175,1026 1213,999 1239,1020 1286,1002 1292,894 1228,902 1154,885 1084,897 1049,876 970,888 938,861 891,867"/>
                <Baseline points="898,1005 937,1002 981,1002 1026,999 1071,996 1116,996 1160,993 1205,987 1250,984 1295,978"/>
                <TextEquiv>
                    <Unicode>ren die?</Unicode>
                </TextEquiv>
            </TextLine>
            <TextLine id="tr_2_tl_2" custom="readingOrder {index:1;}">
                <Coords points="812,1181 1653,1137 1825,1190 2060,1096 2329,1134 2534,1084 2540,982 1547,1075 1474,1023 820,1049"/>
                <Baseline points="832,1160 841,1163 886,1163 931,1163 975,1163 1020,1160 1065,1160 1110,1154 1154,1154 1199,1151 1244,1148 1289,1142 1333,1142 1378,1140 1423,1137 1468,1137 1513,1131 1557,1128 1602,1125 1647,1125 1692,1122 1736,1119 1781,1116 1826,1113 1871,1107 1915,1104 1960,1101 2005,1095 2050,1092 2094,1089 2139,1086 2184,1080 2229,1077 2274,1074 2318,1074 2363,1068 2408,1062 2453,1059 2497,1059 2542,1059"/>
                <TextEquiv>
                    <Unicode>Berthold, Anna sprechen mit einander.</Unicode>
                </TextEquiv>
            </TextLine>
            <TextLine id="tr_2_tl_3" custom="readingOrder {index:2;}">
                <Coords points="829,1342 1345,1368 1491,1298 1779,1348 2455,1236 2570,1277 2581,1151 2262,1110 1644,1204 841,1178"/>
                <Baseline points="844,1325 883,1328 928,1325 972,1322 1017,1319 1062,1313 1107,1310 1151,1307 1196,1301 1241,1298 1286,1292 1331,1292 1375,1289 1420,1286 1465,1283 1510,1280 1554,1277 1599,1274 1644,1268 1689,1265 1733,1262 1778,1259 1823,1256 1868,1253 1912,1247 1957,1244 2002,1238 2047,1238 2092,1232 2136,1229 2181,1226 2226,1226 2271,1220 2315,1220 2360,1214 2405,1211 2450,1205 2494,1202 2539,1202 2584,1199"/>
                <TextEquiv>
                    <Unicode>Gg.kommt vorüber. Harmlose Begrüssung.</Unicode>
                </TextEquiv>
            </TextLine>
            <TextLine id="tr_2_tl_4" custom="readingOrder {index:3;}">
                <Coords points="905,1527 2195,1418 2490,1477 3200,1357 3211,1207 1828,1368 920,1360"/>
                <Baseline points="928,1468 931,1465 975,1468 1020,1465 1065,1465 1110,1465 1154,1459 1199,1456 1244,1450 1289,1450 1333,1447 1378,1441 1423,1438 1468,1435 1513,1432 1557,1429 1602,1426 1647,1423 1692,1420 1736,1414 1781,1414 1826,1408 1871,1405 1915,1399 1960,1393 2005,1390 2050,1384 2094,1381 2139,1378 2184,1375 2229,1372 2274,1366 2318,1363 2363,1357 2408,1354 2453,1351 2497,1348 2542,1342 2587,1339 2632,1336 2676,1333 2721,1331 2766,1325 2811,1319 2855,1316 2900,1313 2945,1310 2990,1304 3035,1301 3079,1295 3124,1292 3169,1292 3214,1283"/>
                <TextEquiv>
                    <Unicode>Anna: Ist es wahr, dass Sie nach Karlsruhe geher</Unicode>
                </TextEquiv>
            </TextLine>
            <TextLine id="tr_2_tl_5" custom="readingOrder {index:4;}">
                <Coords points="885,1673 1037,1647 1190,1691 1330,1641 1468,1661 1694,1582 1729,1614 1987,1591 1998,1477 900,1524"/>
                <Baseline points="907,1635 925,1635 969,1635 1014,1635 1059,1632 1104,1632 1148,1629 1193,1626 1238,1620 1283,1617 1328,1611 1372,1605 1417,1599 1462,1596 1507,1590 1551,1587 1596,1581 1641,1578 1686,1572 1730,1569 1775,1560 1820,1557 1865,1554 1909,1551 1954,1545 1999,1542"/>
                <TextEquiv>
                    <Unicode>Blick. Fühlen Sie Reue?</Unicode>
                </TextEquiv>
            </TextLine>
            <TextLine id="tr_2_tl_6" custom="readingOrder {index:5;}">
                <Coords points="902,1828 3123,1746 3208,1488 2203,1562 2019,1650 920,1667"/>
                <Baseline points="925,1796 966,1796 1011,1793 1056,1790 1101,1787 1145,1784 1190,1781 1235,1775 1280,1769 1325,1769 1369,1766 1414,1760 1459,1757 1504,1754 1548,1748 1593,1745 1638,1736 1683,1733 1727,1727 1772,1721 1817,1715 1862,1710 1906,1710 1951,1704 1996,1698 2041,1695 2086,1692 2130,1683 2175,1677 2220,1674 2265,1668 2309,1665 2354,1659 2399,1653 2444,1650 2488,1644 2533,1641 2578,1632 2623,1629 2667,1620 2712,1617 2757,1611 2802,1602 2847,1596 2891,1593 2936,1587 2981,1584 3026,1578 3070,1575 3115,1572 3160,1566 3205,1560"/>
                <TextEquiv>
                    <Unicode>Berth: Ich könnte nur mit Ihnen glücklich werden</Unicode>
                </TextEquiv>
            </TextLine>
            <TextLine id="tr_2_tl_7" custom="readingOrder {index:6;}">
                <Coords points="873,1948 2212,1937 2247,1781 1940,1746 1506,1820 1231,1787 882,1825"/>
                <Baseline points="889,1924 907,1924 951,1924 996,1921 1041,1921 1086,1915 1131,1915 1175,1912 1220,1909 1265,1903 1310,1903 1354,1898 1399,1892 1444,1889 1489,1886 1533,1883 1578,1880 1623,1877 1668,1871 1712,1868 1757,1868 1802,1862 1847,1859 1892,1856 1936,1850 1981,1847 2026,1844 2071,1841 2115,1841 2160,1835 2205,1829 2250,1829"/>
                <TextEquiv>
                    <Unicode>Der Vater giebt seinen Segen.</Unicode>
                </TextEquiv>
            </TextLine>
        </TextRegion>
        <TextRegion id="tr_1" custom="readingOrder {index:1;}">
            <Coords points="910,1904 3330,1904 3330,3841 910,3841"/>
            <TextLine id="tr_1_tl_1" custom="readingOrder {index:0;}">
                <Coords points="926,2124 1799,2063 2139,2110 2423,2030 2696,2077 2769,2057 2781,1925 1881,1919 1040,2013 938,1969"/>
                <Baseline points="946,2094 949,2092 993,2094 1038,2092 1083,2092 1128,2086 1172,2083 1217,2077 1262,2074 1307,2071 1351,2068 1396,2065 1441,2062 1486,2056 1530,2053 1575,2047 1620,2047 1665,2044 1710,2038 1754,2035 1799,2032 1844,2026 1889,2023 1933,2020 1978,2017 2023,2011 2068,2008 2112,2005 2157,2002 2202,1996 2247,1993 2291,1990 2336,1981 2381,1978 2426,1975 2471,1972 2515,1966 2560,1963 2605,1963 2650,1960 2694,1957 2739,1954 2784,1954"/>
                <TextEquiv>
                    <Unicode>Sissy zum Buffet, kokettiert mit Georg.</Unicode>
                </TextEquiv>
            </TextLine>
            <TextLine id="tr_1_tl_2" custom="readingOrder {index:1;}">
                <Coords points="891,2277 2915,2203 3000,2171 3018,1972 1764,2148 905,2110"/>
                <Baseline points="910,2256 954,2253 999,2253 1044,2253 1089,2247 1134,2247 1178,2244 1223,2241 1268,2238 1313,2229 1357,2226 1402,2220 1447,2217 1492,2214 1536,2211 1581,2208 1626,2205 1671,2202 1715,2196 1760,2193 1805,2190 1850,2184 1895,2181 1939,2178 1984,2172 2029,2169 2074,2166 2118,2163 2163,2160 2208,2154 2253,2151 2297,2145 2342,2139 2387,2136 2432,2130 2476,2127 2521,2124 2566,2121 2611,2121 2656,2118 2700,2115 2745,2106 2790,2103 2835,2100 2879,2094 2924,2092 2969,2092 3014,2089"/>
                <TextEquiv>
                    <Unicode>Sissy: Schade, dass Sie nach Karlsruhe gehen.</Unicode>
                </TextEquiv>
            </TextLine>
            <TextLine id="tr_1_tl_3" custom="readingOrder {index:2;}">
                <Coords points="964,2438 2095,2423 2280,2397 2288,2262 1723,2233 1462,2300 1239,2259 973,2326"/>
                <Baseline points="984,2402 996,2399 1041,2405 1086,2405 1131,2402 1175,2396 1220,2390 1265,2390 1310,2384 1354,2384 1399,2378 1444,2372 1489,2369 1533,2369 1578,2366 1623,2360 1668,2357 1712,2354 1757,2354 1802,2348 1847,2345 1892,2342 1936,2336 1981,2336 2026,2333 2071,2327 2115,2324 2160,2321 2205,2318 2250,2315 2294,2318"/>
                <TextEquiv>
                    <Unicode>Gg: Erst in vierzehn Tagen.</Unicode>
                </TextEquiv>
            </TextLine>
            <TextLine id="tr_1_tl_4" custom="readingOrder {index:3;}">
                <Coords points="970,2602 2945,2543 3320,2426 3331,2285 2666,2408 979,2464"/>
                <Baseline points="987,2569 1002,2566 1047,2566 1092,2566 1137,2563 1181,2563 1226,2563 1271,2557 1316,2554 1360,2554 1405,2548 1450,2548 1495,2542 1539,2536 1584,2536 1629,2533 1674,2524 1718,2521 1763,2518 1808,2515 1853,2509 1898,2509 1942,2503 1987,2500 2032,2497 2077,2494 2121,2491 2166,2485 2211,2485 2256,2482 2300,2479 2345,2476 2390,2473 2435,2468 2479,2465 2524,2462 2569,2459 2614,2456 2659,2453 2703,2450 2748,2444 2793,2441 2838,2438 2882,2435 2927,2432 2972,2426 3017,2426 3061,2423 3106,2417 3151,2414 3196,2411 3240,2408 3285,2405 3330,2402"/>
                <TextEquiv>
                    <Unicode>Sissy: Ah, ich bleibe Oskar mindestens zwei Jahre</Unicode>
                </TextEquiv>
            </TextLine>
            <TextLine id="tr_1_tl_5" custom="readingOrder {index:4;}">
                <Coords points="1031,2748 1061,2754 1084,2742 1122,2766 1140,2751 1190,2745 1207,2757 1275,2719 1301,2719 1301,2669 1275,2658 1266,2666 1210,2658 1157,2605 1128,2616 1084,2593 1055,2616 1034,2616"/>
                <Baseline points="1050,2718 1083,2718 1128,2718 1172,2718 1217,2718 1262,2712 1307,2712"/>
                <TextEquiv>
                    <Unicode>treu.</Unicode>
                </TextEquiv>
            </TextLine>
            <TextLine id="tr_1_tl_6" custom="readingOrder {index:5;}">
                <Coords points="1014,2907 3200,2886 3214,2672 2552,2637 2069,2748 1023,2757"/>
                <Baseline points="1029,2879 1071,2882 1116,2879 1160,2879 1205,2876 1250,2873 1295,2867 1339,2864 1384,2861 1429,2858 1474,2858 1519,2855 1563,2852 1608,2852 1653,2847 1698,2844 1742,2838 1787,2835 1832,2829 1877,2826 1921,2823 1966,2820 2011,2817 2056,2814 2100,2811 2145,2808 2190,2805 2235,2802 2280,2799 2324,2793 2369,2790 2414,2787 2459,2784 2503,2778 2548,2775 2593,2772 2638,2769 2682,2766 2727,2766 2772,2763 2817,2760 2861,2757 2906,2751 2951,2748 2996,2745 3041,2742 3085,2736 3130,2736 3175,2730 3220,2721"/>
                <TextEquiv>
                    <Unicode>Oskar kommt, trinkt viel. Macht Scherze. Kaviar</Unicode>
                </TextEquiv>
            </TextLine>
            <TextLine id="tr_1_tl_7" custom="readingOrder {index:6;}">
                <Coords points="1064,3071 1313,3030 1418,3071 1805,2997 2016,3027 2066,3006 2072,2901 1972,2868 1846,2912 1447,2904 1354,2945 1251,2898 1075,2915"/>
                <Baseline points="1083,3041 1089,3041 1134,3035 1178,3035 1223,3035 1268,3032 1313,3026 1357,3026 1402,3023 1447,3020 1492,3017 1536,3014 1581,3008 1626,3005 1671,3002 1715,2996 1760,2993 1805,2990 1850,2987 1895,2981 1939,2981 1984,2978 2029,2975 2074,2978"/>
                <TextEquiv>
                    <Unicode>das soll ja gut sein.</Unicode>
                </TextEquiv>
            </TextLine>
            <TextLine id="tr_1_tl_8" custom="readingOrder {index:7;}">
                <Coords points="1017,3249 1207,3258 1351,3197 1444,3244 1682,3164 2411,3202 2426,3033 1887,3091 1529,3035 1254,3112 1028,3085"/>
                <Baseline points="1035,3199 1038,3199 1083,3199 1128,3199 1172,3196 1217,3196 1262,3190 1307,3187 1351,3184 1396,3178 1441,3175 1486,3169 1530,3166 1575,3163 1620,3160 1665,3157 1710,3154 1754,3148 1799,3145 1844,3142 1889,3139 1933,3136 1978,3133 2023,3130 2068,3124 2112,3124 2157,3121 2202,3118 2247,3115 2291,3112 2336,3109 2381,3109 2426,3109"/>
                <TextEquiv>
                    <Unicode>Max gratuliert Frau Ehrenberg.</Unicode>
                </TextEquiv>
            </TextLine>
            <TextLine id="tr_1_tl_9" custom="readingOrder {index:8;}">
                <Coords points="993,3384 1301,3408 1629,3320 1928,3346 2218,3279 2534,3349 2546,3194 2315,3214 2133,3156 1872,3244 1339,3208 1002,3276"/>
                <Baseline points="1011,3357 1029,3357 1074,3357 1119,3357 1163,3354 1208,3351 1253,3345 1298,3342 1342,3339 1387,3333 1432,3327 1477,3324 1521,3324 1566,3321 1611,3318 1656,3315 1701,3312 1745,3312 1790,3306 1835,3306 1880,3300 1924,3297 1969,3294 2014,3291 2059,3285 2103,3282 2148,3276 2193,3273 2238,3270 2282,3264 2327,3261 2372,3258 2417,3255 2462,3255 2506,3255 2551,3255"/>
                <TextEquiv>
                    <Unicode>Frau Eh: Sie wissen: kein Grund.</Unicode>
                </TextEquiv>
            </TextLine>
            <TextLine id="tr_1_tl_10" custom="readingOrder {index:9;}">
                <Coords points="1043,3528 1799,3539 2672,3408 2874,3460 3290,3384 3299,3276 1052,3419"/>
                <Baseline points="1059,3521 1062,3521 1107,3512 1151,3515 1196,3512 1241,3509 1286,3503 1331,3500 1375,3494 1420,3491 1465,3488 1510,3485 1554,3482 1599,3479 1644,3476 1689,3473 1733,3467 1778,3467 1823,3467 1868,3464 1912,3458 1957,3455 2002,3452 2047,3449 2092,3443 2136,3440 2181,3437 2226,3434 2271,3431 2315,3425 2360,3423 2405,3417 2450,3414 2494,3414 2539,3408 2584,3405 2629,3405 2673,3402 2718,3399 2763,3399 2808,3393 2852,3390 2897,3384 2942,3381 2987,3378 3032,3375 3076,3375 3121,3372 3166,3366 3211,3366 3255,3360 3300,3357"/>
                <TextEquiv>
                    <Unicode>Max: Oskar wird geschickt genug sein, nichts zu</Unicode>
                </TextEquiv>
            </TextLine>
            <TextLine id="tr_1_tl_11" custom="readingOrder {index:10;}">
                <Coords points="1099,3701 1245,3674 1263,3692 1298,3671 1339,3695 1418,3657 1450,3677 1480,3660 1524,3692 1553,3689 1562,3583 1529,3592 1471,3563 1395,3589 1365,3563 1289,3589 1181,3572 1134,3604 1105,3601"/>
                <Baseline points="1116,3670 1160,3667 1205,3664 1250,3661 1295,3658 1339,3655 1384,3652 1429,3649 1474,3646 1519,3643 1563,3640"/>
                <TextEquiv>
                    <Unicode>bemerken.</Unicode>
                </TextEquiv>
            </TextLine>
            <TextLine id="tr_1_tl_12" custom="readingOrder {index:11;}">
                <Coords points="1072,3841 1222,3891 1368,3824 1447,3871 1565,3835 1638,3868 1708,3859 1758,3894 1770,3689 1641,3668 1585,3704 1374,3704 1210,3768 1078,3750"/>
                <Baseline points="1092,3828 1101,3831 1145,3828 1190,3828 1235,3825 1280,3825 1325,3819 1369,3813 1414,3810 1459,3807 1504,3804 1548,3804 1593,3799 1638,3799 1683,3796 1727,3793 1772,3793"/>
                <TextEquiv>
                    <Unicode>Georg undirdse</Unicode>
                </TextEquiv>
            </TextLine>
        </TextRegion>
    </Page>
</PcGts>
