3480 4168
606 507 721 756 P.S.
548 568 2966 890 nach Wien. Gehen wir jedenfalls nach Wten. Hetmweh.
539 880 922 1103 Agonte.
705 1094 804 1212 G.F.P.
539 1177 3103 1397 Ankunft in Wien. Gefühle. Setzt sie vorläufig bei Mor
577 1314 2978 1562 weis ab. Er nach Haus. Glücklich in seinem wohligen
584 1502 922 1684 Zimmer.
580 1642 1489 1849 Lotte schon zurück.
587 1808 1362 1983 Heinrich zu ihm.
596 1878 3150 2152 Ich war mit Anna fort. Karleruhe. Ich werde Anna hetra
606 2108 2478 2286 ten vielleicht. Sie kann mir nachkommen.
596 2207 2583 2427 Bertholbet Lotte. Zurück. Wo steckt Anna!
593 2398 1916 2586 So und so stehen die Sachen.
603 2573 1594 2774 Wiedersehen mit Anna.
603 2739 1798 2924 Kurzes Gespräch. Er geht.
599 2873 2854 3061 Brief von Georg. Er kommt mit Hetnrich am Abend.
603 3020 2905 3211 Der alte Dohtor kommt. Gespräch. Die Mutter komnt.
622 3160 2318 3374 Georg und Hetnrich kommen. Gespräch.
612 3316 1760 3520 Mutter nimt sie zurück.
606 3498 1518 3718 Abschied von Georg.
