3496 4168
510 590 2999 819 Zuerst ist er sehr traurig. Dann ein unsagbaas Gef체hl
553 726 1187 924 der Freiheit.
495 989 1768 1246 Hochzeit Oskars und Datsys-
504 1224 1196 1410 Gratulationen.
501 1400 2399 1564 Zuerst am Buffet Max Schwarz und Bandix.
513 1521 1240 1709 Berthold kommt.
501 1663 1478 1864 Else mit Alzibtades.
504 1842 1567 1988 Anna mit ihrer Mutter.
504 1957 1889 2152 Heinrich und Frau Oberberger.
519 2124 2306 2306 Georg und Anna dr체cken sich die H채nde.
513 2297 1663 2488 Berthold und sein Vater.
519 2427 2393 2615 Tus ruhig, jetzt kannst Du es ruhig tun.
519 2590 2393 2760 Wollen Sie meine Frau werden Anna.? Ja,
519 2760 2999 2924 Georg und Heinrich. Wie alles durchetnander schwirrt.
504 2887 2934 3125 Lotte ist verhaftet. Diesmal wegen Majest채tsbeleidt
526 3097 782 3252 gung.
526 3227 1385 3403 Oskar sehr lustig.
501 3376 1802 3509 Datsy kokettiert mit Georg.
510 3561 2266 3737 Heinrich und Georg beginnen zu reden.
