3528 4248
1382 939 1484 1124 G.F.P.
519 989 1294 1176 Der nächste Tag,
522 1121 1716 1338 Die Wohnung auf dem Land.
519 1300 2561 1496 Was bedeuten alle diese vergangenen Monate?
528 1482 795 1672 Wozu?
531 1561 2855 1784 Hat er nicht am Ende das Kind getötet durch seine
578 1775 1282 1939 Lieblosigkeit?
531 1875 1652 2077 Heinrich heraus zu ihm.
543 2036 1822 2241 Die Schauspielerin ist tot.
546 2206 1766 2444 Sinnlosigkeit des Lebens.
557 2391 1323 2596 Gewissensqualen.
552 2426 2907 2702 Heinrich: Nein, sie dürfen daran nicht leiden, für
552 2637 1543 2855 Sie ist das nichts.)
563 2793 2869 3031 Arbeiten wir oder sterben wir - es giebt nur das.
528 2948 2687 3262 Hier diesen Wort kommt ihn selbst u Ekenleiser Er mit so sein.
