3496 4200
744 776 1843 962 Nicht, dass ich wüsste.
747 875 2890 1105 Oskar: Ich habe gestern Abend die Anna in das
739 1084 3015 1285 Haus gehen gesehen. Ich will nicht, dass wir mit
759 1218 1965 1439 dieser Familie verkehren.
759 1404 2050 1602 Else: Du hast’s notwendig.
762 1576 1689 1765 5. Heinrich kommt
765 1710 3105 1884 Der alte Ehr.geht, die Tarockpartie löst sich auf
736 1867 2945 2059 Jonas frech mit Heinrich - Kritiker soll er wer
788 2073 1006 2210 den.
785 2137 2538 2387 Max: Man begreift den Antisemitismus.
800 2291 3088 2483 Jonas: Die Antisemiten glauben, sie machen es an-
808 2503 2003 2692 ders - nur ungeschickter.
814 2655 3065 2861 6. Heinrich und Else. Erinnerung an den Sommer.
840 2812 2053 3009 Nein, es ist nichts mehr.
855 2969 2957 3192 7. Oberleutnant Demeter und Frau Oberberger
820 3137 2250 3320 kommen ganz zufällig zusammen.
852 3236 3105 3509 Frau Ob. zu Heinrich: Was täten Sie, wenn ich um
872 3460 2448 3623 Mitternacht an Ihrem Bett stünde?
840 3591 2044 3812 Heinrich: Weiterschlafen.
