3512 4184
3045 433 3131 591 2
795 650 1154 828 II. Akt.
795 742 3110 1062 Er hat seine Geliebte eben von Hause weggenommen.
795 1003 1950 1202 Sie beraten, was zu tun.
792 1119 2959 1350 Er bringt sie zu einer Familie, wo sie wohnen
807 1318 1068 1510 soll.
855 1475 2054 1686 :Das Kind ist gestorben?
804 1605 3083 1813 Er: Mast du dich eingewöhnt? Womit wirst du dich
810 1786 3080 1988 den ganzen Tag beschäftigen? Ich kann nicht viel
810 1923 3101 2125 bei dir sein. Mein Beruf, Freundinnen von dir zu-
810 2119 3018 2309 rückgezogen, heiraten unmöglich. Meine Eltern -
819 2226 3196 2430 ich verdiene nicht genug. Dann muss ich mein Leben
816 2445 2235 2617 auf ganz andere Basis stellen.
828 2594 2641 2786 Von dem Arzt, der sie heiraten wollte.
819 2718 3211 2956 Heute ist er wieder da oder dort geladen. Die Frau
831 2929 1686 3119 bei der sie wohnt.
825 3062 2110 3267 Die Frau und sie. Gespräch.
831 3223 1884 3341 Der Rausch ist vorbei.
831 3335 3012 3540 Eine Freundin bei ihr. Du hast deine Freiheit.
843 3534 2119 3700 Mutter wurde ihr verzeihen.
