3464 4152
482 550 1279 846 Georg tritt ein.
482 697 2903 1016 Er findet die Leute wie schon oft. Sie,erzählt, was
511 976 1143 1136 vorgefallen.
498 999 3004 1338 Er geht hineln und sagt ihr wiese. - Wie hergekommen.
511 1175 2959 1478 Nein, singen Ste. Schade, dass Sie nicht ausreichen.
527 1325 2786 1631 Was für Verhältnisse. Wer ist denn da draussen.
534 1504 2484 1780 Berthold. Sind Sie verlobt mit thm.2- Nein.
527 1647 3004 1907 Aber wir müssen hinaus. Georg und Berthold. Berthold
557 1816 2256 2073 reist fort. Georg geht. Ueber Lotte.
553 1943 2868 2194 Hier schon der Alte, Berthelds Vater einsetztend.
553 2070 3164 2389 Anna und ihre Mutter. Du vetest sehr gut, warum er fort
579 2298 2285 2549 geht. Wie soll das mit Georg werden!
583 2516 2988 2832 Georg geht spazteren. trefft Hetnrich, der eben von
579 2724 3001 3014 Bendx kommt. Sonderbare Familie. Stoff. Spaziergang
2838 2812 2965 2920 the
579 2825 2930 3148 Traumhafte Stimmung. Sie reden auch über Remorte
579 3001 3203 3317 Eben geht er dort vorüber. Diese also eigentlich ein un¬
618 3200 1494 3476 glückliches Mädel.
625 3327 2321 3616 Wir müssen noch öfter darüber reden.
