3480 4168
2904 466 3063 745 12
2581 602 2691 838 H.S.
509 642 2498 968 Josef fühlt sich als Verteidiger der Ehre.
522 885 2129 1098 Georg kommt das alles so dumm vor.
516 1024 2997 1194 Es fällt ihm ein, dass ein Duell mit Josef lächerlich
2771 1148 2877 1307 P.S.
2099 1128 2731 1337 Monsieur,
1490 1174 1580 1357 G.C.
542 1217 805 1397 wäre.
539 1317 2977 1550 Er sagt zu Anna: Komm. Sie gehen beide.
536 1500 1776 1713 Der Vater kommt und weint.
599 1663 782 1869 G.C.F.
562 1776 1297 2009 Wohin mit Anna?
546 1866 3147 2132 Am besten zu Frau Marwet. Lotte ist fort auf einer Agt
582 2145 1204 2315 tationsreise.
585 2165 3053 2455 Georg rascher Entschluss. Fortretsen. Hetraten, nein.
579 2375 2970 2621 Sie reisen. München. Sehr schön. Glücklich. Frei.Es
582 2598 2368 2747 wird sich schon alles irgendwie lösen.
2970 2558 3223 2728 Anne
579 2694 3256 2891 Korrespondenz mit der Mutter. Sie hat gesagt, dass ###
599 2857 2851 3057 auf einer Reise mit einer Schülerin ist.
589 3017 2894 3197 Endlich an den Genfer See. Glton.
599 3150 2997 3336 Lotte mit Alzibtades. Gespräch. Kahnfahrt zu utert.
602 3320 2012 3522 Traumhafte. Melancholte Annas.
595 3453 3113 3709 Brief wegen der Karleruher Stelle. Der Direktor kommt
