3512 4168
2958 393 3116 680 11
594 677 2991 928 Bei Helnrich. Sie gehen zusammen aufs Land. Salmans
614 901 1281 1066 dorfer Gegend.
1320 905 1552 1060 G.C.F.P.
598 974 2228 1221 Heinrich über seine Liebe zu Wien.
2565 924 2677 1155 G.H.F.P.
604 1096 3159 1367 Wie es einem die Kerle ehelhaft machen. Meine Liebe zu
621 1284 3252 1522 Wien vielleicht wirklich, wiel fremd. Wer kann es wissen
611 1482 2367 1680 Es ist zu dumm, aber ich muss weinen.
611 1571 3212 1812 Nein, ich liebe es nicht mein Vaterland. Ich habe keine
621 1763 3272 1974 Sympathie für die Leute, für den Kaiser. Es ist das Land
627 1944 2869 2129 Treffen Oskar im Fiaker mit Datsv. Rudt ist mit.
634 2040 3182 2298 Gemeinschaftliches Nachtmahl. Es ist sehr zuwider. Zu-
637 2242 1918 2463 sammen auf die Rohrerhütte.
2268 2232 2443 2430 G.H.F.P.
627 2413 2681 2591 Schon Gedanken Georgs was zu tun?
634 2591 3159 2925 Bei Rennerts. Die Schwester weil Geburtstag des Alten.
647 2859 3130 3070 Oder sie sagen ihr das unter vier Augen, wegen Anna.
654 2958 3123 3209 Ueber ihre Jugend. Was ist die Liebe. Schau, Du hast
664 3060 3248 3354 ihn aus Liebe gehetratet und ihn betrogen, ich ohne Lie
660 3311 2109 3499 be und bin ihm treu geblieben.
650 3460 2166 3684 Anna kommt. Vorwürfe der Mutter.
