3544 4216
2634 380 2821 703 96.
460 832 1305 1072 Unreif zur Stunde.
380 949 3027 1229 Ein junges Mädchen aus guter Familie geht ein Verhältnis
436 1106 2977 1355 mit einem jungen Mann ein, mehr aus theoretischer Ein-
446 1289 3110 1542 sicht, als aus Leidenschaft. - Wie sie sich nicht darein
460 1518 1049 1712 finden kann.
476 1738 3027 1971 Er fährt zur sterbenden Geliebten von früher; man-hört
476 1901 3117 2145 Man hört auf, vor ihm von ihr, ver ihr von ihm zu reden.
496 2105 1635 2314 Vater weinerlicher Arzt.
496 2234 2391 2474 Was machen die Leute in kleinen Städten?
503 2351 3087 2607 Wie sie zusammensitzen. Er denkt: Wenn ich nur eine an-
523 2541 3154 2781 dere Geliebte hätte. Sie: Wenn ich nur verheiratet wäre.
626 2721 2274 2917 Chambre garni vis-a-vis der Kirche.
529 2910 1542 3097 Orgelspiel gegenüber.
533 3007 2771 3250 Sie wird detiert. Warum heiratet er mich nicht?
546 3130 3227 3387 Sie: Er ist gar nicht stolz, dass ich seine Geliebte bin.
633 3327 2694 3556 Ja, wenn wir ein schönes Himmelbett hätten!
