3384 4200
509 707 1785 894 Arzt: Er arbeitet fleissig.
521 830 1837 1051 Therese und Anna gehen fort.
521 1004 1808 1194 4. Frau Rosner nach Hause.
527 1150 2789 1325 Bald darauf Frau Ehrenberg. Sie will eigentlich
527 1345 2536 1514 nichts sagen, endlich doch: Georg und Anna.
539 1470 2737 1648 Frau R: Nicht möglich! Er kommt gar nicht mehr.
541 1616 1788 1846 Frau Ehr: Aber sie zu ihm.
541 1782 2888 1974 Gespräch über die Unsicherheit aller Verhältnisse.
539 1959 2804 2151 Frau Ehr: Du hast aus Liebe geheiratet und warst
507 2096 2440 2277 deinem Mann im ersten Jahre schon untreu.
541 2245 2728 2431 Frau R: Aber das ist ja nichts, es ist je wie
597 2416 1473 2623 ein Traun gewesen.
556 2571 2675 2739 Frau Ehr: Und ich treu - auch wie ein Traum.
559 2699 2745 2903 Frau R: Aber gieb mir einen Rat: was soll ich
507 2894 897 3103 machen?
562 3074 2122 3261 5. Anna kommt. Frau Ehr.bald ab.
582 3182 2783 3403 Frau R: Mein armes vind, er muss dich heiraten.
579 3392 2742 3560 Anna: Nein, so dürft ihr ihm nicht kommen; das
591 3514 1362 3715 ist meine Sache.
597 3607 2905 3869 Frau R: Wenn's der Vater erfährt, er bringt sich
