3384 4200
615 689 2819 897 schreiben Sie mir nur. Aber nicht an meine alte
556 895 2910 1083 Adresse; ich wohne seit einem Monat Meyerhofgasse.
609 1083 2875 1233 ölse anfangs sehr verblüfft. Demster mit Therese
624 1227 2860 1407 verbandelt, Heinrich mit Frau Oberberger. Bleibt
618 1359 2545 1612 für sie nur der Onkel Jonas, das Schwein.
606 1615 1580 1830 III.Akt. Bei Rosner.
603 1824 2825 1998 1. Anna, Georg, Sene des Glücks. Er komponiert
686 1986 2731 2172 jetzt, alles ist schöner als je. Er ist ent-
609 2136 2057 2410 schlossen, sie zu heiraten /?
574 2330 1721 2525 2. Anna, Therese kommt.
577 2463 2931 2642 Therese verreist auf einige Zeit. Das Leben ist so
580 2631 1966 2784 reich; du hast ja keine Idee!
615 2772 2937 2937 Anna: Wer weiss?... Sie deutet ihr Verhältnis mit
627 2972 2993 3137 Georg an. Er wird mich heiraten. Ich habe mich ihm
615 3084 1730 3290 hingegeben - desswegen.
624 3146 2378 3431 3. Der Arzt, Bertholds Vater, kommt,
674 3378 2710 3575 Arzt zu Anna: Bist du glücklich, mein Kind?
586 3560 1780 3734 Anna: Was macht Berthold?
