3480 4152
772 613 2998 833 Frau Rosner und Frau Ehrenberg, die schwestern:
766 816 2335 1024 Wir müssen wieder mehr verkehren.
769 977 1825 1144 Frau R: Es geht nicht.
769 1115 2564 1314 Frau B: Kann ich nichts für euch tun?
769 1300 2987 1496 Frau E. hat immer die Familie unterstützt, aber
763 1473 2103 1663 Rosner darf es nicht wissen.
757 1614 2755 1740 Heinrich erzählt den Beginn des Librettos.
757 1772 2370 1957 Abschied. Nur Georg bleibt zurück.
763 1916 1678 2089 11. Gewitternacht.
769 2080 2981 2230 Georg: Heinrich hat mir einen so schönen Stoff
769 2253 1165 2397 erzählt.
716 2353 2761 2588 Anna sagt zu ihm am Schluss des Aktes: Ja.
757 2737 2045 2890 II.Akt. Im Hause Ehrenberg.
757 2840 1857 3036 1. Mutter und Tochter.
754 2995 2972 3195 Der Vater mit Reisevorbereitungen nach Abbazia.
748 3154 2989 3347 Herr Ehr: Jetzt könnt ihr sure Künstler wieder
710 3333 2696 3474 jeden Tag sehen. Zuwidere Leute, arrogant.
760 3453 3116 3667 2. Max Schwarz kommt. Früher Schriftsteller, lebt
766 3609 2922 3864 von nichts. Die Art, wie sich Ehrenberg verab-
