3512 4184
663 589 2272 760 Der Journalist in den Entrüsteten.
663 737 3045 932 Was soll ich für einen Menschen Reklame machen, der
657 897 3015 1065 mich nicht achtet, der mich nich grüsst, von dem
669 1027 1459 1225 ich nichts hab'?
675 1127 2879 1376 Der Kritiker, der sagt: Endlich einer, dem ich
678 1331 3050 1515 kein Geld schuldig bin - da kann ich gerecht sein.
1814 1465 1982 1568 die
686 1512 3068 1707 Aktuell mussen Sie sein, in Bezienungen müssen Sie
743 1678 2968 1837 bringen, wenn Sie schreiben ein Feuilleton über
698 1840 3009 1988 Kirchenbau und zufällig stirbt der Schah von Per-
710 1965 2710 2178 sien, so müssen Sie einflechten den Schah.
