3512 4264
562 669 3156 827 Im Hinausgehen zu Heinrich: Seltsam sind diese Zufälle,
630 843 2429 1037 dass ich gerade den kenen lernen muss.
610 927 2813 1189 Ich geh mit Ihnen weg, bin schlecht aufgelegt.
581 1095 3110 1328 6. Winter, Mutter, Tochter. Das eben ist sehr schwer.
627 1198 3227 1466 Was tun? Mir geschehen die traurigsten Dinge. Stellen
636 1363 2988 1605 Sie sich vor man verkehrt in einem Haus, Tochter -
640 1492 3098 1738 und sie ist verschwunden. Herz ausgeschüttet. Gehen.
607 1609 3185 1890 7. Mutter Tochter. Wird er zurückkommen? Nein, er ist
607 1712 3198 2067 unverlässlich. Es läutet. Er ists. Ich habe nie solch
672 1944 2045 2180 ein Gefühl des Glücks gehabt.
682 2028 2985 2322 8. Tochter. Alfr d. Was ist das, Ernst? Oh nein.
675 2116 3172 2497 Gebunden. An wen? Wodurch? Wieder eine Kokotte oder
656 2303 2910 2623 eine Frau? Sie sagt ihm, dass sie ihm liebt. Wir
701 2435 3194 2755 zwei passen zusammen. Herzlos. Sie lieben sie nicht
665 2542 3259 2901 mehr. Warum heiraten Sissie nicht? Kapellmeiserstelle
682 2655 3266 3043 Ich werde lieber gar nicht mehr kommen. Herzlos sind Sie.
685 2962 1844 3214 Ich werde ihn mir holen.
711 3081 3159 3508 In einer Wohnung, die Alfred für sie aufgenommen hat.
746 3143 1328 3343 Zweiter Akt.
817 3324 3285 3740 1. Alfred Frau Blümel. Ueber die Kost. Ob sie nicht
730 3350 2096 3611 Seit acht Tagen wohnt sie da.
