3496 4200
643 661 795 885 um.
646 816 3017 1049 6. Der Bruder Josef kommt dazu. Er hört, versteht
626 1016 2928 1197 Josef: Ah, so steht die Sache! Na, dem Mann werd
637 1162 2443 1355 ich's sagen! Ich vertrete die Familie.
566 1311 2026 1519 Die ängstliche Mutter hinaus.
637 1463 1412 1665 7. Gerg, Josef.
637 1606 2901 1787 Josef spielt den Korrekten:vielleicht giebt er
640 1743 2904 1987 ihm zuerst das Geld zurück" oder einen Schuld-
646 1915 3012 2112 schein: "Sie haben meine Schwester kompromittiert,
640 2094 1805 2306 Sie müssen sie heiraten!
652 2261 2204 2431 Georg: Was geht denn das Sie an?
646 2401 1918 2580 Josef: Ich bin der Bruder.
652 2532 2994 2770 Georg! Nun ja - und was sonst? Sie haben ihr Leb-
649 2714 2892 2839 tag nichts gemacht, sich ausfüttern lassen. Sie
655 2866 2124 3056 sind ein Lumpam, weiter nichts.
611 3047 1290 3238 Josef: Hinaus!
617 3202 1707 3387 Georg: Ist es Ihr Haus?
658 3348 1528 3566 Anna: Frecher Bub!
658 3437 2833 3712 Josef zu seiner Schwester: Du bist ein Mensch!
667 3655 3056 3869 Georg will ihn ohrfeigen, besinnt sich. "Du kommst
