3480 4264
2797 589 2941 730 10
532 708 2989 1038 Blatt heraus. Kunstfeindliche Tendenzen Zu Heinrich.
493 871 3072 1157 Ihre Sachen gefallkn mir. Nur zu viel Liebe. Sozialer
500 1115 1733 1314 Hintergrund ist notwendig.
500 1125 3018 1471 7. Oberleutnant X. kommt. erzählt von dem und jenem.
573 1352 2989 1698 8 Jo sef zurück. Wer von unsern Bekanten wohnt
522 1384 1618 1595 Später zufällig Frau K.
535 1595 2352 1839 Mariannengasse? das interessiert mich.
554 1685 2871 1996 9. Mutter Tochter. Wird Alfred zurückkommen?
570 1752 3111 2143 Unverlässlich. Es läutet. Er ists. Ich bin glücklich.
628 2089 1826 2297 Ich glaube ich liebe ihn.
638 2182 2531 2454 10. Alfred zurück. Ernst? Ja. Gebunden.
606 2163 3162 2611 Wodurch? Kokotte, Schauspielerin Frau? Wir zwei pas
625 2550 1265 2730 sen zusammen.
676 2630 2012 2867 Er- Sie würde daran sterben.
695 2717 2336 3008 Sie: warum heiraten Sie sie nicht,
714 2755 3069 3140 11. Josef. Junger Mann im Grunde haben Sie recht.
721 2951 2537 3300 Josef weiss, dass Anna bei Alfred war.
721 3226 1326 3454 Dritter Akt.
