3464 4200
872 356 1384 594 O. Ohloh. aber
2458 438 3013 783 Went Novembr
274 591 2213 836 Abgepraeten im Ehr bei Eheel – 15 heraus sich
260 825 2554 1099 Wachmacht Thein. Anna in Zinsen. – Gespräch über Zukunft. kein
1871 982 2369 1174 2. Dezah.
295 1014 1601 1245 zu kennet. Anwege Breit
313 1231 2031 1501 Verlohnung Piesy-Oskar. – Tuft Grad 1. Feber. -
377 1430 3049 1821 erfasen, drei. - München. (Vermaz.) Mss Kommt April. -
3084 1409 3202 1636 6
327 1757 2828 2113 Salumnisches. - Julis. - Er fährt zu Karthümer „hocht oben Gegener
2967 1846 3184 2038 Juni
2362 1942 2963 2263 Herrn Hout
338 2035 2334 2291 levor er las haar jetzt – Unruhe, cetreit herzs.-
601 2206 939 2348 Manein
366 2199 516 2405 S.
310 2245 3131 2569 Krei gefahrt.. Ernung an alter war er erwitt hat. „Gehöhet, Kircklich, 18.) u.
349 2426 3049 2746 Schwöne... Theres... Üb Therese Famil Heinrich 11. April. 11.
1387 2586 2971 2853 Zwei zu Gemein, früh der Kirchkärterin
427 2764 2857 2946 urtheil vor der Kirche. - “wo die schon Gestor (Andern zu Ge¬
395 2903 3259 3095 als keine gelöstet. Schaflof Nach Hinaus von Gränzen Zog. Acten Appellant
1953 3017 2615 3191 1. Tagek.
573 3031 1907 3230 Bilgrillant Ann  15th of John
2967 3116 3255 3280 10.
388 3127 2850 3401 Bei Gericht?  Bertholr.  Anw...    -  M alte....  Fr Bremel u. Theres.
2291 3252 2771 3437 1. Deglaub
2145 3351 2231 3447 de ses
409 3294 2049 3518 Leb, vor dem diell.... Georg... Idici nicht & keine
1996 3405 2586 3710 15 ocsh.
1014 3497 1775 3771 Velohius Else.
544 3582 996 3807 ffent tems. -
