3512 4200
815 815 3006 948 Die Tochter zur Mutter, die ihr ihren Fall vor-
803 925 3011 1113 hält: Warum soll ich, die Arme, die nie jemand
815 1066 3000 1286 heiraten wird, zu ewiger Keuschheit verurteilt
818 1283 1092 1454 sein?
827 1405 3040 1621 Die Gleiche verlangt auch Achtung von ihrem Ge-
827 1546 3058 1763 liebten, - von ihrem zweiten auch, der doch bei
844 1722 3107 1968 aller Liebe ab und zu seine Gnade durchschimmern
835 1916 1968 2075 lässt, seine Verzeihung.
841 2052 1566 2240 Und ich dir...’?
835 2332 2971 2569 Die Mutter kommt von einem Besuch nach Hause.
844 2491 3165 2737 "Mein Kind, was man von dir erzählt! Du seist die
853 2705 2474 2925 Geliebte von X. Diese Verleumdung!
893 2861 1393 3058 Ich bin’s.
855 3040 1225 3196 El ende!
818 3179 2208 3390 Eventuell zu den Entrüsteten.
