3512 4216
2681 498 2824 674 29
458 823 2547 1087 Brief von Heinrich mit Skizzen zum Libretto.
462 1157 1527 1260 Er liest sie Anna vor.
471 1296 1054 1430 Bald zurück.
477 1375 2915 1573 Ein Landhaus, nicht weit von Wien, soll gesucht wer-
495 1600 701 1804 den.
547 1749 1524 1949 die Ohrzeige, die Rk erhält.
550 1840 1263 2034 tuttiger Abend?
550 1986 1558 2180 Ernung an der Teppil.
465 2119 2213 2399 der Prinz.  An uns geht das Land zu Grunde.
540 2344 1460 2517 (Er ist mit 3 Weitere etc.)
531 2462 2720 2748 Nicht Begrifferung u nicht Entrichtig ist erst bei uns,
516 2651 1782 2833 um der Gefs gegen der Toden
