3560 4248
1003 878 3052 1026 Georg: Ich will sie nicht sehen; ich komme
873 966 2020 1190 gegen Abend noch einmal.
822 1173 1975 1346 5. Die Mutter und Anna.
822 1275 3100 1493 Die Mutter: Was soll das werden, Anna? Berthold
833 1485 3021 1661 geht deinetwegen weg. Georg liebt dich - warum
825 1618 1935 1828 heiratet er dich nicht?
830 1791 2621 1947 Anna: Mutter, das verstehst du nicht.
819 1918 2222 2120 Mutter fort, Toilste machen.
839 2097 1833 2295 6. Anna, der Bruder.
839 2224 2545 2457 Er will sich von ihr Geld ausleihen.
825 2395 1890 2601 Anna: Ich habe keins.
842 2553 2131 2737 7. Sophie, Freundin Annas
842 2715 2224 2927 Cynische Gespräche mit Josef.
847 2856 2930 3063 Ueber das Brautpaar, das gleich kommen soll,
847 3015 3043 3213 Oskar hat ein Verhält nie gehabt, ich hab' ihn
850 3157 3089 3375 mit ihr gesehen. Er hat ihr tausend Gulden gege-
856 3364 3137 3531 ben. Sissy, na die!... Auch Mit Georg hat sie et-
861 3537 1397 3741 was gehabt.
