3480 4248
374 362 684 560 Augst
449 488 2012 801 Bezien, wie er auf i ab geht an harten.
554 916 2973 1160 Der schöne Herbsttag, an dem das Kind geboren wird.
551 1139 1398 1359 Anna leidet viel.
560 1262 2446 1509 Dr. Breuner kommt. Das Kind ist tot.
569 1452 2290 1648 Vergebliche Wiederbelebungsversuche.
572 1560 2344 1811 Georg an Anna's Bett, hält ihre Hand.
578 1747 2615 1958 An dem selben Abend radelt er in die Stadt.
578 1928 1181 2085 Zu Heinrich.
581 2003 2913 2256 Ein Brief der Schauspielerin. "Ich hin gestorben,
563 2217 2048 2407 wenn du die sen Brief erhältat.'
624 2371 1262 2558 Heinrichs Schmerz
645 2500 1097 2660 die Nacht. -
1814 2497 2070 2663 décembre
687 2567 1476 2744 der nächst Morgen. -
690 2654 2889 2898 Waldacht Heimit bei Güstis lütter, die noch nichts meist
