3528 4280
2567 650 2709 821 15
539 973 2912 1223 Alfred Anna. Gestehen einander, dass es sehr schön
488 916 675 1090 lo-
513 1071 3061 1334 war und dass es das Beste ist, wenn sie jetzt auseinan
526 1188 2931 1505 dergehen. Wie sie geht fühlt er sich plötzlih uner
532 1502 1030 1670 hört frei.
586 1626 2909 1923 Hochzeit M und B. Hochzelt Josef und Fräulein X.
580 1629 1176 1809 Fünfter Akt.
605 1752 3140 2082 1. Frau F. und einrich. Diese verwirten Verhältnisse,
618 1851 3083 2221 Das liegt darin, dass die Fabilva den zwei Menschen
589 2050 2899 2377 die zusammengehören immer unerlaubt kindisch ist.
643 2161 3099 2522 Im Wesentlichen hat keiner von uns das Recht über je
684 2415 3118 2773 Frau F. Sie sind geistreifh, dass erklärt mir vieles
659 2411 1860 2652 manden entrüstet zu sein.
684 2541 3055 2934 an mir. Sie Wären Sie erstaunt, wenn ich plötzich
700 2728 2690 3055 Mitten in der wacht vor Ihrem Bett stünde?
710 2795 3083 3223 2. Frau F. Baltazzi. Sagen Sie warum heiraten Sie
691 2991 3109 3337 dieses kleine Dingt. Heinrich war eben so gestreich,
703 3172 2351 3489 und sagt, dass es keine Treue gibt.
748 3181 3248 3619 3. Josef und Frau F. Isst Kaviar. Nein Sie sind aber
789 3457 3159 3841 4. Der alte Hendig. Ich nehme an, das diese Person
783 3517 1781 3742 wirklich ein Schwein.
