3400 4168
2934 491 3065 698 10
517 662 2420 1040 Sehr glühende Stimmung.. Praterstimmung.
543 998 2884 1225 Georg in dem alten Haus nächst der Salvatorkirche.
530 1268 1682 1389 Herabgelassene Rouleaux.
543 1343 1870 1531 Er denkt über allerlet nach.
533 1511 1607 1719 Er skizziert ein Lied.
547 1574 3065 1827 Anna kommt. Sie hat doch Angst. Heute ist Sotrée bet
556 1821 909 2022 Bendix.
556 1906 2492 2163 Sonderbare melaneholische Agon testitmung.
563 2061 2871 2318 Wie sie fortgehen begegnen ste Oskar, unangenehm.
570 2390 3217 2598 Bet Hendix über Besuche, die Oskar und Datsy machen soll
576 2614 764 2785 Ien
576 2627 2479 2930 Frau Bandix sagt: Ihr müsst zu Rennerts.
576 2848 2667 3055 Nein, sie hat ein Verhältnis mit Wergenthin.
593 2993 3213 3227 Georg erscheint. Gespräch mit Else. Sie sagt ihm direkt:
589 3164 2585 3398 heiraten Sie mich. Nein, ich bin gebunden.
583 3339 2120 3559 Er geht. Etwas energisches tun.
