3400 4168
2987 514 3085 714 8
619 635 2911 855 Sie treffen Oskar mit Jcka und deren Liebhaber.
619 835 3062 1048 Oskar verkehrt gern mit ihm, weil er ein Baron ist.
1595 989 1768 1150 G.C.F.P.
606 982 1506 1182 Er hetratet Datsy.
1575 1104 1877 1290 G.H.F.P.
612 1140 1487 1408 Ste lächeln betde.
622 1441 3062 1644 Georg geht noch vor das Haus Annas, dann nach Hause.
616 1667 3167 1778 Sein Bruder, der Schlanke, Hübsche, tumt, ficht. Sie
629 1759 2181 1936 fechten noch eine Fleurett- Tour.
609 1916 1674 2175 Dann geht er schlafen.
612 2250 1624 2414 Frau Benedix und Else.
2198 2345 2568 2492 Vous m'a
612 2365 2148 2545 Sie erinnern sich an den Sommer¬
609 2545 1893 2708 Der Alte kommt, rets t fort.
612 2695 1575 2862 Jetzt eure Künstler.
606 2843 2689 3000 Max Schwarz kommt. Er ist alter Junggeselle.
609 2970 3236 3160 Er schreibt nicht mehr. Wenn der Ekel produktiv wäre
609 3128 2872 3324 Der Bruder Hendix kommt. Redakteur. Tarokpartie.
606 3285 2496 3485 Frau Bendix und Else. Telephonieren wir.
586 3455 2997 3671 Heinrich kommt. Else zu ihm: es ist eigentlich aus
