3480 4264
566 827 3006 1001 Eine jnge Dame feagt nach ihr. Es ist Else. Alfred
525 998 1107 1156 geht lieber.
528 1040 3116 1265 Else. Also Du hast einen Geliebten. Ich hab mirs immer
538 1172 3048 1445 gedacht, Ihr seid grossartige Menschen. Ich trau mich
592 1358 2961 1606 das in meinem Leben nicht. Du musst ja
557 1497 2874 1748 wahnsinnig glücklich sein. Wie ist dass, wenn man
563 1674 2720 1893 eine Geliebte ist? Das muss ja herrlich sein.
605 1786 2559 2037 Und Anna fängt an fürchterlich zu weinen.
