3400 4184
711 671 1454 868 Der Schuft!
550 807 2419 1037 Th: Das sagen Sie- - Und Sie in Paris?
620 925 2879 1197 Anna sucht eine Stellung. Georg soll nach Karls-
575 1164 847 1346 ruhe.
1696 1276 1962 1442 G.F.P.KH.
587 1288 1696 1497 3. Anna kommt.
578 1442 2921 1639 Anna, zu Berth: Sonderbarerweise hab' ich Ihrem
1581 1648 1678 1760 G.F.P.
605 1597 1500 1829 Vater geschrieben.
578 1787 1125 1962 Berth.geht.
578 1950 1639 2123 4. Anna, Therese.
602 2035 2897 2259 Th: Berthold liebt dich noch immer. Wird dich Ge-
562 2250 2449 2425 org mitnehmen? Wo wart ihr eigentlich?
596 2410 2839 2591 Anna: An einem See in Oberitalien. Es war sehr
587 2552 2924 2733 schön anfangs. Ich möchte meine Mutter sehen. Ich
590 2706 1968 2891 sehne mich nach der Familie.
562 2848 1352 3054 5. Georg, Anna.
602 3006 2933 3187 Georg: Liebes Kind, du darfst nicht erschrecken:
581 3157 3009 3390 Heinrich kommt. Er ist so klug. Wie hast du denn die
632 3335 1739 3529 erste Nacht geschlafen?
644 3480 2150 3716 Sehnsucht nach Vater und Mutter.
937 3656 1448 3892 s wird gut.
1518 3837 2077 3991 denn noch?
