3496 4200
327 330 492 495 1 e
585 769 1146 956 Erster Akt.
635 915 1224 1087 Bei Bandigs
629 1049 2905 1249 1. Der alte pendigs reist ab., ist sehr sekant.
632 1202 2999 1364 Na jetzt könnt ihr euch wieder die Kunst einladen.
632 1370 1694 1551 2. Mutter und Tochter.
635 1445 3108 1666 Diesen Winter muss sich daskeben erklären, wer.. Al
648 1638 1557 1818 fred ist der beste.
831 1753 1221 1846 Hemarieli
645 1741 3120 1949 3. Hugo kommt. Mutter geht telefonieren. Währenddem
610 1856 3111 2055 versucht Hugo wieder anzuknüpfen. Sie wehrt ab. Das
757 1987 3070 2251 war ein Rausch ein Traum. Nichts. Ich liebe Sie
617 2167 3030 2398 nicht. Jeder hätte mich dort am See küssen können.
663 2354 2102 2535 Ich bi“ nicht an Sie gebunden.
629 2438 2992 2675 Wer hat telefoniert? Doktor Winter. Darf eikommen?
676 2631 1694 2824 Ihr Freund. Freilich.
632 2672 3101 2964 4. Alfred kommt. Nur auf eine Minute. Grüss Sie Gott
638 2862 2777 3101 Heinrich. Was haben Sie schon wieder zu tun?
697 3070 1470 3229 Immer in Banden.
657 3160 2622 3372 Gespräch. Heinrich, Alfred mit der Tochter,
663 3273 2177 3531 Alfred. Ich komme wilder zurück.
701 3400 2799 3649 Ja von funf bis sieben, das sind Ihre Sunden.
673 3500 3170 3783 5. Winter tritt hinzu. Alfred wird ihm vorgestellt,
2821 308 2977 508 3.
