3496 4264
529 827 2891 987 Euch allen, dass dieser junge Dichter durchaus hat
529 946 3048 1165 her wöllen, Euch kennen lern.Wahrscheinlich braucht
551 1096 1648 1306 er Euch zu einem Stück.
589 1137 3107 1472 S. Alfred kommt recht erstaunt, auch Heinrich hier zu
551 1441 912 1585 finden.
551 1510 2224 1739 Minni kokettiert sofort mit Alfred,
554 1626 3020 1914 Kurzes Gespräch Heinrich, Minni. aus dem hervorgeht
583 1817 1626 2027 dass da etwas los ist.
626 1898 2985 2168 Frau R. und,rau B. Verschiedenheit der zwei. An
605 2042 3007 2293 spielung auf den alten Junggesellen, der imHaus ver
633 2312 949 2465 kehrt.
655 2321 2744 2597 Meine Minni soll einen nehmen, den sie liebt
692 2525 1739 2744 Das hilft auch nichts
661 2575 3067 2841 Wie die Familie B. geht, ist der Glanverschwunden.
633 2713 3089 2998 9. Alfred zu Anna. Was werden Sie jetzt tun.? mit
636 2869 2318 3148 den zwei Alten da zu Hause bleiben?
652 2995 2973 3295 Anna entschliesst sich Alfreds Geliebte zu werden
705 3176 2472 3430 Sie will Frische in ihr Leben bringen
