3432 4168
654 615 1995 779 Else: Sie hab' ich geliebt.
729 729 1857 926 Willy kommt mit Demeter.
708 887 1535 1093 Heinr.mit Frau O.
720 1003 2102 1272 Demeter sehr liiert mit Else.
776 1266 1317 1424 Gg. u. Heinr.
729 1362 2995 1586 Heinr: Nun, was sagen Sie, wie alles das endet?
756 1487 2864 1732 Gg: Gestern hab' ich meine Ouverture beendet.
744 1678 2980 1872 Heinr.sagt etwas über das Sujet. Ich habe einen
761 1837 3082 2040 bessern Schluss: der Prinz sagt: Nun hab' ich dem
812 1959 2983 2249 Tod entgegengelebt, ich muss also sterben - er
773 2180 2246 2407 nimmt die Begnadigung nicht an.
785 2299 3162 2565 Gg: Ja, so ist es recht, jetzt werd' ich'a machen
803 2553 1150 2747 können.
794 2565 3127 2879 Heuer im Sommer. Wir wollen zusammen an einen See
845 2813 2138 3043 gehen, fort von dem Gewirr.
812 2870 3222 3207 Ist das denn die Wirklichkeit? Unsere Wirkichkeit
830 3145 1831 3377 ist, was wir träumen.
