3496 4248
2873 632 3023 795 16
523 866 1632 1093 doch nicht kommen wird.
568 895 2847 1196 5. Frau R und Anna der Arzt mit. Ich wünsche es
539 1052 3120 1359 dass Sie das tun, Sie sind nicht um ein Haar schlechter
587 1212 2825 1468 6. Wie pendigs sie schmafu behandeln will: Oho
558 1340 3017 1642 mein Lieber tun Sie nicht so, das ärgste Schwein von
561 1552 1853 1808 allen sind und bleiben Sie.
603 1610 2841 1937 7. Jetzt Alfred, der bald nach Karlsruhe abrest.
584 1712 3062 2058 8. Minni und Alfred. Sie waren der Einzige, den ich
651 1828 3184 2209 geliebt habe. Aber Sie haben nicht wollen Jetzt heirat
667 2132 3084 2469 9. Heinrich Alfred. Reisen Sie ab, Es ist das Klug
616 2145 1427 2363 ich den Baltazzi.
644 2296 2966 2613 ste. Fahren Sie in die Welt hinas. Sie haben Ihren
664 2341 3161 2751 Beruf erfüllt, seien Sie frei. Man soll sich nicht
670 2684 1712 2959 den wenn man frei ist.
