3480 4152
2931 485 3079 640 17
569 694 1089 909 Nach Genf:
582 794 3104 1016 Indessen hat Frau Morwet eine Wohnung für sie genommen
591 987 2128 1221 in Sievering mit grossem Garten.
575 1112 2324 1353 Dort lebt Anna und erwartet ihr Kind.
595 1263 3117 1465 Georg langweilt sich, machteb. Eine Reise mit Heinrich.
591 1398 3175 1687 Ischl. Hat ein Verhältnis ganz dunkel und wird mit Frau
1604 1594 1896 1800 G.C.H.F.P.
611 1645 1157 1832 Oberberger.
601 1777 2083 1970 Auch Else ist dort. Datsy auch.
620 1919 2311 2172 Vergisst ganz an Anna. Endlich fort.
620 2124 1160 2314 Kraumhaft..
633 2156 2005 2417 Wieder alle Abend nach Lainz.
614 2324 3188 2555 Anna möchte den Doktor Berger, Berthods Vater sprechen
620 2497 2336 2719 Anna bringt ein totes Kind zur Welt.
649 2638 3207 2889 Georg spricht mit Hetnrich. Es tst ihm, als wenn er da
649 2873 1417 3031 ran schuld wäre.
640 2941 2806 3201 Heinrich sagt: Unsinn, sein Sie nicht auch so.
643 3121 1983 3339 Am nächsten Tag Hinausfahrt.
656 3284 1671 3484 Sonderbare Langwette.
675 3410 1768 3632 Was soll nun geschehen!
