3512 4200
792 733 1083 933 I. Akt.
1030 904 1230 1013 G.C.F.P.
695 995 1278 1119 Bei Rosners.
706 1024 3062 1242 Das hysterische Mädel. Der Arzt. Der junge Kapell-
698 1230 2417 1416 meister. Else und Heinrich flirtend.
704 1416 1072 1593 II. Akt.
730 1463 3079 1725 Bei Ehrenbergs, wo Else dem Kapellmeister sagt: Es
774 1752 1875 1887 wird nicht so arg sein.
724 1878 1175 2075 III. Akt.
736 2043 1328 2214 Bei Rosners.
745 2081 2967 2373 Anna fidel und glücklich. Die Eltern haben’s er
765 2255 3067 2520 fahren. Der Bruder höchst entrüstet, will den Ka-
765 2479 3132 2679 pellmeister zwingen, sie zu heiraten. Ich habe Ihre
774 2632 2114 2841 Schwester glücklich gemacht.
777 2708 3053 3006 Das Mädel wird hinausgeworfen. Wie dumm! Was für
759 3050 1322 3170 ein Skandal!
795 3218 1151 3332 IV. Akt.
810 3194 3120 3474 Das Mädel in ihrer Wohnung. Sehr unglücklich. Was
812 3427 3138 3624 soll sie tun? Else bei ihr. :Cousine: xxxxxxxx
815 3591 3009 3818 Die Mutter: Wir haben vorläufig gesagt du bist
833 3765 3085 3971 krank, auf dem Land. Ausserdem, es wäre ja doch
