3512 4216
2836 261 2929 468 1
624 549 2905 882 Entrüsteten, Stück, Charakteristik der Personen,
636 717 2968 1005 Max: früher Schriftsteller, nichts mehr jetzt, zu
648 870 2680 1146 grosser Ekel; liebte einst Irene, Frau Ehr.
666 1029 2971 1291 Georg: frei, frisch, Künstler, gesund, glücklich.
669 1213 2971 1471 Heinrich: Schriftsteller, gedrückt durch sein Ju-
702 1462 1405 1609 dentum, nervös.
699 1516 2974 1780 Vlly: Sportmaler, Hang zum Adel; er weiss, dass
774 1732 2326 1906 es dumm ist; beliebter Sekundant.
804 1804 3088 2077 Demeter: Liebenswürdig, Kavalier, mit guten Neig-
696 2089 1843 2296 ungen, leicht blasiert.
759 2146 2854 2413 Rosner: gedrückt, weinerlich, anständig, be¬
783 2446 3202 2761 Eva! seine Frau, sinnlich gewesen, unsicher, ziem-
774 2425 1216 2590 schränkt.
840 2755 1345 2890 lich dumm.
813 2725 3082 3028 Anna. Tochter: brav, lebensdurstig, gesünder als
864 2917 3181 3226 ölle, unbehaglich in dem grauen Heim, immer alles
840 3091 3160 3373 ausgeschlagen; Angst, dass nichts kommt. Berthold
849 3256 2509 3544 sehrbrav, aber es genügt ihr nicht.
900 3397 3136 3677 Josef, Sohn: verlumpter Bursch, Antisemit, wird
894 3629 2284 3899 später Reporter bei Ehrenberg.
894 3716 3199 3992 Jonas Ehr: streberisch, gesinnungslos, liberaler
