3480 4152
864 633 3129 794 schedet, lässt darauf schliessen, dass er an ein
823 780 3010 942 Verhältnis zwischen seiner Frau und Max glaubt.
864 924 3178 1104 3. Jonas Ehrenberg kommt, der frühere Journalist.
855 1086 3105 1352 Seine Nichte Else: Ein sehr talentierter Mensch,
841 1231 1297 1436 Heinrich.
855 1407 3178 1667 Jonas: Stell' mir ihn vor, talentierte Leut' kann
852 1560 1768 1748 ich immer brauchen.
823 1716 2689 1970 4xxx Tarockpartie Jonas, Max, Ehrenberg.
858 1889 3108 2141 Währenddem Mutter und Tochter. Mutter: Du machst
841 2065 1389 2227 mir Sorgen.
846 2207 3169 2360 Else: Die Männer haben s gut. Ich möchte einen,
858 2424 3155 2536 der alles zusammen ist: Heinrich, Georg, Demeter.
809 2571 3117 2684 Aber Georg ist mir der Liebste. Ich werde ihm ins
849 2669 2793 2843 Kaffeehaus telephonieren, er soll kommen.
864 2828 2975 2981 Jonas, zu Schwarz: Ich weiss, Sie haben keine
904 3001 3120 3235 Achtung vor mir; aber ich will mit Ihnen Tarock
901 3140 1306 3339 spielen.
852 3256 2152 3469 4. Oskar und seine Mutter.
818 3371 3129 3686 Oskar: Haben wir eine Bekannte in der Meyerhofgas
