3528 4264
2905 305 3000 472 2
478 570 1778 806 Fr.W: schüttelt den Kopf:
521 629 3052 960 W: Ist es nicht Schumann?... Ich glaube, es ist Sehu-
671 940 933 1117 mann.
537 1071 1048 1287 Fr.W: Ja.
495 1169 1985 1457 W: Ihre Stimme ist sehr schön.
1434 1359 1844 1529 :Stille:
560 1477 2230 1742 Jos: 1:laut: Bravo! :klatscht:
517 1618 2270 1903 Anna: :zur Tür, lehnt sie leicht zu:
527 1827 1448 2053 Jos: Gute Ausred'.
540 2014 1284 2198 Frau W: Jossf!
550 1945 3196 2355 W: Ich hab' das nie gesehn, dass sich Geschwister so we-
740 2329 1425 2515 nig vertragen.
609 2417 2175 2653 Jos: Ich vertrag' mich ganz gut.
629 2597 1952 2803 Frau W. Immer solche Witze!
642 2656 2938 2957 Jos:  Wenn er sie heirat’t, mach' ich keine mehr.
642 2882 2063 3118 Frau W: Was geht dich das an?
645 3092 1801 3275 W: schüttelt den Kopf:
655 3242 1768 3435 Jos: Das ist sehr gut!
