3528 4296
2874 673 3024 857 14
527 929 3036 1228 Else: Du Glückliche. Du hast einen Geliebten. Fühlst
480 935 1138 1097 5. Else Anna.
493 1079 2837 1387 Du Dich tief gesunken? Was wirst Du jetzt tein
564 1303 1827 1534 6. Heinrich Alfred, Anna. -
586 1422 2372 1668 Was zu beginnen, Kapellmeisterstelle
586 1615 1590 1821 7: Heinrich Alfred.
583 1606 3049 1923 Heinrich: Sie haben unmoralisch gehandelt. Noch un
571 1827 2223 2092 moralischer, wenn Sie sie heiraten.
605 1942 2326 2279 Ueber Wien, über Heinrichs vudentum.
617 2148 2079 2376 Kommen Sie mit mir spazieren.
614 2307 2924 2662 Arzt : Ich komme als Abgesandter Dei###er Muter. Wie
602 2344 1294 2538 8. Arzt. Anna.
633 2460 3071 2793 stelltst Du Dir das vor.? Liebes Kind ich habe eine
648 2569 3111 2930 Choristin geheiratet, die achtundzwanzig Liebhaber ge
655 2684 3102 3083 habt hat und bin sehr glücklich geworden. Alfred ist
676 2856 3077 3211 ein Rausch von Dir. Jetzt hast Du die Jugend dur h
673 2990 2768 3379 getollt. Es war offenbar notwendig für Dich.
742 3093 3146 3492 9. Die Mutter. Komm zurück. Dein Bruder in Krakau
754 3211 3195 3601 Der Vater war Dir nie böse. Die Lemtigehen uns nichts
717 3657 901 3803 an.
