3400 4120
482 887 2117 1115 Frau Ehrenberg und Else im Zimmer.
473 1055 1679 1253 Else nicht mehr sehr jung,
482 1200 1951 1419 Was soll's werden?
479 1336 2625 1561 Neulich hab' ich Anna Rosner mit Georg gesehn.
464 1528 1647 1721 Heiratsmöglichkeiten.
1499 1667 1656 1845 G.H.F.P.
1298 1703 1413 1851 G.F.P.
470 1700 1203 1880 Ueber Heinrich.
470 1818 1800 2010 Es war nur eine Sommersache.
497 2010 1851 2179 Georg. Telephonieren wir ihm?
485 2123 2356 2330 Nein, warten wir, bis der Papa fort ist.
491 2276 2681 2495 Solche Juden wie den Papa kann er nicht leiden.
500 2439 2128 2634 Oskar, wenn er sich tauft, enterbt.
494 2599 2001 2800 Keine Orthodoxie, nur Eigensinn.
494 2717 2226 2941 Demeter m 11 den Erzherzog einfuhren.
494 2894 1351 3095 Max Schwarz kommt.
485 3057 1537 3225 Endlich einmal wieder!
500 3213 1460 3420 Schreiben Sie nicht?
508 3349 2888 3562 Wo ist die Zeit! Ja, wenn mein Ekel produktiv wäre.
500 3515 2702 3683 Ueber einen Schriftstellerverein “Schwarz-gelb“
511 3669 2788 3861 Eintrittsforderung: man muss Christ und talentlos
