3400 4136
518 790 1355 1046 Sonntag Vormittag.
503 1037 1719 1247 Radpartie Heinrich-Georg.
1904 1015 1997 1222 G.H.
512 1179 1225 1302 Schöner Herbst.
2358 1191 2768 1435 des Stadt.
509 1333 2250 1512 Sophienalpe. Sie liegen oben im Gras.
518 1488 2284 1679 Tage, wo das Leben so einfach daliegt.
518 1648 1651 1812 Sie reden über allerlei.
503 1778 2108 1957 Heinrich weint, wie er oben steht.
522 1926 1420 2071 Georg wundert sich.
509 2034 2984 2207 Heinrich: Es ist unglückliche Liebe zu Wien. Ich habe
528 2219 2438 2417 eine Zärtlichkeit, die wie krankhaft ist.
522 2389 2944 2565 Georg: Was für Unsinn! Ihnen gehört es nicht, Ihren,
528 2534 2633 2660 der es so kennt; und diesen vielen Leuten - -
522 2657 2858 2926 Wut Heinrich's: Jenen gehört es, und ich bin nicht
512 2802 1336 3052 heimatberechtigt!
518 2929 2876 3228 Gruppe von Bieyolisten. Schmierig, laut, bodenstän-
518 3166 722 3299 dig.
518 3216 2346 3518 Und doch denkt der dort gewiss: Saujudi
518 3447 1364 3636 Mitleid von Georg.
522 3583 2293 3762 Er möchte, dass er lieber hineinhaute.
534 3747 2935 3904 Erinnert sich an den Kadetten, der den Leutnant tot-
