3528 4232
640 725 1185 870 Journalist.
654 778 2883 1094 Ehrnberg: Bankier, eynisch, nichtig; immer auf
713 917 3089 1262 Reisen, spottet über den Verkehr seiner Frau, ganz
719 1070 2998 1397 überzeugt, dass sie Verhältnisse gehabt hat, ist
690 1350 1512 1559 ihm gleichgiltig.
348 1247 466 1491 to
699 1400 2983 1689 Irene, seine Frau: hat nie den Mut gehabt, liebt
657 1583 2953 1860 ihre Tochter; leicht snobische Anwandlungen, be-
395 1624 483 1798 N°
728 1825 1736 2037 freundet mit Max Sch.
693 1854 3045 2158 Oskar, Sohn: falsche Korrektheit, Kavallerie-Leut-
746 2025 3110 2296 nant in der Reserve, hat Anna heiraten wollen, ist
772 2155 3080 2464 froh, dass es nicht geschehen, hat seine Geliebte
837 2340 3018 2665 eben verabschiedet, kommt sich sehr grossartig
451 2361 536 2606 5
793 2485 3172 2809 vor,heiratet Sissy, die Demi-vierge, die mit allen
766 2659 2939 2956 pflirtet hat: aber er wird sie schon erziehen!
778 2800 3060 3124 Else: jugendliche chercheuse, Hang zur Anständig-
843 2956 3071 3263 keitund doch Unsicherheit, Neigung zu Kunst und
872 3310 3095 3543 Frau Oberberger: fängt mit allen an, sehr Snob,
884 3242 1188 3440 Sport.
937 3466 2473 3699 sagt die unglaublichsten Sachen.
893 3608 3136 3855 Sisy: zur Kokotte geboren, alle haben mit ihr
1102 3808 1648 4000 was gehabt.
