3480 4200
2754 369 2868 595 16
712 627 2259 873 Br: Willst du wieder nach Hause?
756 800 1989 1031 A: Es geht ja nicht mehr.
718 967 3056 1184 Br: Alles geht. Vem bist du Rechenschaft schuldig
735 1105 2965 1365 Vater und Mutter verzeihen dir. Sie sind allein.
721 1248 2968 1494 Wenn er dich heiraten will, kann er es nach drei
709 1392 2751 1653 Monaten tun, sobald das Engagement perfekt.
856 1606 2379 1825 Das war ein Rausch, scheint mir.
683 1638 809 1787 A:
730 1732 2397 1957 Br: Nun, sprich dich mit ihm aus.
691 1919 1491 2133 10. Georg kommt
741 2110 1275 2303 Aussprache.
1427 2115 1620 2239 G.H.F.P.
738 2186 3009 2455 Gg! Ich werde auf drei Monate nach Karlsruhe ge
785 2429 1011 2614 hen.
744 2523 3100 2725 A: Ich zur Mutter. Bemih' dich nicht, es ist aus,
750 2693 3076 2921 Es war wunderschön, aber es wurde nicht schön. Du
806 2851 3041 3053 bist nicht zum Heiraten geboren, zum Geliebten
812 2974 2936 3220 o ja! Und ich vielleicht zu deiner Geliebten,
820 3208 1872 3375 aber zu keines Andern.
774 3328 1875 3551 11. Frau Rosner kommt,
791 3457 2813 3636 In ihre Arme. Sie geht mit Anna nach Hause.
826 3589 2614 3824 12. Georg allein. Frei, wieder frei
806 3756 2224 3961 Therese: Sie haben Sie geliebt.
