3480 4200
2817 535 2908 644 13
523 577 817 787 4. April.
669 836 1656 1051 Im Hause der Therese.
659 972 1996 1179 Die Mutter und Dr. Berthold.
486 1012 590 1149 1.
672 1164 1781 1355 Berth: Wo ist Therese?
659 1285 2999 1480 Mutter: Was versteh' ich denn von dem Mädel, Wis-
684 1443 2756 1699 sen Sie, wer seit gestern hier wohnt? u.s.w.
672 1632 1538 1817 2. Therese kommt
635 1772 3078 1945 WTherese: Berthold, Sie wieder hier? Also hören Sie,
669 1966 1203 2136 Anna u. s.w.
675 2103 2908 2270 Berth: Interessiert mich nicht. Was machst du?
681 2212 2987 2413 Therese: Ich habe einen andern Beruf gehabt, ich
732 2401 2045 2589 war eine Zeitlang glücklich.
675 2543 2938 2750 Berth: Bist ein sonderbares Geschöpf, da trink'
684 2717 1778 2905 ich wieder Lebenskraft.
678 2847 2820 3063 Therese: Anna und Georg sind wieder da, Anna
687 3051 1346 3251 wohnt bei mir.
684 3206 1638 3406 Berthold will gehen.
632 3358 2890 3564 Therese: Nein, es scheint mir, dass es aus ist.
693 3498 2170 3713 Berth: Warum sind sie zurück?
638 3646 2237 3911 Therese: Er liebt sie nicht mehr.
