3528 4184
697 658 2088 859 Waren Sie nicht beim Militär?
688 814 2908 1000 Beim Militär war ich ausschliesslich, weil ich
706 1030 2142 1165 sonst eingesperrt worden wäre.
706 1057 3127 1325 Am Hochzeitstag: Er hört eine Frau sagen, oder sie
709 1283 3079 1460 sagt zu ihm: Im richtigen Moment kann man Jede ha-
724 1529 934 1637 ben.
730 1772 2962 1967 Ist bei mir gehalten wordenwie das eigene Kind.
757 1880 3061 2106 - Wieso denn? Sie haben sie eingeladen, damit sie
691 2121 1748 2310 Ihren Gästen vorsingt.
796 2361 3130 2556 Der Journalist: Sehr angenehm, Zeitung zu haben-
760 2571 1952 2766 da kann man einschreiten.
766 2869 1634 3043 Mit welchem Recht?
769 3016 2190 3223 Ich bin der Bruder, mein Herr.
778 3157 2766 3418 Ich fragte Sie ja eben: mit welchem Recht.
