3512 4184
713 663 3080 879 Josef will sich als Freund Heinrichs, des Dichters
719 870 1257 1056 aufspielen.
669 1027 1488 1219 Josef, ein Blatt.
722 1204 3012 1388 Will Heinrich als Kritiker engagieren. Gleich ha-
707 1408 3027 1533 ben wir den X., der bei Ihnen verkehrt, zu loben.
678 1456 3033 1695 Er schreibt einen Aufsatz über die Verführten. Die
722 1642 2799 1823 Unglückliche schenkte den Lockungen Glauben.
719 1823 2988 1979 Dabei hat er ein Dienstmädel hinausgeworfen, das
769 1988 1864 2154 er selbst verführt hat.
728 2113 2950 2287 Der Sozialist im II. Akt. Zu Heinrich: Immer von
722 2323 3098 2447 Liebe; es giebt wichtigere Dinge. Die Leute darben!
749 2414 3056 2613 - Nie hab' ich das bestritten, aber ich habe kein
737 2607 1086 2796 Talent.
734 2763 3095 2920 Und wir schlommen, prassen - pfui Teufel! Ich finde
743 2905 2994 3107 es widerwärtig, dass Grafen in diesem Hause ver-
775 3059 3053 3252 kehren. Wir haben noch keine Zeit für die Kunst.
743 3222 2497 3408 Josef erzählt Else gemeine Anekdoten.
