3416 4136
2748 494 2894 646 16
581 776 1298 953 geschossen hat.
581 907 2409 1093 Also werden wir was zusammen schreiben?
581 1053 2040 1230 Gehen wir zusamen in den Süden.
581 1155 2822 1376 Heinrich hat einen Brief von der Schauspielerin.
578 1379 2555 1549 Ja; sie schreibt mir, dass sie mich liebt.
596 1512 1686 1708 Wie kann ich's glauben?
584 1652 3077 1872 Er radelt rash zur Bahn, fährt nach Wiesbaden. /Salzt
587 1847 900 2018 burg./
1888 1882 2748 2149 Einsamkeit geführt.
584 1972 1860 2192 Plötzlich, Kahirig-fahrig.
599 2108 2189 2357 Leo, der Trineilläge. Mathematik. Musik
593 2301 1891 2453 Gumamuert sich: shall mit schön sein.
630 2416 1317 2608 Rittmanipa Saliz.
602 2555 2338 2782 Erinnerungen Gedrys. (an Uma) (I will Nacht.)
605 2751 2605 2990 Anne hat ihn erzählt. Gefährterin zum Offiz gepreten
646 2900 1015 3074 merck.
717 3003 2596 3214 Bei führt früher fort...  Zum geheimme Sachen..
717 3161 1500 3322 H. wird schweissam. -
807 3270 1208 3428 Wohin -? -
720 3235 2105 3527 der: Werde die lehre in Pfl sein! -
