3416 4136
647 619 2698 908 skar möchte aussteigen, weil Georg Baron ist.
703 833 1784 1051 soll ja Sissy heiraten.
687 964 2636 1219 Sr sassen neben ihr, bei X., in der Soirée.
578 1128 1523 1296 Georg erinnert sich.
560 1268 1648 1517 Heinrich erinnert sich.
569 1424 1250 1610 Beide lächeln.
575 1530 2969 1781 Georg weiss, dass Heinrich mit einer Schauspielerin
575 1728 3075 1931 ein Verhältnis hat, die im vorigen Jahr am Karltheater
581 1875 1993 2133 war und jetzt in Salzburg ist.
569 2049 1663 2220 Er kommt eben von dort.
575 2182 2984 2415 Sie wird mich betrügen - mit einem Offizier, mit ei-
569 2366 2133 2524 nem Komödianten... was weiss ich!
569 2518 2372 2667 Ich rede nur so, ich hoffe doch, nein.
584 2646 1679 2829 Ich möchte anders sein.
588 2813 2590 2981 Sie sitzen Schweizerhaus; es ist sehr nett.
569 2969 2503 3158 Heinreich: Encanaillieren Sie sich nicht.
584 3131 1865 3351 Event.erzählt er den Stoff.
581 3270 1172 3476 Rendez-vous.
584 3429 2649 3600 Im Wurstelprater begegnen sie Oskar mit Amy.
581 3578 1983 3765 Sie schiessen, gehen in Buden.
