3560 4232
2588 494 2672 670 2
627 711 2715 922 noch möglich, dass dich der alte X.heiratet
627 896 2464 1069 Die Freundin: Geliebt sein, ist schön.
641 1023 2640 1257 Die Mutter: Komm zurück, wir sagen nichts.
659 1236 962 1433 V. Akt.
659 1340 2938 1554 Anna wieder zurückgekehrt. Der Bruder arge Schul
702 1514 2944 1733 den, Lunpereien. Alfred Gewissensbisse, er will
673 1739 1311 1878 sie heiraten.
679 1803 2918 2005 Der Arzt: Unsinn, Sie haben der Geliebte dieses
754 1967 3007 2172 jungen Mädchen sein müssen, für ihren Mann sind
719 2117 2926 2343 Sie zu jung. Gehen Sie nach Paris - aber sonst
688 2294 3013 2490 nichts. Im übrigen: eben verlobt sich Herr Winter
699 2432 2837 2658 mit ihr; sie wird mit ihm glücklicher werden.
748 2600 2952 2825 Sie ist ein armes Wesen, sie muss irgend einen
725 2736 3027 2955 edeln tüchtigen Menschen heiraten. Sie sind alles
716 2923 2944 3140 mögliche, aber edel und tüchtig sind Sie nicht.
731 3065 2973 3270 Else kommt, verlobt mit Abgeordnsten, künftigen
728 3224 2828 3498 Minister, giebt Andeutungen. Heinrich: Nein.
