3496 4232
297 444 701 666 welcher
2777 469 2896 632 41
519 622 1683 948 Regital beis Golowski &. -
497 970 2302 1320 Anna kehrt ins elterliene Haus zurück.
497 1238 1902 1473 Berthold kommt von der Reise.
522 1304 2189 1639 Er fühlt, dass etwas geschehen ist.
535 1576 1442 1808 Er fragt den Vater.
554 1786 879 1961 Josef.
569 1833 1895 2080 XXX Kühle Briefe von Georg.
585 1892 2787 2236 Berthold zu Therese, die ihm die Wahrheit sagt.
600 2196 1514 2421 Er ist verzweifelt.
619 2246 2874 2552 Therese: Warum? Und Sie in Paris - waren Sie ihr
622 2480 1836 2693 treu? Kommt es darauf an?
619 2474 3099 2859 Hier herein der Bruder, der den Oberleutnant erschos-
638 2805 3165 3178 Zu Therese kommt Anna, die vom Leben zuhause erzählt,
638 2827 1060 3024 sen hat.
672 3024 2111 3318 und von Georgs kühlen Briefen.
779 3331 1411 3518 Trincia Iedrivant.
