7176 4552
6257 428 6455 587 184
4277 480 6428 794 wenigsten aber daran,was geschahen soll-
4787 693 5029 807 6.Un.
4225 755 6547 898 te, wenn - wenn die Vertrauensperson ihm ein
2979 858 3186 978 183
4127 895 6467 1054 Nein überbrächte. Aber im Innern hoffte er
1045 932 3202 1207 trieb in einem bürgerlichen Rahmen huldig-
4277 1066 6419 1207 doch (trotz ihrer Kühle beim Abschied), dass
3944 1188 6394 1387 sie-schon aus Vorsicht. persönlich kommen
1045 1167 1234 1353 te.
2401 1237 3055 1375 Hoch, eher immer
1292 1335 3241 1488 Dies eine aber war sicher. Das Nachgrü¬
4008 1356 6312 1552 unmühd ihm das Geld überbringen würde, in
1051 1476 3052 1631 beln half ihm nicht weiter, vor acht Uhr
4243 1479 6260 1711 einem grossen versiegelten Couvert.)
1051 1601 3229 1796 konnte keine Entscheidung kommen und noch
4763 1634 6336 1827 Es war ein Uhr. Plötzlich) kam
1011 1754 3092 1931 viele Stunden der Ungewissheit lagen vor
4289 1781 6412 1961 ihm der Einfall sich meinen guten Tag zu
5670 1912 6455 2001 che cuiller public.
4665 1925 5566 2022 - " ci n'écrire de lett est..
1011 1909 3144 2166 ihm. (Er dachte nicht mehr (ernstbich) daran
4164 1946 6483 2120 machen. Und er begann damit,dass er sich
1057 2056 3043 2239 diese Zeit zu anderen versuchen zu be-
4277 2120 6330 2300 entschloss das Mittagessen nicht in der
5346 2221 5811 2325 der Alwa
1011 2203 3028 2389 nützen zum Zwecke der Geldbeschaffung
4326 2248 6516 2447 Offizierskannine wo er es heute doch nicht
1017 2355 3168 2575 nicht einmal Jonas Pflaumenbaum,an den er
614 2355 816 2575 gul
4314 2423 6382 2603 hätte aushalten können,sondern in einem
593 2499 953 2710 de nose
1017 2523 3141 2707 flüchtig dachte, hätte ihm mehr als zwei -
4320 2533 6535 2765 vornehmen Stadtrestaurant zu nehmen,in dem
1057 2658 3247 2850 bis dreitausend Gulden kreditiert.Höchster
4326 2750 6416 2902 er seinerzeit ein paar Mal mit dem Onkel
1017 2820 3150 3006 kam natürlich im Ernste nicht in Betracht
4301 2853 6324 3079 gespeist hatte. Er lenkte die schritte
4726 3000 5750 3089 Ce vont dire du Mble Lett.
1063 3000 3095 3162 und sonst gab es überhaupt keinen unter
4314 3052 6269 3202 dorthin, setzte sich in eine dämmerige
2013 3113 2881 3232 it unit fim toll gehal
1075 3131 3092 3324 den Kameraden, der ihm mit der Summe,die
4338 3196 6431 3357 Ecke bestellte ein vortreffliches Essen
1069 3296 3055 3458 er brauchte hätte zur Verfügung stehen
4320 3354 6461 3541 und eine Flasche ungarischen Wein und ge-
1075 3458 3061 3693 können Es blieb nichts übrig als diese
4308 3474 6443 3703 wissermassen gegen seinen Willen geiet er
1656 3587 1815 3681 Int
1075 3584 3199 3782 sechs oder sieben stunden auf irgend eine
1057 3745 3168 3923 Weise hinzubringen und indessen so wenig
4094 3779 6361 3968 aus gelangte über den Hof,xx ohne wie er ge
4546 3923 6092 4023 ohne in wolltene Neppuis... der u.
1039 3889 3003 4103 an die Sache zu denken als möglich (Am
4097 3972 6495 4158 fürchtet,mit engeren Kameraden zusammenzutref-
