7192 4504
2992 726 3157 875 46
1143 862 3170 1060 über „Consuln unerforschter Landstriche“
1133 1025 3297 1193 ins Gespräch geworfen, mit einem stechenden
2097 1149 2721 1263 Maréne besoin du moi
1146 1190 3090 1365 Blick entgegnete: „Wissen Sie denn auch
1139 1324 3173 1512 ganz ganz bestimmt, Herr Leutnant, ob ich
1136 1515 3288 1690 satiskaftionsfähig bin?“ Bedenkliche Stil-
1136 1655 3297 1824 le trat nach dieser Bemerkung ein,aber wie
1152 1827 3278 1964 nach einem geheimen Uebereinkommen wurden
1146 1964 3233 2094 keinerlei weitere Konsequenzen gezogan; -
1158 2104 3294 2279 man wollte auf den kapitalskräftigen,Spie-
2476 2212 3065 2317 entflossen.
1152 2285 3230 2435 1er nicht verzichten, und benahm sich von
1158 2425 2902 2587 nun an vorsichtiger ihm gegenüber.
1512 2587 3268 2718 Der Consul verlor,man hatte nichts
1139 2724 3297 2877 dagegen,dass er,entgegen sonstiger Gepflo-
1152 2890 3373 3039 genheit, sofort eine neue Bank und nach neu-
1165 3039 3122 3170 erlichem Verlust eine dritte auflegte.
1158 3173 3323 3332 Die übrigen spieler gewannen, Willi vor al-
1162 3313 3348 3475 lem,er steokte seine hundertzwanzig Gulden
2438 3428 2963 3513 me c de tres
1152 3463 3144 3669 wie ein Consul in die Westentasche; die
1162 3619 3237 3816 sollten keineswegs mehr riskiert werden.
1709 3755 2046 3864 in all
1146 3746 3186 4010 Er legte eine Bank auf, verdoppelte sie,
1168 3972 3342 4131 zog sich zurück und, mit kleinen Unterbreä-
1152 4128 3106 4271 chungen, blieb ihm nun auch das Glück
6285 684 6445 821 47
4331 754 6569 948 gegen die ürbigen Bankhalter treu, die ein-
5588 945 5970 1047 &cNchos
4293 948 6616 1127 ander rasch ablösten. Die tausend Gulden, die
6034 1088 6671 1197 unkevemen hill.
4287 1111 6651 1305 er - für einen Andern - gewinnen sollte, waren
4290 1248 6534 1432 Überschritten. Auch um den Damen Blumen mit-
6352 1384 6658 1528 trafte
4338 1426 6597 1579 zubringen besass er über-genug, Aber konnte
4322 1582 6451 1728 er sich jetzt entfernen? Warum nicht? Er
4322 1734 6486 1916 hatte ja gleich zu Beginn des Spiels aus-
4303 1881 6868 2053 drücklich bemerkt, dass er noch einen Beauchenhell
4309 1986 6448 2228 zu machen hätte. Und da eben Herr Elrief
4296 2209 6530 2368 sich erhob um sich ins Theater zu begeben,
4653 2291 5878 2400 betup Vardellung einer Kolle¬
4303 2336 6508 2495 so er eine polle zu spielen hatte, über die
6381 2486 6601 2651 xx
4312 2489 6365 2657 er weiter nichts verlauten liess, sagxx
4440 2597 6349 2721 hunigh fully die Gelegrudt uit onge & lupes
4296 2632 6359 2817 entschuldigte sich Willi und erhob aich
4271 2807 6610 2988 gleichfalls. Doch als Oberleutnant Wimmer ihn
4287 2944 6776 3176 aufforderte eine Abschiedsbank zu geben, glaubte
5366 3087 5665 3195 in amp
4277 3074 6445 3268 durfte er nicht ablehnen, er nahm gehorsam
5569 3240 6311 3342 sleive à ne, du
4277 3259 6362 3466 wieder Platz,verlor einen getrag, der in
4255 3405 6540 3599 diesem Augenblick nichts für ihn bedeutete,
4271 3558 6499 3765 entschuldigte sich nochmals mit besonderer
4265 3711 6352 3902 Höflichkeit, ja in einem Ton, als täte es
4252 3895 6572 4067 ihm ganz hasonders leid, sich am spiel nicht
