7160 4664
2634 802 2838 952 139
665 937 2973 1123 würden; endlich der Stand des Minutenzeigers
2419 1087 3000 1183 all du Belon
724 1138 3057 1296 auf der Uhr des Stefansturm, (all diese Dinge)
736 1290 2793 1431 wurden. ihm zum Schicksalszeichen. Es war
1117 1398 1671 1506 Herrn J. ffubler
736 1401 2865 1599 Punkt neun, als ihm das Zifferbatt insAuge
1308 1548 1895 1656 ihren erhefften
724 1605 2997 1766 fiel. Das war so gut, als er nur seinkonnte.
677 1691 2874 1919 Und so legte er den letzten Teil des Wegs
736 1883 2865 2033 längs der Stefanskirche.dann durch einen
1703 2009 1901 2096 October
2338 2009 2763 2102 Dongasse
742 2054 2871 2197 alten Hof bis in die kühle enge Dugassein
742 2150 2919 2356 einer hoffnungsvollern Stimmung zurück.
877 2311 1230 2410 Her Oubel
742 2311 2832 2512 Onkel Robert wohnte im ersten Stockwerk
1775 2443 2790 2563 de diriges, en étant il
730 2530 3012 2670 eines vielhundertjährigen Hauses. Eine nicht
724 2652 3015 2802 freundlich) aussehende ältere Frau, nicht die
724 2808 3021 2958 Haushälterin/von früher öffnete. Willynannte
1913 2907 2302 3009 stellte nis il
724 2967 3021 3116 ihr seinen Namen und fügte gleich, da er ihre
575 3078 1015 3194 allnderth,
713 3108 2973 3290 Unschlüssigkeit bemerkte, erklärend bei, dass
724 3254 2937 3407 er der Neffe des Herrn Wilram sei. Sie ant-
701 3428 2991 3592 fernte sich, er blieb mit Herzklopfen zurükk,
713 3560 3009 3721 sie kam rasch mit etwas freundlicherer Miene
707 3724 2847 3907 wieder- und Willy wurde sofort einglassen.
641 3856 2820 4072 Denkel stand an einem der zwei
623 4003 2943 4266 hohen Fenster (und wandte sich erst nach bei
5982 213 6242 425 1 70
3673 228 4155 542 31/6.70
6212 488 6461 775 140
4152 536 4329 754 Isi
4173 632 6469 922 Willy, Eintreten nach ihm um.) Er trug (heute)
5913 829 6194 928 augustus
4922 838 5437 973 Arb. Schlebert
4173 874 6356 1051 nicht den Talar, in dem Willy ihn wiederzu-
6038 970 6643 1093 zu zeigen: so wie
4224 1027 6478 1198 sehen erwartet hatte, sondern einen gut ge-
4227 1159 6371 1365 schnittenen, aber etwas abgetragenen lich-
6173 1284 6338 1377 ales.
4188 1347 6538 1506 tu Sommeranzug und Lackhalbschuhe, die grünli-
5859 1431 6209 1521 of which
4227 1506 6398 1659 che Strümpfe sehen liessen. Er winkte dem
4194 1647 6589 1829 Neffen mit einer etwas weitläufigen,aber müden
4224 1784 6326 1970 Geste entgegen, ohne seinen Platz zu ver-
4224 1928 6389 2129 ändern.-Grüss dich Gott, Willy“, sagte er.
4188 2111 6443 2293 „Schön, dass du dich wieder einmal um deinen
4188 2260 6437 2443 alten Onkel umschaust. Hab geglaubt,du hast
4233 2407 6353 2578 mich schon ganz vergessen".-Willy atmete
5401 2506 5556 2599 nah
4245 2524 6281 2730 auf. Zwar lag die Antwort, dass man ihn
4239 2700 6455 2892 die letzten Male nicht vorgelassen,aber er
4188 2853 6374 3033 zog os vor sich vorsichtiger auszudrücken
4832 2964 5173 3063 & pn tcht
5479 2991 5685 3063 retimt
4206 2997 6475 3194 und sagte. Ich hab nicht gewusst, Onkel, dass
4248 3108 6368 3344 dir mein Besuch willkommen wäre. Du lebst
4200 3287 6389 3530 ja so zurückgezogen. Ich freu mich, dass du
4218 3464 6619 3652 so gut ausschaust', wirklich, verjüngt geradezu."-
4263 3578 6182 3805 „Es geht mir auch ganz gut so weit.
4242 3751 6413 3991 Das Zimmer war unverändert. Auf den
