7160 4600
3965 339 4519 509 24/5.1924.
3187 447 3412 631 Präs.
6057 701 6284 913 113
2663 719 2864 861 112
4997 737 5612 941 ...
4415 871 6462 1137 einem Wechsel oder an meinem Wort genü-
933 962 2833 1194 sechs Tagen -es wird sich gewiss ein
4482 1055 6349 1300 gen lassen, bis zum nächsten sonntag
975 1140 2856 1305 Modus finden".-Der Konsul schüttelte
4472 1171 6408 1445 wenigstens.  „Ich lasse mir nicht
1706 1256 2045 1375 me chère.
946 1277 2823 1450 ununterbrochen, ohne weitere Erregung
4503 1256 6574 1600 genügen,Herr Leutnant.Dienstag zwischen
1006 1427 2675 1595 den vopf. „Herr Konsul, mein Onkel
4503 1479 6176 1745 zwölf und eins, letzter Termin.
1013 1585 2887 1776 Robert Tilram,vielleicht kennenHerr
4932 1546 6455 1815 Der Wagen fuhr über die Ring-
1029 1691 3009 1913 Konsul den Namen"?-Der Konsul schütter
4524 1709 6447 2024 strasse, vorbei am volksgarten, dessen
1189 1872 1587 1985 in rentment
1029 1864 2812 2140 te den Kopf immer weiter.-Ich bin
4537 1861 6514 2127 Bäume im üppigen Grün über das vergol-
1024 2027 2906 2202 nicht ganz überzeugt, dass mein Onkel
4532 2014 6300 2347 dete Gitter wipfelten. Es war ein
6155 2151 6548 2262 kein in
1029 2187 2862 2376 das Geld flüssig hat, aber innerhalb
4550 2241 6470 2432 köstlicher Frühlingsmorgen, und noch
1923 2303 2156 2409 the
1047 2321 3105 2515 von ein paar Tuagen, er ist ein wohlhaben
4519 2347 6465 2590 ke-in Mensch auf der Strasse zu sehen,
1564 2438 2735 2569 Mr.. but will ciuein between. L
1047 2526 2864 2706 der Mann. Es ist wirklich fatal, dass
4563 2474 6496 2730 nur eine junge sehr elegante Dame in
5790 2608 6263 2727 dianfebber
4588 2650 6587 2921 einem hochgeschlossenen/Mantel mit ei-
1057 2647 2838 2836 Herr vonsul gleich bis nach Amerka
4604 2774 6600 3037 nem kleinen Hund spazierte sehr rasch,
1055 2859 1535 2991 reisen.
1427 2916 2792 3112 „Das kann Ihnen vollkommen
4614 2921 6602 3192 wie einer Pflicht genügend,inder Allee
2577 3061 2748 3128 en
2280 3058 2484 3151 wok
1068 3084 3030 3296 gleichgültig sein.Herr veutnant,Ehren-
4632 3110 6517 3353 längs des Gitters und warf einen ra-
1073 3249 3071 3430 schulden sind innerhalb vierundzwanzig
4619 3244 6494 3526 sohan Blick zum Konsul hin, der sich
4635 3301 5201 3456 gleichsilligen
5653 3366 6424 3505 nots der Satt
1013 3371 2918 3598 stunden zu beahlen? nach - „Ist mir
4630 3438 6594 3660 nach ihr umsah, obwohl er eine Frau in
5126 3443 5387 3554 nimant.
1070 3531 3151 3733 bekannt.Herr Konsul, aber es kommt trotz-
4645 3547 6558 3810 Amerika und überdies ein Fräulein Ri-
1024 3673 3086 3896 dem manchmal vor, ich habe selbst Kamera-
4663 3704 6525 3965 hoschek in Baden hatte, die freilich
2244 3808 2644 3903 der Härte
1378 3841 2045 3942 die u chulorte
1088 3867 3032 4095 den), es hängt ja nur von Ihnen ab,Herr
4614 3823 6618 4136 mehr dem herrn Elrief gehörte. Was geht
1093 3994 2937 4255 Konsul, um ob Sie sich vorläufig mit
