6744 5960
6041 1086 6341 1253 111
6034 1256 6345 1483 175
2930 1288 3206 1479 111
347 1320 2987 1631 chek, de des villes Unent defai je vésu avait
3539 1313 6317 1617 de lund witt. einfait sa auf dem
994 1458 1369 1638 gecepiel
361 1543 3171 1815 une ces wohl ont diescul bleiben lassen.
3641 1511 5432 1780 Tid liege lone.
350 1699 3022 1978 Und wie weibt - ein; u. hilly. hatt. de
3702 1791 6225 2056 t. L to him bloft, but wil den
357 1876 2838 2123 selve gutter...   ich nicht aus den: de
3684 1978 6175 2268 Caff in okow hild in den Teuil etc.
3956 2123 4809 2279 „ schuhte in „
343 2052 3068 2346 jours un peu fait es je et Opfer veut
3730 2187 6168 2484 Comme c'est seulle chritt, xxx
364 2272 3210 2573 Und es wegen ihm wirklich, (der dezem Augenblich)
3723 2403 6200 2576 aort de Her Slut in Gerich gesetz;
379 2456 2983 2689 est une 2 cecis a Boynen wille non par
3716 2551 6200 2806 schenk entreif d p. Jong. egl
343 2633 2767 2941 tirangesche, hatt un verlaill in
3748 2743 5991 2902 de St Lelt.    -   uit des en ici
2686 2845 2852 2980 d
4806 2881 5690 3061 il un rien si voit,
347 2845 2934 3128 & l Kiel tisch putt, - und solasse
3825 2944 6122 3132 men jetzt folgenden Sie und ist ein¬
425 3029 955 3241 schrieben
3843 3103 6193 3330 Bouf. Je el He... N.Obl. Boque.
400 3132 2895 3330 Paul verricht, bis er unterlege con
3818 3309 6005 3535 and had to lesd a at
357 3302 2948 3645 We tell a der a fhøre rolle -
3818 3482 6136 3811 vrijusien... I. wann selb drük
382 3560 2817 3748 Je dira vie, toutge pélant, de une
3772 3730 6334 4070 in Bmffeban, - Achaftin verbrecht.
322 3762 2948 3981 be colete feleguterd volvendg ib
2226 3914 2651 4077 rilhie
343 3935 2930 4222 Ran we is might do lesquillif
3882 3910 6136 4218 T. Horie. - e
386 4133 2944 4409 alpponen..  Da kundt
3956 4172 6271 4466 geb.. Niant. b in Elet pall L.
4070 4402 6285 4639 und wieder geb. d. in für das Brief
326 4370 2923 4650 I hope to Nyne with in kosumfvart
3949 4540 6257 4898 of them. A. B. Obr.
375 4569 2888 4894 I have in? -  has a “doigans lots”
