7144 4536
1103 980 3192 1171 wenig zurückzahlen wie tausend. Jetzt ist
1097 1122 3368 1310 schon alles eins.Zehn Minuten ist noch Zeit.
1109 1261 3232 1440 Ich kann auch-die ganzen fünf- oder sechs
1103 1431 3220 1644 tausend zurückgewinnen.- - (Sie setzen) Herr
1097 1564 3275 1808 Leutnant?“ fragte der Konsul.-Ha, wie er nun
1066 1706 3343 1944 wieder die Sprache hat dachte Will Sie tönte
2342 1879 2534 1975 had
1041 1866 3380 2073 (so einsam durch den Raum, denn alle die Andem
1054 2002 3291 2259 schwiegen. Schwiegen vernehmlich. Sagte jetzt
1057 2212 3291 2385 keiner:Ich möcht aufhören an deiner Stelle?
1363 2299 2206 2413 neu leur bient-ci
1041 2351 3229 2552 Sie wissen alle jetzt,es wär ein Blödsinn,
1029 2469 3251 2707 dachte Will.Aber was sollte er denn setzen?
1014 2605 3155 2868 Er hatte ja nur mehr fünfhundert vor sich
1017 2769 3229 3007 liegen (Da wurden es) plötzlich mehr. Der Kon-
1014 2979 3133 3167 sul hatte ihm zwei weitere Tausender hin-
1004 3056 3238 3294 geschoben..Bedienen Sie sich,Herr Leutnant.
970 3220 3127 3448 Jawohl,er bediente sich.Er setzte tausend
924 3414 3016 3591 und fünfhundert.und gewann Himmel,er ge
970 3566 3143 3748 vann Aher was bedeutete das? Nun konnte er
785 3720 3152 3912 seine Schuld bezahlen und behielt immerhin
698 3822 3189 4073 die noch einiges übrig. Aber zu wenig, jedesfalls
899 3989 3090 4255 zu wenig.-Winter legte die Hand auf seine
4925 389 5386 553 J de F.
6149 800 6325 939 85
4048 865 6433 1165 Schulter.-Kasda“, sagte er, nicht weiter.Es
4178 1109 6205 1292 klang (ein wenig hart. Bin ja nicht in
4181 1221 6378 1468 Dienst, dachte Will, kann ausserdienstlich
4243 1381 6365 1619 mit meinem Geld und mit meinem Lebenan-
4218 1545 6427 1724 fangen was ich will. Und er setzte.Beschei¬
4239 1693 6387 1907 den diesmal. Tausend.-Acht ud deckte auf.
5890 1820 6137 1925 Herrtl,
4239 1876 6378 2073 Schnabel gustierte noch immer, Xangsam, -
4236 2021 6402 2237 zum Verzweifeln, als wenn noch endlos Zeit
4218 2144 6365 2305 wäre. Nun ja, es war ja auch noch Zeit.Man
4218 2302 6381 2518 musste ja nicht um halbdrei aufhören.Neu-
4202 2450 6245 2673 lich war es halbvier geworden.Neulich.
5136 2586 5404 2664 in in
4209 2608 6402 2837 Schöne, ferne Zeit Warum standen sie denn
4746 2722 5519 2834 wie in die Frau
4193 2744 6387 2985 nun alle? Im Halbkreis standen sie herum.
4193 2932 6396 3133 Ha,sie waren alle aufgeregter als er.Auch
4196 3075 6415 3275 das Fräulein Rihoschek.Er lächelte sie an.
4184 3217 6245 3442 Sie hatte ein Gesicht wie eine Königin
4076 3396 6245 3597 in einem Trauerspiel und war doch kaum
4168 3526 6412 3745 was Besseres als eine Choristin. Der Konsul
4116 3646 6282 3900 legte seine Karten hin. Eine Königin.Ha,
4091 3875 6301 4063 die Königin Rihoschek und eine Piekneun.
3912 3980 6331 4138 nun ohhÄVerdamnte Pick.Die brachten ihm immer Un-
4168 4165 6208 4298 glück. Und die Tausend wanderten wieder
