7080 4504
1557 747 1892 929 deit.
2621 756 2947 939 Eure
2148 862 2374 987 sich
500 850 2950 1198 gle ichfalls Das Spiel begann zu einem Kopf
777 1054 2862 1271 zwischen Wili und dem Konsul Schnabel zu
768 1243 2953 1417 gestalten. Wimmer und Greising wurden vor-
771 1396 2831 1573 sichtig, da das Ende der Partie nahe war,
786 1515 2846 1722 nur der Direktionssekretär zeigte einige
789 1691 2977 1856 Verwegenheit. Wilis Glück hatte sich gewen-
789 1847 2944 2024 det. Er besass noch die Tausend für den al-
795 1993 2947 2167 ten Kameraden Bogner.außh Kappe und porte
1643 2088 2148 2200 in Bernl —
801 2127 2987 2319 opée waren noch möglich, der neue Waffenrock
1798 2246 2063 2350 will
805 2313 2980 2484 war verspielt. Aber er war nun entschlossen
1908 2432 2115 2505 peine
798 2441 2819 2615 auch von den tausend noch die Hälfte zu
756 2590 2968 2795 riskieren,er hatte doch am Ende keine Ver-
747 2734 3011 2980 pflichtung gegenüber Bogner.Da trat Fräulein
741 2920 2987 3078 Mizi wieder ein, trällerte eine Melodie, rich-
814 3075 2965 3258 tete sich vor dem grossen Spiegel die Fri-
734 3169 2734 3435 sur und zündete eine Zigarette an. Dann
585 3374 2947 3569 nahm sie einen Billardqueue und machee un-
692 3508 2910 3712 befangen ein paar Stösse, stellte den Bil-
421 3675 2792 3837 lardqueue wieder hin, liess die Kugelmit
515 3806 2810 3995 - der hand hin und her rollen, ein kalter
759 3922 2987 4166 Blick des Konsuls rief sie wieder an seine
783 4142 2910 4279 Seite und trällernd nahm sie ihren Platz
6177 552 6357 731 75
4300 707 6522 914 ein. Von draussen,wo es schon längere Zeit
5577 844 5909 933 p¬
4352 847 6503 1064 ganz still geworden war, klang ein Oberha-
4327 1033 6561 1185 rein, ein Studentenlied. Wie kommen die heut
4355 1192 6509 1353 noch nach Wien, fragte sich Will. Dann fiel
4111 1292 4288 1454 des
4355 1289 6509 1521 ihm ein, dass es auch Badener Gymnasiasten
4952 1438 5607 1566 dre de chap car
4318 1469 6509 1670 sein konnten, Nun, da ihm Fräulein Miziwie
5306 1603 6479 1722 heur il ait d'Hoit et vous
4334 1633 5650 1822 der gegenübersass,gewann
5635 1682 6497 1810 er von neuem. Der
5644 1755 5824 1832 1m
4318 1795 6528 1978 Gesang entfernte sich, verklang, eine Kirch-
4330 1929 6439 2109 turmuhr schlug. „Dreiviorteleines“, sagte
4309 2094 6543 2264 Greising.- „Letzte Bank“,erklärte der Regi
4315 2219 6534 2426 mentsarzt.-Jeder noch eine“,sagte Wimmer.
4306 2386 6555 2593 Der Konsul dickte. Seit Will wieder da war,
5964 2514 6278 2642 miell
4297 2517 6433 2764 hatte er kein Wort gesprochen teilte nur
4684 2654 5476 2743 nicht umtirenden
4306 2673 6543 2868 aus und zeigte sein Blatt, wenn es notwendig
4291 2834 6439 3005 war. Tuguts Bank hielt s ioh lange, endlich
4297 3008 6461 3166 war sie e rledigt.Greising verdoppelte die
4294 3142 6293 3310 seine und zog sich zurück. Da erschien
4294 3300 6485 3523 plötzlich Herr Elrief wieder, sonderbar ge-
4291 3444 6522 3639 nug nach einstündiger Abwesenheit und noch
4279 3599 6509 3858 sonderbarer er hatte wieder Geld beisich.
4288 3761 6421 3962 Als wäre nichts geschehen setzte er sich
4257 3947 5854 4099 hewS us Ida xxxe TeldändosM.
4224 3965 6415 4260 seine gedanken
5412 4132 5690 4236 aasm
4248 4184 5001 4361 gluok.önd
