6760 5976
6021 1039 6233 1279 1er
3661 1234 6199 1548 Uur dei, - ein paa Koller auf
2942 1168 3333 1426 in
3608 1377 6261 1788 sel; - uod willei Selich... de
683 1363 3176 1687 mit wie der Gevorbe kunden
3570 1600 6338 1959 me deut-je elet inertri et est près
547 1639 3214 1879 Munt.. Et bief, ilof a toute
3654 1788 6181 2144 ... no doi... Vier ins Reffebor
614 1890 3120 2123 tral un fi unes jusqu'il  seAul
3643 2015 6254 2371 2 Billar naitie in on at
603 2120 3120 2329 Zul auf de verwundlt Ritt, - auf
3647 2161 6153 2559 Seit wied wehr beulast wird.
614 2290 3197 2517 der Tisch auf den vort die Bey
3587 2409 6261 2796 [illegible] trelpait. Mad. Ane den
533 2500 3103 2806 d Wels. dis pleut pie, die
5731 2601 6212 2737 u den
3681 2698 6240 3033 Cront Schreibel, de j' xxx
676 2730 3117 3099 Rasch lage danken. Aus¬
383 2796 614 3009 be
3755 2908 6314 3221 2. April alzwärnsch we...
614 2998 2981 3288 wel c'est un seul il
3776 3096 6362 3458 Abe gelt. gebst was i ved da...; u leur
3695 3235 6261 3647 us a uortil. Esqe
565 3301 2848 3521 de Cuurde sal, a deße n
5083 3465 5289 3615 "A
3685 3423 6404 3922 u j'un ci Thira, - un
652 3472 3057 3793 Herrn wie... Amnüt!.. Wozu.
3713 3622 6530 4079 der. Hengel Hee sieile he kor cfynet
673 3706 2810 3992 N.M. euch de Mitmerth
3706 3905 6355 4288 und die er eflaieren Gelt in Flugfang,
805 3946 3033 4215 - - Obe is a ihre wd ulast, uit
3688 4093 6491 4487 nehmen. Wenn ich zu überkommen
694 4149 3012 4445 is in the pretes; - so vales
3695 4295 6331 4773 überwijt, t in d H Stadt de
607 4400 3047 4696 er den Mantel, der an einer Het
662 4581 3410 4982 Aung - was noch in ihn ab der Herren
