7144 4600
2676 580 2890 727 100
2827 844 3013 1018 108
2574 916 2796 1096 Verei
943 1006 2959 1220 Abend." - „Auf längere Zeit?“ T.Das kann
925 1162 3274 1427 man wohl sagen. So auf drei bis dreissig Jahre
3085 1271 3265 1349 is due.
1745 1313 2292 1427 evouer un
1355 1343 3211 1556 (Sie hatten die Spinerin amKreuz"
949 1472 3244 1727 pasjort, Die peichsstrasse war schon ziemlich
934 1679 3019 1880 belebt von Last-und Marktwagen. Die Sonne
2484 1760 2691 1844 slast
2058 1766 2412 1877 de Blut
955 1814 2932 2064 war aufgegangen.Willy sah die goldenen
958 1904 2947 2178 Luöpfe seines Waffenrooks glänzen-Ein
910 2157 2899 2331 plötzlicher Entschluss?“ fragte Willy.
1376 2247 1664 2349 d'unief
973 2277 3154 2475 „Wie meinen Sie das,Herr Leutnant?“ - „Ihre
970 2397 3154 2643 Abreise, Herr vonsul." - „O nein,Herr Leut-
964 2574 3088 2793 nant, steht schon ziemlich lange fest.Ich
967 2724 3019 2941 fahre nach Amerika, vorläufig nicht nach
1460 2857 1751 2959 in to
961 2854 3340 3094 Equador, nach Baltimore, meine Familie lebt
1466 2986 2493 3088 der er viel deme herhaft, so sie
3115 2992 3346 3112 will
967 3058 3175 3256 drüben. Ich habe sie seit acht Jahren nicht
976 3139 3163 3400 gesehen.“- Familie, dachte Willy, vielleicht
976 3340 3139 3547 hat er ein Herz. Und was ist es eigentlich
928 3505 3343 3740 mit Fräulein Rihoschek? Weiss sie, dass er fort
2325 3586 2872 3689 is if the best
1391 3617 2145 3728 be de M'mert mit weg.
910 3641 3232 3869 reist? Was gehts mich an? Ich muss nui etwas
976 3773 3208 4004 Entscheidendes sagen.Es geht mir an den
973 3968 3157 4157 Kragen. Unwillkürlich fuhr er sich an den
973 4091 3322 4307 Hals und rückte an dem steifen Colluloidrand.
3974 324 4533 523 241- man
6023 673 6230 856 109
4334 814 6665 1063 „Das ist ja sehr bedauerlich“, sagte er ihm
4331 985 6305 1195 schon in drei Tagen und auf so lange.
5266 1138 6260 1325 wirklich, ich hatte
4379 1174 6533 1376 Und ich hatte, das er unter einer Trä¬
4316 1331 6428 1499 mit einiger Sicherheit gehofft, dass Herr
4394 1439 6434 1658 konsul mir am nächsten Sonntag Revanche
4346 1619 6260 1817 geben würden.“-Der Konsul zuokte die
4758 1739 5656 1889 at said longst celen
4388 1757 6377 1970 Achseln. Natürlich, fügte Willy rasch
4343 1901 6458 2112 hinzu, „unter diesen Umständen“ erlachte
4361 2055 6365 2283 ein wenig, als wäre diese bevorstehende
6221 2145 6578 2274 herbe
4361 2193 6455 2406 Abreise des Konsuls im Grunde eine hume-
4373 2352 6488 2553 ristische Sache.) Wie mach ich anur, dachte
4941 2502 5500 2631 frit hvitil fe
4485 2547 4665 2649 w.v.
4364 2505 6422 2733 er bei sch. Ihn bitten? Es blieb wahr-
4416 2697 6434 2854 haftig nichts anderes übrig. Nunja, was
4367 2802 6446 3010 kann ihm an den paar taugend Gulden lie-
4425 2962 6479 3199 gen? Er hat eine Familie in Amerika udd
4440 3103 6404 3331 das FräuleinRihoschek,-wasbedeuen ihm
4446 3283 6365 3466 diese paar tausend Gulden. Und mir
4455 3418 6374 3641 Leben oder Tod.—Sie fuhren unter dem
4452 3611 6545 3809 Viadukt der Stadt zu.Aus dorsüdbahnhalle
4458 3716 6545 3920 brauste ein Zug. Nach Baden dachte Willy.
4458 3890 6536 4127 Und da sitzen Leute drin, die nach Baden
