5905 7208
2002 531 2209 719 G.P.
1509 509 1724 703 ¬
1988 684 2174 806 P.P.
1506 814 1708 970 G.F.P
1351 795 1495 951 P.
1991 899 2086 1081 G.C.F.P.
1653 918 1904 1188 G.F.P.
1849 1250 1986 1365 décembre
1610 1103 1790 1228 G.F.P.
1757 1163 1964 1416 G.H.F.P
1408 1329 2299 1721 12 M
1691 1683 1860 1760 G.C.F.P.
1182 1806 1316 1997 G.F.P
978 1822 1207 2065 G.H.F.P.
2217 1809 2555 1967 Ein
3435 1814 3732 2005 von
2149 1931 2345 2021 G.C.F.P.
1198 1972 2460 2315 ARTHU
1024 2048 1190 2154 de ses
3712 2086 3971 2214 in my
970 2127 1228 2381 en lisant les
3476 2212 4156 2359 PLIT
1060 2184 1288 2449 G.P.
1332 2296 1520 2419 G.C.F.P
1228 2402 1335 2566 G.F.P.
1329 2367 1555 2519 G.F.P
3772 2391 4012 2522 dire une
3734 2481 4004 2626 P.
4393 2443 4767 2588 926 by Ullatein A
3165 2517 3328 2658 G.H.F.P
4031 2462 4344 2593 Copyright
4026 2544 4189 2642 G.C.F.P
1207 2560 2201 2697 Herr Leutnantl... Herr Leut¬
3723 2596 4737 2767 „Stadt Wien“ wenn sie mich nicht
3097 2609 4783 2835 unsere Leser mit. Nich bei Reßners zum Essen behalten
2334 2623 2770 2770 Wir haben die
1190 2669 2201 2784 nantl... Herr Leutnant!“ Erst
1196 2751 2204 2863 beim dritten Anruf rührte sich
2334 2743 2816 2868 dem neusten Wer
2969 2726 3672 2890 Pomitzlers bekannt.
3680 2795 4837 2898 „Herein!“ Und mit übertriebener Le###
1239 2811 2206 2920 der junge Offizier, reckte sich,
2974 2827 3685 2974 Die Kraft der Gestaltung,
2326 2827 2808 2947 machen zu könne
3691 2868 4805 2966 keit streckte Wilhelm dem Eintreten
1114 2898 2195 2983 e den Kopf zur Tür; noch schlastrunken,
2337 2917 2800 3059 die Zartheit des
3699 2933 4747 3034 Hand entgegen. „Grüß dich Got¬
2985 2939 3696 3056 an Ausdruckes, die dem
1073 2958 2195 3056 den Polstern, brummte er: „Was gibt's?“
3696 3012 4731 3097 Es freut mich aber wirklich. Will
3045 3015 3704 3132 erreichischen Dichters
3696 3067 4723 3179 legen? Ja, schau dich nur um
2329 3002 2697 3135 Schaffen des
1060 3048 2255 3132 a, wacher geworden, als er sah, daß es nur
1040 3105 2258 3184 Bursche war, der in der umdämmerten
2326 3094 2697 3233 ihr Gepräge
3146 3108 4862 3230 ### Erzählung von früher. Geräumiger ist das Lokal aus
1040 3151 1740 3266 bespalte stand, schrie er: „
1732 3179 2743 3337 Zum Teufel, was echter Meister
3105 3203 4886 3320 Allendung geformt. geworden. Aber Raum ist in der klei=
1011 3236 1743 3331 it's denn in aller Früh’?“
3745 3282 4497 3402 Hütte für ein glücklich
2432 3309 2612 3410 G.C.F.P.
1043 3318 2299 3413 Es ist ein Herr unten im Hof, Herr Leut¬
3732 3326 4688 3448 Otto lächelte höflich, als man
3320 3288 3647 3492 G. P.
1092 3380 2299 3481 der den Herrn Leutnant sprechen will.
2424 3369 2615 3484 G.F.P.
3751 3426 4617 3525 helms Verlegenheit und woll=
3102 3402 3347 3582 zughelfen
1147 3440 2797 3593 eso ein Herr? Wie spät ist es denn? Hab' ich Ihnen nicht ge=
3454 3454 4690 3601 hoffentlich paßt das Zitat für die kleine Hüt
1182 3508 2266 3614 mich nicht wecken sollen am Sonntag?
3040 3541 4279 3633 besser als in diesem Augenblick,“ sagte er.
1196 3565 2726 3691 Bursche trat ans Bett und reichte Wilhelm eine Visitenkor=
3064 3593 4731 3721 Wilhelm lachte lauter als nötig war. „Leider nicht oft. Ja
1212 3655 2340 3802 men Sie, ich bin ein Uhu, Sie Schafskopf
2972 3647 4606 3800 lich einsichtig. Wenn ich dich versicher, sechs Wochen minder.
1264 3721 1795 3816 Aufzieh'n|«
3040 3761 4636 3846 Raumstein weiblicher Fuß betreten. Der Platz ist ein Wai
1160 3734 2816 3898 ehr der Befehl ausgesprochen war, hätte Joseph die ins
2985 3840 4731 3911 mich. „Aber nimm doch Plötz.“ Er räumte Wäschestücke von
1008 3849 2751 3966 unsterflügel geöffnet und zog den schmutzig=weißen Vorhang in die
3045 3906 4807 3974 aufs Bett. „Und darf ich dich vielleicht zu einem Kaffee einlade
961 3922 2492 4026 Der Leutnant, sich im Bette halb aufrichtend, vermochte er
3808 3955 5031 4067 die keine Umstände. Ich hab' schon gefrüh=
1561 4001 2705 4088 1. ließ sie auf die Bettdecke sinken, betrachte.
3061 4020 3800 4181 Wilhelm ließ nicht zu,
1542 4072 2724 4170 dondes, kurz geschnittenes, morgendlich zer=
1302 4137 2702 4214 erlegte rasch: „Abweisen? — Unmöglichl — Auch es
3045 4107 4317 4238 wies auf das Rauchtischchen, wo eine offene
1152 4195 2683 4304 und. Wenn man wen empfängt, das heißt ja noch nicht,
2762 4208 2928 4301 man
3051 4208 4511 4306 retten stand. Wilhelm gab ihm Feuer, Otto tat schw
1098 4265 2637 4366 verkehrt. Uebrigens hat er ja nur wegen Schulden
3045 4293 4761 4377 und sein Blick fiel auf das wohlbekannte Bild, das an der A
1035 4317 2697 4442 essen. Andere haben halt mehr Glück. Aber was will er von
2776 4290 2972 4418 teren
3045 4355 4807 4451 dem schwarzen Lederdiwan hing und eine Offizierssteeplechase an
1081 4407 2972 4505 mandte sich wieder an den Burschen: „Wie schaut er denn aus, der
3051 4423 3865 4530 verflossenen Zeiten vorstellte.
1139 4467 2195 4565 ber —, der Herr von Bogner?“
3124 4470 4791 4573 „Also, jetzt erzähl',“ sagte Wilhelm, „wie geht's dir denn?
1081 4491 2707 4658 Der Bursche erwiderte mit breitem, etwas traurigem Lächeln:
2759 4516 2920 4644 Relde
3045 4551 4846 4649 hat man so gar nichts mehr von dir gehört? — Wie wir uns
1103 4609 2904 4734 amst, Herr Leutnant, uniform ist dem Herrn Oberleutnant besser
3045 4628 3879 4720 zwei Jahren oder drei Adieu
3870 4619 4848 4761 gesagt haben, hast du mir doch versp
3051 4707 3879 4799 daß du von Zeit zu Zeit
1117 4671 1544 4764 acht gestanden.“
1065 4707 2953 4843 Wilhelm schwieg eine Weile, dann setzte er sich im Bett zurecht:
3135 4734 4767 4862 Otto unterbrach ihn: „Es war vielleicht doch besser, daß ich
1008 4807 2631 4938 also, ich loß bitten. Und der Herr — Oberleumant möcht
2748 4837 2953 4925 dlichst
2705 4908 2912 4984 gen 6•
3034 4824 4856 4927 von mir hören und sehen lassen, und ganz bestimmt wär's besser,
1062 4881 2547 5001 schuldigen, wenn ich noch nicht fertig angezogen bin. —
3034 4908 4892 5001 ich auch heut' nicht hött' kommen müssen.“ Und, ziemlich überraf
1065 4949 1280 5033 der alle in
1686 4971 2560 5058 Von den anderen Herren frag=
2705 4976 4895 5053 Ober= für Wilhelm, setzte er sich plötzlich in die Ecke des Sofas, in dessen an
2735 5039 4851 5142 lmann Ecke einige zerlesene Bücher lagen — „denn du kannft dir denken,
1893 5039 2577 5153 Wengler oder der Herr
3070 5118 4797 5197 — er sprach hastig und scharf zugleich — „mein Besuch heute zu
2007 5115 2558 5205 1 Haus — verstanden
2748 5164 2950 5273 ich die
2002 5175 2563 5281 sch schloß, zog Wilhe=
3034 5183 4832 5287 gewohnter Stunde — ich weiß, du schläfst dich gern aus an einem
1988 5254 2953 5344 in seine Frisur, trat zum Fenster,
3034 5257 4878 5360 tag —, dieser Besuch hat natürlich einen Zweck, sonst hätte ich
2037 5314 2920 5415 hinab; und als er den einstigen
3034 5333 4821 5409 natürlich nicht erlaubt — kurz und gut, ich komm' an unsere
2084 5379 2947 5475 mit gefenktem Kopf, den steifen,
3051 5390 4546 5488 Freundschaft appellieren — an unsere Kameradschaft
2097 5461 2588 5559 offenen, gelben
2697 5458 2963 5565 wirzlicher,
3034 5467 4489 5554 nicht mehr sagen. Du brauchst nicht blaß zu werden
2675 5521 2963 5622 ähe weh
2163 5532 2541 5616 da wurde ihm
3034 5532 4511 5614 gar so gefährlich, es handelt sich um ein paar Gulden,
2705 5586 2963 5687 winken,
2133 5592 2511 5701 che daran, ihr
3051 5592 4451 5695 früh haben muß, weil mir sonst nichts übrig bliebe
2217 5676 2432 5755 Sich war
3051 5684 4205 5761 schnarrte militärisch in die Höhe —,, na=
2718 5733 2906 5823 lich ge¬
3023 5744 4116 5842 zwei Jahren das Gescheiteste gewesen
2680 5799 2947 5919 er die
3045 5818 4205 5919 „Aber, was redst denn da,“ meinte Wi=
2683 5864 2953 5965 Mienen
3029 5878 3857 5992 verlegenen Unwillens.
2688 5908 4110 6066 Fenster, Der Bursche brachte das Frühstück
2694 6022 4483 6123 solche schenkte ein. Er verspürte einen bitteren Geschwack
2675 6085 4402 6183 tale der    fand es unangenehm, daß er noch nicht dazu gekom=
3023 6153 4481 6267 machen. Uebrigens hatte er sich vorgenommen, auf
3165 6229 4396 6325 ein Dampfbad zu nehmen. Es genügte ja
3505 6297 4437 6401 Baden eintraf. Er hatte keine
3486 6360 4372 6472 verspätete, ja, wenn er gar nicht
3617 6450 4363 6559 auffallen, weder den Herren
