7080 4488
2559 775 2792 958 187
691 781 889 1053 381
2253 847 2487 1023 Joul
548 979 2879 1146 fen nach seinem Quartier. Johann war im
826 1134 2879 1326 Vorzimmer beschäftigt die Garderobe des
796 1317 2771 1484 Herrn Leutnant in Ordnung zu bringen,
832 1418 2987 1622 meldete in üblicher Weise, dass sich nichts
820 1586 2819 1745 Neues ereignet,Willy verständigte ihn,
850 1733 2978 1942 dass zwischen sieben und acht-jemand nach
937 1876 1245 1966 desdent
910 1867 2828 2056 ihm fragen würde. Ein werr, vielleicht
838 2029 2858 2202 mit einer Dame, möglicherweise auch eine
889 2205 2792 2367 Dame allein.Dann schloss er die Türe
841 2343 2861 2511 hinter sich, streckte sich auf das Sofa
844 2514 2879 2672 hin, das etwas zu kurz war,so dass seine
826 2696 2873 2813 Füsse über die niedere Lehne baumelten.
1122 2792 2448 2861 soo sich in der Josef nie in einen Eheman
856 2822 2544 2984 Trotzdem schlief er sofort ein.
2298 2915 2720 3016 n'écriante
1248 2945 2828 3142 Es dämmerte schon, als die Türe
919 3013 1083 3118 G.F.P.
622 3142 2762 3271 sich öffnete und eine junge Dame in
670 3292 2813 3435 blauschimmernden sommerkleid vor ihm
1580 3414 1784 3486 ver
622 3391 2957 3636 nen stande. Willy sprang vom Sofa auf noch im
601 3558 2882 3771 Halbschlaf,er sah, dass,mit etwas ängst-
587 3726 2795 3932 lichem Blick, wie schuldbewusst, sein
679 3866 2912 4016 Bursch hinter der blauen Dame stand und
796 4037 3001 4228 schon vernahm er Leopoldinens timme: „Ver-
5874 590 6096 733 188
4381 697 6437 901 zeihen Sie, Herr Leutnant, dass ich Ihren
4324 847 6338 1098 Herrn Burschen nicht erlaubt habe mich
4321 1011 6437 1200 anzumelden, aber ich wollte Sie nicht auf
4321 1152 6266 1389 wecken,sondern hätte gewartet bis Sie
4324 1320 6449 1541 von selbst aufwachen".-Was für eine Stim-
5449 1457 6063 1565 der Amdens,
4321 1496 6410 1676 me sachte Willy. und was für ein Tonfall.
4596 1631 5635 1724 Wer das nicht eine jass auch
4357 1622 6416 1843 Das ist doch überhaupt eine ganz Andere
4333 1784 6458 2005 als die von Vormittag. Er winkte dem Bur-
4327 1927 6410 2116 schen ab, der gleich verschwand. Gnädigd
5764 2038 6521 2179 is not might
4327 2125 6437 2304 Frau“), sagte Willy,also sie bemühen sich
4339 2223 6425 2460 selbst. Darf ich bitten - Er bot ihr ei-
4393 2415 5722 2589 nen Sessel zum Sitzen an.
4743 2517 6266 2762 Sie sah sich mit einem hellem
5910 2615 6718 2792 mil den Reine de der
4321 2738 6461 2918 Blick im Zimmer um und schien einverstan-
4686 2861 4980 2969 (matur)
4384 2849 6239 3070 den. Wo aber mochte sie das Couvert
4351 3007 6332 3205 mit den elftausend Gulden haben.In der
4399 3142 6434 3355 Hand hatte sie (nichts) als einen Schirm,
4351 3331 6350 3540 einen weissblau gestreiften Schirm, der
4357 3462 6392 3684 zu ihrem blauen Xlakd Foulardkleid vor-
5228 3597 6395 3705 me wthle in hilf lui en sull habe
4094 3672 6437 3836 trefflich passte. Sie trug einen strohhut
4055 3797 6458 3980 nicht ganz modern, etwa nach Florentiner
4061 4016 5602 4261 Bammen'ssy Hr.s nécessität.
