<?xml version="1.0" encoding="UTF-8" standalone="yes"?>
<PcGts xmlns="http://schema.primaresearch.org/PAGE/gts/pagecontent/2013-07-15" xmlns:xsi="http://www.w3.org/2001/XMLSchema-instance" xsi:schemaLocation="http://schema.primaresearch.org/PAGE/gts/pagecontent/2013-07-15 http://schema.primaresearch.org/PAGE/gts/pagecontent/2013-07-15/pagecontent.xsd">
    <Metadata>
        <Creator>prov=READ-COOP:name=TrHtr:version=2.1.0:model_id=51170:date=14_08_2023_21:42</Creator>
        <Created>2023-05-10T14:45:59.425+02:00</Created>
        <LastChange>2023-08-14T21:42:03.190+02:00</LastChange>
        <TranskribusMetadata docId="1428676" pageId="55424808" pageNr="4" tsid="132826863" status="IN_PROGRESS" userId="64420" imgUrl="https://files.transkribus.eu/Get?id=CKLFHJDWMLXJAOCVFHMTSEAY&amp;fileType=view" xmlUrl="https://files.transkribus.eu/Get?id=CZDHTRZWJQHXKFNPKJZXUWBR" imageId="44698885"/>
    </Metadata>
    <Page imageFilename="1428676_0004.jpg" imageWidth="6011" imageHeight="6952">
        <ReadingOrder>
            <OrderedGroup id="ro_1711811890724" caption="Regions reading order">
                <RegionRefIndexed index="0" regionRef="tr_1"/>
            </OrderedGroup>
        </ReadingOrder>
        <TextRegion id="tr_1" custom="readingOrder {index:0;}">
            <Coords points="549,290 5560,290 5560,6651 549,6651"/>
            <TextLine id="tr_1_tl_1" custom="readingOrder {index:0;}">
                <Coords points="1753,371 1767,371 1779,354 1787,357 1808,347 1847,374 1884,347 1906,347 1896,279 1886,279 1872,294 1850,294 1838,306 1811,301 1804,308 1779,291 1758,306 1743,306"/>
                <Baseline points="1761,340 1821,346 1911,358"/>
                <TextEquiv>
                    <Unicode>G.C.H.P.</Unicode>
                </TextEquiv>
            </TextLine>
            <TextLine id="tr_1_tl_2" custom="readingOrder {index:1;}">
                <Coords points="4549,738 4605,736 4649,757 4702,738 4731,762 4816,777 4855,777 4904,740 4930,740 4916,641 4787,646 4712,609 4617,597 4595,619 4530,621"/>
                <Baseline points="4557,703 4652,710 4742,740 4831,746 4921,752 4939,752"/>
                <TextEquiv>
                    <Unicode>Nr.</Unicode>
                </TextEquiv>
            </TextLine>
            <TextLine id="tr_1_tl_3" custom="readingOrder {index:2;}">
                <Coords points="2512,762 2593,770 2661,804 2733,765 2762,779 2818,765 2852,774 2872,760 2896,777 2935,774 2935,653 2908,648 2860,672 2779,668 2748,687 2675,646 2639,660 2580,631 2520,631"/>
                <Baseline points="2526,758 2586,758 2675,758 2765,752 2854,746 2944,740"/>
                <TextEquiv>
                    <Unicode>Berliner Jllus</Unicode>
                </TextEquiv>
            </TextLine>
            <TextLine id="tr_1_tl_4" custom="readingOrder {index:3;}">
                <Coords points="3175,808 3209,813 3226,799 3248,801 3258,789 3304,799 3311,789 3323,799 3333,791 3348,804 3362,789 3389,789 3384,706 3357,702 3350,711 3338,699 3318,706 3280,702 3267,689 3229,692 3214,680 3195,689 3180,682 3165,687"/>
                <Baseline points="3183,752 3272,764 3362,764 3392,770"/>
                <TextEquiv>
                    <Unicode>eitung</Unicode>
                </TextEquiv>
            </TextLine>
            <TextLine id="tr_1_tl_5" custom="readingOrder {index:4;}">
                <Coords points="918,774 930,774 952,794 966,787 973,796 998,784 1029,789 1056,779 1083,784 1090,777 1105,779 1107,689 1075,677 1034,675 986,702 969,689 920,682"/>
                <Baseline points="931,770 1021,764 1110,764"/>
                <TextEquiv>
                    <Unicode>1642</Unicode>
                </TextEquiv>
            </TextLine>
            <TextLine id="tr_1_tl_6" custom="readingOrder {index:5;}">
                <Coords points="4566,828 4598,823 4622,840 4656,837 4671,828 4695,840 4731,828 4760,830 4758,765 4738,770 4675,723 4656,740 4629,740 4620,733 4564,740"/>
                <Baseline points="4580,824 4670,830 4760,830 4766,830"/>
                <TextEquiv>
                    <Unicode>G.C.F.P</Unicode>
                </TextEquiv>
            </TextLine>
            <TextLine id="tr_1_tl_7" custom="readingOrder {index:6;}">
                <Coords points="2321,930 2998,886 3127,925 3619,913 3590,801 3442,850 3175,789 3054,847 2731,808 2498,857 2321,799"/>
                <Baseline points="2335,907 2424,907 2514,907 2604,901 2693,895 2783,895 2872,889 2962,883 3051,895 3141,901 3231,901 3320,901 3410,907 3499,907 3589,907 3625,907"/>
                <TextEquiv>
                    <Unicode>Gulden ausgeholfen, die ich ihm natürlich am</Unicode>
                </TextEquiv>
            </TextLine>
            <TextLine id="tr_1_tl_8" custom="readingOrder {index:7;}">
                <Coords points="3678,930 4981,913 4981,828 4855,859 4753,823 4263,850 4044,804 3974,847 3899,801 3680,813"/>
                <Baseline points="3691,919 3732,913 3822,913 3911,913 4001,907 4091,907 4180,913 4270,913 4359,913 4449,913 4539,913 4628,907 4718,907 4807,907 4897,907 4987,907"/>
                <TextEquiv>
                    <Unicode>zum Beispiel — sei nicht bös, er fallt mir grad</Unicode>
                </TextEquiv>
            </TextLine>
            <TextLine id="tr_1_tl_9" custom="readingOrder {index:8;}">
                <Coords points="913,937 2262,925 2262,828 2214,811 2105,874 1651,808 1580,842 1250,813 1066,862 913,811"/>
                <Baseline points="925,919 1015,913 1104,913 1194,913 1284,913 1373,913 1463,913 1552,913 1642,913 1732,913 1821,913 1911,913 2000,913 2090,913 2179,913 2269,913"/>
                <TextEquiv>
                    <Unicode>Fräulein Keßner; vielleicht eher noch ihrer</Unicode>
                </TextEquiv>
            </TextLine>
            <TextLine id="tr_1_tl_10" custom="readingOrder {index:9;}">
                <Coords points="2321,971 2418,1005 2520,978 2869,993 2937,956 2986,964 2988,905 2321,930"/>
                <Baseline points="2335,973 2365,973 2454,973 2544,973 2633,967 2723,961 2813,961 2902,955 2992,943"/>
                <TextEquiv>
                    <Unicode>Ersten retourniert habe.</Unicode>
                </TextEquiv>
            </TextLine>
            <TextLine id="tr_1_tl_11" custom="readingOrder {index:10;}">
                <Coords points="3083,976 3148,971 3180,998 3216,981 3367,1000 3418,976 3447,995 3474,983 3598,1000 3619,990 3617,915 3534,925 3503,903 3474,925 3425,915 3391,930 3343,910 3255,925 3080,913"/>
                <Baseline points="3093,961 3183,967 3272,973 3362,973 3452,973 3541,979 3625,973"/>
                <TextEquiv>
                    <Unicode>Vonserm geht's mir ja</Unicode>
                </TextEquiv>
            </TextLine>
            <TextLine id="tr_1_tl_12" custom="readingOrder {index:11;}">
                <Coords points="3678,990 4872,1034 5003,990 5003,910 3678,930"/>
                <Baseline points="3691,979 3756,979 3846,973 3935,973 4025,979 4115,979 4204,973 4294,985 4383,979 4473,979 4562,979 4652,979 4742,979 4831,979 4921,979 5010,973"/>
                <TextEquiv>
                    <Unicode>ein — mit deinem Cousin Guido, der das Gut</Unicode>
                </TextEquiv>
            </TextLine>
            <TextLine id="tr_1_tl_13" custom="readingOrder {index:12;}">
                <Coords points="918,1010 2088,1007 2117,927 918,935"/>
                <Baseline points="931,985 1021,985 1110,985 1200,985 1290,985 1379,985 1469,985 1558,985 1648,985 1738,985 1827,985 1917,985 2006,985 2096,985 2120,985"/>
                <TextEquiv>
                    <Unicode>Mutter, die übrigens auch nicht übel war.</Unicode>
                </TextEquiv>
            </TextLine>
            <TextLine id="tr_1_tl_14" custom="readingOrder {index:13;}">
                <Coords points="2321,1046 4231,1063 4209,988 3867,973 2318,983"/>
                <Baseline points="2335,1045 2424,1045 2514,1045 2604,1045 2693,1039 2783,1033 2872,1033 2962,1027 3051,1027 3141,1027 3231,1033 3320,1039 3410,1045 3499,1045 3589,1045 3619,1045 3673,1045 3696,1045 3786,1045 3876,1045 3965,1045 4055,1045 4144,1045 4234,1033"/>
                <TextEquiv>
                    <Unicode>diesmal so knapp zusammen. Aber tausend bei Amstetten hat?“</Unicode>
                </TextEquiv>
            </TextLine>
            <TextLine id="tr_1_tl_15" custom="readingOrder {index:14;}">
                <Coords points="1015,1075 2250,1078 2250,983 1015,1015"/>
                <Baseline points="1027,1057 1092,1051 1182,1051 1272,1057 1361,1057 1451,1057 1540,1057 1630,1057 1720,1051 1809,1057 1899,1057 1988,1051 2078,1051 2168,1051 2257,1051"/>
                <TextEquiv>
                    <Unicode>„Bitt' schön, bedien' dich doch,“ sagte er zu</Unicode>
                </TextEquiv>
            </TextLine>
            <TextLine id="tr_1_tl_16" custom="readingOrder {index:15;}">
                <Coords points="2321,1146 2612,1114 2731,1117 2765,1141 2860,1095 2925,1107 2928,1063 2855,1066 2828,1046 2729,1066 2673,1049 2583,1083 2323,1049"/>
                <Baseline points="2335,1110 2389,1116 2478,1110 2568,1110 2657,1104 2747,1104 2836,1098 2932,1085"/>
                <TextEquiv>
                    <Unicode>Gulden — tausend —</Unicode>
                </TextEquiv>
            </TextLine>
            <TextLine id="tr_1_tl_17" custom="readingOrder {index:16;}">
                <Coords points="3088,1114 3144,1129 3280,1117 3362,1153 3377,1136 3486,1141 3508,1122 3568,1151 3600,1131 3598,1061 3537,1051 3486,1075 3382,1041 3348,1063 3275,1049 3229,1075 3187,1046 3083,1056"/>
                <Baseline points="3099,1098 3189,1098 3278,1110 3368,1116 3458,1116 3547,1122 3607,1122"/>
                <TextEquiv>
                    <Unicode>büßte absolut nicht,</Unicode>
                </TextEquiv>
            </TextLine>
            <TextLine id="tr_1_tl_18" custom="readingOrder {index:17;}">
                <Coords points="3772,1136 5035,1126 5035,1063 4836,1024 4323,1020 4047,1075 3772,1051"/>
                <Baseline points="3786,1122 3876,1116 3965,1116 4055,1116 4144,1116 4234,1116 4324,1116 4413,1116 4503,1110 4592,1110 4682,1110 4772,1110 4861,1110 4951,1116 5040,1116"/>
                <TextEquiv>
                    <Unicode>„Du kannst dir denken, Willi,“ erwiderte</Unicode>
                </TextEquiv>
            </TextLine>
            <TextLine id="tr_1_tl_19" custom="readingOrder {index:18;}">
                <Coords points="905,1126 1216,1163 1301,1129 2258,1134 2258,1078 2131,1058 1461,1088 905,1056"/>
                <Baseline points="919,1122 1009,1122 1098,1122 1188,1116 1278,1122 1367,1128 1457,1122 1546,1122 1636,1122 1726,1122 1815,1122 1905,1116 1994,1116 2084,1122 2173,1122 2263,1116"/>
                <TextEquiv>
                    <Unicode>Otto, der die Tasse noch nicht an die Lippen ge¬</Unicode>
                </TextEquiv>
            </TextLine>
            <TextLine id="tr_1_tl_20" custom="readingOrder {index:19;}">
                <Coords points="2326,1197 2580,1187 2675,1204 2801,1177 2906,1194 2949,1177 2952,1114 2862,1092 2760,1143 2729,1114 2612,1117 2534,1148 2510,1124 2328,1146"/>
                <Baseline points="2341,1182 2418,1182 2508,1182 2598,1176 2687,1176 2777,1170 2866,1170 2956,1158"/>
                <TextEquiv>
                    <Unicode>wie ich mir die verschaft</Unicode>
                </TextEquiv>
            </TextLine>
            <TextLine id="tr_1_tl_21" custom="readingOrder {index:20;}">
                <Coords points="3083,1187 3100,1189 3117,1180 3131,1192 3151,1187 3168,1194 3173,1189 3199,1194 3214,1185 3224,1192 3243,1192 3241,1126 3224,1122 3202,1138 3185,1122 3170,1134 3134,1119 3117,1126 3102,1119 3080,1122"/>
                <Baseline points="3093,1170 3183,1170 3249,1176"/>
                <TextEquiv>
                    <Unicode>könnte.“</Unicode>
                </TextEquiv>
            </TextLine>
            <TextLine id="tr_1_tl_22" custom="readingOrder {index:21;}">
                <Coords points="3678,1187 5010,1202 4989,1117 3678,1131"/>
                <Baseline points="3691,1182 3762,1188 3852,1182 3941,1182 4031,1188 4121,1188 4210,1182 4300,1182 4389,1182 4479,1182 4568,1182 4658,1182 4748,1182 4837,1176 4927,1176 5016,1176"/>
                <TextEquiv>
                    <Unicode>Bogner ruhig, daß es auch mit dem nix ist. Sonst</Unicode>
                </TextEquiv>
            </TextLine>
            <TextLine id="tr_1_tl_23" custom="readingOrder {index:22;}">
                <Coords points="930,1209 2258,1194 2258,1138 2129,1126 1289,1126 1223,1165 930,1134"/>
                <Baseline points="943,1194 1009,1194 1098,1188 1188,1188 1278,1188 1367,1188 1457,1188 1546,1188 1636,1188 1726,1194 1815,1188 1905,1188 1994,1188 2084,1188 2173,1188 2263,1188"/>
                <TextEquiv>
                    <Unicode>setzt hatte. Nun nahm er rasch einen Schluck und</Unicode>
                </TextEquiv>
            </TextLine>
            <TextLine id="tr_1_tl_24" custom="readingOrder {index:23;}">
                <Coords points="2423,1270 2539,1277 2680,1255 2714,1277 2767,1257 2794,1282 2954,1282 2957,1182 2762,1180 2712,1202 2425,1194"/>
                <Baseline points="2436,1254 2514,1254 2604,1248 2693,1248 2783,1248 2872,1242 2962,1230"/>
                <TextEquiv>
                    <Unicode>„Wirklich nicht?“ so</Unicode>
                </TextEquiv>
            </TextLine>
            <TextLine id="tr_1_tl_25" custom="readingOrder {index:24;}">
                <Coords points="3049,1282 3207,1316 3241,1289 3277,1304 3326,1287 3415,1299 3527,1265 3583,1287 3612,1277 3610,1194 3583,1209 3554,1185 3517,1197 3415,1160 3195,1211 3146,1180 3047,1170"/>
                <Baseline points="3063,1242 3153,1248 3243,1254 3332,1254 3422,1260 3511,1260 3601,1254 3619,1254"/>
                <TextEquiv>
                    <Unicode>Otto und faßte ihn</Unicode>
                </TextEquiv>
            </TextLine>
            <TextLine id="tr_1_tl_26" custom="readingOrder {index:25;}">
                <Coords points="3673,1265 5030,1282 5030,1202 4836,1182 3673,1206"/>
                <Baseline points="3685,1248 3774,1254 3864,1254 3953,1254 4043,1254 4132,1248 4222,1248 4312,1248 4401,1254 4491,1248 4580,1254 4670,1254 4760,1254 4849,1254 4939,1254 5028,1260 5034,1260"/>
                <TextEquiv>
                    <Unicode>wär' ich ja nicht da. Kurz und gut, es gibt auf</Unicode>
                </TextEquiv>
            </TextLine>
            <TextLine id="tr_1_tl_27" custom="readingOrder {index:26;}">
                <Coords points="922,1277 2258,1279 2258,1197 1440,1197 1398,1231 922,1202"/>
                <Baseline points="937,1260 1027,1254 1116,1260 1206,1260 1296,1260 1385,1260 1475,1260 1564,1260 1654,1266 1743,1260 1833,1260 1923,1260 2012,1254 2102,1254 2191,1260 2263,1260"/>
                <TextEquiv>
                    <Unicode>begann sofort: „Um kurz zu sein: Du weißt</Unicode>
                </TextEquiv>
            </TextLine>
            <TextLine id="tr_1_tl_28" custom="readingOrder {index:27;}">
                <Coords points="3673,1333 4695,1340 4726,1330 4726,1262 3673,1267"/>
                <Baseline points="3685,1319 3744,1319 3834,1319 3923,1319 4013,1319 4103,1319 4192,1319 4282,1319 4371,1319 4461,1319 4551,1319 4640,1313 4730,1302"/>
                <TextEquiv>
                    <Unicode>der ganzen Welt keinen Menschen —</Unicode>
                </TextEquiv>
            </TextLine>
            <TextLine id="tr_1_tl_29" custom="readingOrder {index:28;}">
                <Coords points="2340,1342 2731,1333 2789,1321 2792,1270 2585,1262 2539,1279 2517,1265 2503,1279 2471,1262 2444,1279 2343,1243"/>
                <Baseline points="2353,1331 2436,1319 2526,1319 2615,1313 2705,1319 2795,1313"/>
                <TextEquiv>
                    <Unicode>scharf ins Auge.</Unicode>
                </TextEquiv>
            </TextLine>
            <TextLine id="tr_1_tl_30" custom="readingOrder {index:29;}">
                <Coords points="922,1347 2250,1340 2250,1277 2097,1257 922,1274"/>
                <Baseline points="937,1331 1003,1325 1092,1325 1182,1331 1272,1325 1361,1331 1451,1331 1540,1325 1630,1325 1720,1325 1809,1325 1899,1325 1988,1325 2078,1325 2168,1325 2257,1319"/>
                <TextEquiv>
                    <Unicode>ja vielleicht, daß ich in einem Büro für elektrische</Unicode>
                </TextEquiv>
            </TextLine>
            <TextLine id="tr_1_tl_31" custom="readingOrder {index:30;}">
                <Coords points="2423,1413 2452,1423 2544,1396 2588,1410 2629,1391 2682,1410 2709,1389 2796,1406 2935,1391 2940,1323 2881,1306 2714,1340 2651,1325 2622,1347 2534,1345 2510,1328 2428,1345"/>
                <Baseline points="2436,1397 2496,1391 2586,1385 2675,1385 2765,1379 2854,1379 2944,1349"/>
                <TextEquiv>
                    <Unicode>„Wenn ich dir sag“.</Unicode>
                </TextEquiv>
            </TextLine>
            <TextLine id="tr_1_tl_32" custom="readingOrder {index:31;}">
                <Coords points="3755,1401 4532,1406 4576,1440 4697,1403 4889,1440 5015,1398 5015,1323 3755,1345"/>
                <Baseline points="3768,1385 3858,1391 3947,1391 4037,1391 4127,1391 4216,1385 4306,1391 4395,1391 4485,1397 4574,1391 4664,1391 4754,1385 4843,1385 4933,1385 5022,1373"/>
                <TextEquiv>
                    <Unicode>Willi hob plötzlich einen Finger, als wäre er</Unicode>
                </TextEquiv>
            </TextLine>
            <TextLine id="tr_1_tl_33" custom="readingOrder {index:32;}">
                <Coords points="935,1423 2182,1418 2258,1403 2258,1338 935,1345"/>
                <Baseline points="949,1397 1039,1391 1128,1391 1218,1397 1307,1397 1397,1397 1487,1397 1576,1391 1666,1391 1755,1397 1845,1391 1935,1391 2024,1391 2114,1391 2203,1391 2263,1391"/>
                <TextEquiv>
                    <Unicode>Installationen angestellt bin, als Kassierer, seit</Unicode>
                </TextEquiv>
            </TextLine>
            <TextLine id="tr_1_tl_34" custom="readingOrder {index:33;}">
                <Coords points="2420,1488 2529,1464 2595,1486 2639,1464 2714,1481 2758,1461 2881,1464 2932,1442 2935,1391 2799,1406 2709,1389 2685,1410 2629,1391 2423,1420"/>
                <Baseline points="2436,1463 2490,1457 2580,1457 2669,1451 2759,1451 2848,1445 2938,1439"/>
                <TextEquiv>
                    <Unicode>„Und dein Onkel?“</Unicode>
                </TextEquiv>
            </TextLine>
            <TextLine id="tr_1_tl_35" custom="readingOrder {index:34;}">
                <Coords points="3661,1473 4425,1461 4425,1415 4370,1401 3661,1415"/>
                <Baseline points="3673,1463 3714,1457 3804,1457 3894,1457 3983,1457 4073,1457 4162,1457 4252,1457 4342,1457 4431,1457"/>
                <TextEquiv>
                    <Unicode>auf eine Idee gekommen.</Unicode>
                </TextEquiv>
            </TextLine>
            <TextLine id="tr_1_tl_36" custom="readingOrder {index:35;}">
                <Coords points="918,1476 2216,1490 2262,1471 2262,1403 918,1427"/>
                <Baseline points="931,1463 1021,1463 1110,1463 1200,1463 1290,1469 1379,1463 1469,1463 1558,1463 1648,1463 1738,1463 1827,1463 1917,1463 2006,1463 2096,1463 2185,1463 2269,1463"/>
                <TextEquiv>
                    <Unicode>einem Vierteljahr. Woher sollst du das übrigens</Unicode>
                </TextEquiv>
            </TextLine>
            <TextLine id="tr_1_tl_37" custom="readingOrder {index:36;}">
                <Coords points="2418,1554 2495,1537 2607,1556 2690,1532 2801,1539 2833,1517 2993,1537 2996,1444 2789,1473 2755,1461 2721,1481 2644,1466 2529,1486 2505,1466 2420,1486"/>
                <Baseline points="2430,1534 2460,1528 2550,1522 2639,1522 2729,1517 2819,1517 2908,1511 2998,1511"/>
                <TextEquiv>
                    <Unicode>„Was für ein Onkel“</Unicode>
                </TextEquiv>
            </TextLine>
            <TextLine id="tr_1_tl_38" custom="readingOrder {index:37;}">
                <Coords points="3767,1539 4741,1544 4821,1522 4821,1437 4724,1483 4671,1457 3767,1476"/>
                <Baseline points="3780,1522 3840,1522 3929,1522 4019,1522 4109,1522 4198,1522 4288,1522 4377,1522 4467,1522 4557,1522 4646,1522 4736,1517 4825,1517"/>
                <TextEquiv>
                    <Unicode>Bogner sah ihn erwartungsvoll an.</Unicode>
                </TextEquiv>
            </TextLine>
            <TextLine id="tr_1_tl_39" custom="readingOrder {index:38;}">
                <Coords points="918,1537 2250,1549 2250,1490 2112,1471 918,1476"/>
                <Baseline points="931,1534 1003,1534 1092,1528 1182,1528 1272,1534 1361,1534 1451,1534 1540,1534 1630,1534 1720,1528 1809,1528 1899,1534 1988,1540 2078,1534 2168,1528 2257,1522"/>
                <TextEquiv>
                    <Unicode>wissen? Du weißt ja nicht einmal, daß ich ver¬</Unicode>
                </TextEquiv>
            </TextLine>
            <TextLine id="tr_1_tl_40" custom="readingOrder {index:39;}">
                <Coords points="2435,1617 2556,1605 2658,1624 2690,1600 2716,1617 2799,1585 2826,1605 2930,1590 2969,1609 2996,1602 2998,1537 2833,1517 2809,1537 2644,1534 2610,1556 2546,1534 2437,1556"/>
                <Baseline points="2448,1600 2466,1594 2556,1594 2645,1594 2735,1588 2824,1582 2914,1582 3004,1582"/>
                <TextEquiv>
                    <Unicode>„Dein Onkel Robert.</Unicode>
                </TextEquiv>
            </TextLine>
            <TextLine id="tr_1_tl_41" custom="readingOrder {index:40;}">
                <Coords points="3784,1622 5015,1614 5018,1512 3784,1544"/>
                <Baseline points="3798,1600 3858,1594 3947,1594 4037,1594 4127,1594 4216,1594 4306,1594 4395,1594 4485,1594 4574,1588 4664,1588 4754,1588 4843,1594 4933,1588 5022,1594"/>
                <TextEquiv>
                    <Unicode>Der Rudi Höchster, wenn du's bei dem ver¬</Unicode>
                </TextEquiv>
            </TextLine>
            <TextLine id="tr_1_tl_42" custom="readingOrder {index:41;}">
                <Coords points="922,1619 1981,1597 2282,1634 2282,1520 1993,1573 1876,1537 922,1537"/>
                <Baseline points="937,1606 943,1606 1033,1600 1122,1600 1212,1600 1302,1600 1391,1600 1481,1600 1570,1600 1660,1600 1749,1600 1839,1600 1929,1594 2018,1600 2108,1600 2197,1600 2287,1600"/>
                <TextEquiv>
                    <Unicode>heiratet bin und einen Buben hab' — von drei /</Unicode>
                </TextEquiv>
            </TextLine>
            <TextLine id="tr_1_tl_43" custom="readingOrder {index:42;}">
                <Coords points="541,1707 568,1707 638,1646 670,1658 682,1648 702,1665 738,1656 760,1673 779,1658 804,1665 796,1558 777,1558 740,1585 706,1571 643,1585 612,1558 590,1566 566,1546 532,1558"/>
                <Baseline points="549,1636 639,1642 728,1648 806,1654"/>
                <TextEquiv>
                    <Unicode>scher</Unicode>
                </TextEquiv>
            </TextLine>
            <TextLine id="tr_1_tl_44" custom="readingOrder {index:43;}">
                <Coords points="2423,1694 2588,1668 2614,1690 2762,1665 2811,1682 2952,1653 3064,1682 3066,1578 2772,1617 2687,1600 2656,1624 2498,1605 2423,1634"/>
                <Baseline points="2436,1672 2442,1672 2532,1660 2621,1654 2711,1654 2801,1654 2890,1648 2980,1654 3069,1648"/>
                <TextEquiv>
                    <Unicode>„Wie — kommst du auf</Unicode>
                </TextEquiv>
            </TextLine>
            <TextLine id="tr_1_tl_45" custom="readingOrder {index:44;}">
                <Coords points="3700,1685 4884,1690 5015,1673 5018,1617 3702,1607"/>
                <Baseline points="3714,1666 3804,1666 3894,1660 3983,1666 4073,1660 4162,1666 4252,1666 4342,1660 4431,1660 4521,1660 4610,1660 4700,1660 4789,1660 4879,1660 4969,1660 5022,1666"/>
                <TextEquiv>
                    <Unicode>suchen würdest. Er hat nämlich eine Erbschaft</Unicode>
                </TextEquiv>
            </TextLine>
            <TextLine id="tr_1_tl_46" custom="readingOrder {index:45;}">
                <Coords points="930,1687 2262,1682 2262,1619 2214,1607 930,1619"/>
                <Baseline points="943,1666 1033,1666 1122,1666 1212,1666 1302,1666 1391,1672 1481,1672 1570,1672 1660,1678 1749,1666 1839,1666 1929,1666 2018,1666 2108,1666 2197,1666 2269,1666"/>
                <TextEquiv>
                    <Unicode>Jahren. Er war nämlich schon auf der Welt, wie</Unicode>
                </TextEquiv>
            </TextLine>
            <TextLine id="tr_1_tl_47" custom="readingOrder {index:46;}">
                <Coords points="2428,1758 2966,1728 3588,1762 3615,1680 3054,1685 2954,1653 2428,1692"/>
                <Baseline points="2442,1738 2532,1732 2621,1732 2711,1726 2801,1726 2890,1720 2980,1726 3069,1720 3159,1726 3249,1732 3338,1732 3428,1732 3517,1732 3607,1743 3619,1738"/>
                <TextEquiv>
                    <Unicode>„Es liegt doch ziemlich nahe. Der hat dir doch</Unicode>
                </TextEquiv>
            </TextLine>
            <TextLine id="tr_1_tl_48" custom="readingOrder {index:47;}">
                <Coords points="3683,1755 4979,1733 5137,1767 5137,1687 5078,1658 4556,1709 4454,1670 3683,1685"/>
                <Baseline points="3696,1738 3708,1738 3798,1732 3888,1732 3977,1732 4067,1732 4156,1738 4246,1732 4336,1732 4425,1732 4515,1732 4604,1738 4694,1732 4783,1738 4873,1726 4963,1726 5052,1726 5142,1726"/>
                <TextEquiv>
                    <Unicode>gemacht vor ein paar Monaten. Zwanzig- oder</Unicode>
                </TextEquiv>
            </TextLine>
            <TextLine id="tr_1_tl_49" custom="readingOrder {index:48;}">
                <Coords points="930,1755 2270,1745 2270,1687 2216,1675 2042,1711 1935,1677 930,1687"/>
                <Baseline points="943,1738 1033,1738 1122,1738 1212,1738 1302,1743 1391,1738 1481,1743 1570,1738 1660,1738 1749,1738 1839,1738 1929,1738 2018,1738 2108,1738 2197,1738 2275,1738"/>
                <TextEquiv>
                    <Unicode>sich noch bei euch war. Es hat's keiner gewußt.</Unicode>
                </TextEquiv>
            </TextLine>
            <TextLine id="tr_1_tl_50" custom="readingOrder {index:49;}">
                <Coords points="2333,1813 2733,1828 2845,1806 2869,1830 2974,1801 2976,1745 2799,1736 2648,1765 2600,1738 2418,1760 2335,1721"/>
                <Baseline points="2347,1803 2353,1803 2442,1803 2532,1803 2621,1797 2711,1797 2801,1791 2890,1791 2980,1791"/>
                <TextEquiv>
                    <Unicode>manchmal ausgeholfen.</Unicode>
                </TextEquiv>
            </TextLine>
            <TextLine id="tr_1_tl_51" custom="readingOrder {index:50;}">
                <Coords points="3039,1808 3131,1794 3202,1825 3301,1813 3343,1833 3418,1811 3486,1838 3544,1818 3576,1842 3624,1828 3622,1758 3544,1745 3493,1738 3464,1765 3425,1745 3386,1765 3202,1741 3129,1758 3034,1733"/>
                <Baseline points="3051,1791 3141,1791 3231,1797 3320,1803 3410,1803 3499,1809 3589,1815 3631,1809"/>
                <TextEquiv>
                    <Unicode>Und eine regelmäßige</Unicode>
                </TextEquiv>
            </TextLine>
            <TextLine id="tr_1_tl_52" custom="readingOrder {index:51;}">
                <Coords points="3683,1828 5141,1835 5141,1767 5013,1736 3683,1753"/>
                <Baseline points="3696,1803 3714,1803 3804,1803 3894,1803 3983,1797 4073,1803 4162,1803 4252,1803 4342,1803 4431,1803 4521,1803 4610,1803 4700,1797 4789,1797 4879,1797 4969,1803 5058,1791 5148,1797"/>
                <TextEquiv>
                    <Unicode>fünfundzwanzigtausend Gulden, davon muß doch</Unicode>
                </TextEquiv>
            </TextLine>
            <TextLine id="tr_1_tl_53" custom="readingOrder {index:52;}">
                <Coords points="922,1811 2109,1835 2270,1813 2270,1745 922,1758"/>
                <Baseline points="937,1809 1027,1809 1116,1809 1206,1809 1296,1809 1385,1809 1475,1815 1564,1809 1654,1809 1743,1809 1833,1809 1923,1809 2012,1809 2102,1809 2191,1809 2275,1809"/>
                <TextEquiv>
                    <Unicode>Na also, besonders gut ist es mir die ganze Zeit</Unicode>
                </TextEquiv>
            </TextLine>
            <TextLine id="tr_1_tl_54" custom="readingOrder {index:53;}">
                <Coords points="2333,1918 2362,1927 2418,1886 2981,1876 2981,1801 2884,1821 2775,1808 2733,1828 2335,1811"/>
                <Baseline points="2347,1875 2359,1881 2448,1869 2538,1869 2627,1869 2717,1863 2807,1869 2896,1863 2986,1857"/>
                <TextEquiv>
                    <Unicode>Zulage hast du doch auch</Unicode>
                </TextEquiv>
            </TextLine>
            <TextLine id="tr_1_tl_55" custom="readingOrder {index:54;}">
                <Coords points="3032,1874 3076,1886 3134,1874 3182,1893 3199,1876 3238,1884 3267,1867 3284,1869 3284,1818 3241,1813 3231,1821 3224,1813 3204,1825 3187,1808 3153,1804 3112,1818 3034,1811"/>
                <Baseline points="3045,1869 3111,1863 3201,1857 3290,1863"/>
                <TextEquiv>
                    <Unicode>von ihm.“</Unicode>
                </TextEquiv>
            </TextLine>
            <TextLine id="tr_1_tl_56" custom="readingOrder {index:55;}">
                <Coords points="3690,1896 3860,1879 3906,1901 3969,1876 4081,1901 4209,1876 4236,1891 4299,1876 4302,1813 3692,1828"/>
                <Baseline points="3702,1875 3768,1875 3858,1869 3947,1869 4037,1869 4127,1875 4216,1869 4306,1863"/>
                <TextEquiv>
                    <Unicode>noch was übrig sein.“</Unicode>
                </TextEquiv>
            </TextLine>
            <TextLine id="tr_1_tl_57" custom="readingOrder {index:56;}">
                <Coords points="935,1881 1357,1908 1745,1876 1927,1918 2258,1886 2243,1813 935,1821"/>
                <Baseline points="949,1875 1039,1875 1128,1881 1218,1881 1307,1881 1397,1881 1487,1881 1576,1881 1666,1881 1755,1875 1845,1881 1935,1881 2024,1875 2114,1875 2203,1875 2263,1875"/>
                <TextEquiv>
                    <Unicode>über nicht gegangen. Kannst dir ja denken. Und</Unicode>
                </TextEquiv>
            </TextLine>
            <TextLine id="tr_1_tl_58" custom="readingOrder {index:57;}">
                <Coords points="2428,1959 2709,1942 2753,1966 2826,1964 2913,1935 2971,1949 2996,1937 2996,1876 2428,1893"/>
                <Baseline points="2442,1941 2460,1941 2550,1935 2639,1935 2729,1935 2819,1929 2908,1935 2998,1929"/>
                <TextEquiv>
                    <Unicode>„Mit der Zulage ist</Unicode>
                </TextEquiv>
            </TextLine>
            <TextLine id="tr_1_tl_59" custom="readingOrder {index:58;}">
                <Coords points="3107,1964 3185,1954 3224,1969 3260,1947 3343,1961 3362,1947 3539,1966 3610,1949 3607,1898 3556,1876 3459,1891 3394,1879 3372,1893 3316,1859 3248,1886 3219,1874 3158,1886 3102,1862"/>
                <Baseline points="3117,1929 3207,1929 3296,1935 3386,1941 3476,1941 3565,1941 3613,1935"/>
                <TextEquiv>
                    <Unicode>längst vorbei,“ er¬</Unicode>
                </TextEquiv>
            </TextLine>
            <TextLine id="tr_1_tl_60" custom="readingOrder {index:59;}">
                <Coords points="3767,1966 5059,1957 5059,1864 3767,1893"/>
                <Baseline points="3780,1941 3810,1935 3900,1941 3989,1941 4079,1941 4168,1941 4258,1941 4347,1935 4437,1935 4527,1941 4616,1935 4706,1935 4795,1935 4885,1935 4975,1935 5064,1935"/>
                <TextEquiv>
                    <Unicode>Bogner runzelte die Stirn und etwas zögernd</Unicode>
                </TextEquiv>
            </TextLine>
            <TextLine id="tr_1_tl_61" custom="readingOrder {index:60;}">
                <Coords points="913,1957 2262,1957 2241,1884 1954,1918 1745,1876 913,1886"/>
                <Baseline points="925,1953 1015,1947 1104,1947 1194,1947 1284,1947 1373,1947 1463,1947 1552,1947 1642,1947 1732,1947 1821,1947 1911,1941 2000,1941 2090,1947 2179,1947 2269,1947"/>
                <TextEquiv>
                    <Unicode>besonders im vergangenen Winter — der Bub'</Unicode>
                </TextEquiv>
            </TextLine>
            <TextLine id="tr_1_tl_62" custom="readingOrder {index:61;}">
                <Coords points="2345,2017 2534,2037 2559,2012 2634,2037 3022,2015 3022,1952 2920,1932 2823,1964 2644,1942 2466,1964 2406,1927 2347,1925"/>
                <Baseline points="2359,2006 2400,2006 2490,2006 2580,2006 2669,2006 2759,2006 2848,2000 2938,2000 3028,1994"/>
                <TextEquiv>
                    <Unicode>widerte Willi ärgerlich über</Unicode>
                </TextEquiv>
            </TextLine>
            <TextLine id="tr_1_tl_63" custom="readingOrder {index:62;}">
                <Coords points="3093,2025 3161,2005 3195,2037 3289,2015 3326,2034 3411,2017 3503,2039 3542,2020 3610,2037 3607,1949 3539,1974 3496,1949 3360,1944 3301,1959 3260,1947 3224,1969 3093,1935"/>
                <Baseline points="3105,2000 3195,2000 3284,2006 3374,2012 3464,2012 3553,2006 3613,2006"/>
                <TextEquiv>
                    <Unicode>ben in diesem Augen=</Unicode>
                </TextEquiv>
            </TextLine>
            <TextLine id="tr_1_tl_64" custom="readingOrder {index:63;}">
                <Coords points="3700,2020 5027,2027 5064,1949 3700,1954"/>
                <Baseline points="3714,2012 3726,2006 3816,2006 3906,2006 3995,2006 4085,2012 4174,2006 4264,2012 4353,2006 4443,2006 4533,2006 4622,2000 4712,2000 4801,2000 4891,2000 4981,2000 5070,2000"/>
                <TextEquiv>
                    <Unicode>erwiderte er: „An Höchster habe ich — vor dre###</Unicode>
                </TextEquiv>
            </TextLine>
            <TextLine id="tr_1_tl_65" custom="readingOrder {index:64;}">
                <Coords points="913,2034 2262,2029 2228,1959 1986,1944 1335,1988 1219,1949 913,1957"/>
                <Baseline points="925,2018 1015,2012 1104,2012 1194,2012 1284,2012 1373,2012 1463,2018 1552,2018 1642,2012 1732,2012 1821,2012 1911,2012 2000,2012 2090,2012 2179,2012 2269,2012"/>
                <TextEquiv>
                    <Unicode>war krank —, also, die Details sind ja weiter</Unicode>
                </TextEquiv>
            </TextLine>
            <TextLine id="tr_1_tl_66" custom="readingOrder {index:65;}">
                <Coords points="2330,2097 2486,2083 2648,2107 2685,2083 2731,2105 2928,2078 2991,2100 2993,2020 2971,2012 2622,2039 2559,2012 2534,2037 2333,2010"/>
                <Baseline points="2347,2072 2371,2072 2460,2078 2550,2078 2639,2072 2729,2072 2819,2072 2908,2072 2998,2066"/>
                <TextEquiv>
                    <Unicode>blick kaum angemessenen</Unicode>
                </TextEquiv>
            </TextLine>
            <TextLine id="tr_1_tl_67" custom="readingOrder {index:66;}">
                <Coords points="3105,2090 3156,2071 3175,2088 3265,2078 3423,2105 3445,2090 3624,2093 3624,2029 3598,2042 3554,2017 3508,2039 3394,2015 3326,2034 3292,2015 3216,2037 3158,2010 3105,2010"/>
                <Baseline points="3117,2072 3207,2072 3296,2078 3386,2084 3476,2078 3565,2078 3631,2078"/>
                <TextEquiv>
                    <Unicode>den des einstigen Ka¬</Unicode>
                </TextEquiv>
            </TextLine>
            <TextLine id="tr_1_tl_68" custom="readingOrder {index:67;}">
                <Coords points="3683,2102 5039,2083 5039,2027 4986,2012 3683,2027"/>
                <Baseline points="3696,2072 3786,2078 3876,2078 3965,2078 4055,2078 4144,2072 4234,2078 4324,2072 4413,2078 4503,2072 4592,2078 4682,2072 4772,2072 4861,2072 4951,2072 5040,2072 5046,2072"/>
                <TextEquiv>
                    <Unicode>Wochen einmal, wie es noch weniger dringend</Unicode>
                </TextEquiv>
            </TextLine>
            <TextLine id="tr_1_tl_69" custom="readingOrder {index:68;}">
                <Coords points="922,2095 2262,2097 2228,2027 2073,2017 922,2037"/>
                <Baseline points="937,2078 1027,2084 1116,2084 1206,2084 1296,2084 1385,2084 1475,2078 1564,2084 1654,2084 1743,2084 1833,2084 1923,2084 2012,2084 2102,2084 2191,2084 2269,2084"/>
                <TextEquiv>
                    <Unicode>nicht interessant — da hab' ich mir etliche Male</Unicode>
                </TextEquiv>
            </TextLine>
            <TextLine id="tr_1_tl_70" custom="readingOrder {index:69;}">
                <Coords points="3695,2158 5112,2175 5154,2170 5156,2056 4894,2105 3697,2100"/>
                <Baseline points="3708,2144 3726,2144 3816,2144 3906,2150 3995,2144 4085,2144 4174,2144 4264,2138 4353,2144 4443,2144 4533,2144 4622,2144 4712,2144 4801,2144 4891,2138 4981,2138 5070,2138 5160,2126"/>
                <TextEquiv>
                    <Unicode>war geschrieben — um viel weniger als tau¬</Unicode>
                </TextEquiv>
            </TextLine>
            <TextLine id="tr_1_tl_71" custom="readingOrder {index:70;}">
                <Coords points="2333,2163 2991,2158 3010,2153 3013,2085 2976,2100 2821,2078 2731,2105 2685,2083 2651,2107 2488,2083 2461,2105 2335,2097"/>
                <Baseline points="2347,2144 2389,2144 2478,2144 2568,2144 2657,2144 2747,2144 2836,2138 2926,2138 3016,2138"/>
                <TextEquiv>
                    <Unicode>meraden. „Und nicht nur</Unicode>
                </TextEquiv>
            </TextLine>
            <TextLine id="tr_1_tl_72" custom="readingOrder {index:71;}">
                <Coords points="3105,2160 3221,2148 3287,2175 3350,2158 3459,2177 3544,2156 3632,2177 3629,2102 3566,2088 3505,2114 3445,2088 3401,2109 3297,2080 3250,2080 3216,2105 3156,2073 3102,2088"/>
                <Baseline points="3117,2138 3207,2144 3296,2150 3386,2150 3476,2150 3565,2150 3637,2150"/>
                <TextEquiv>
                    <Unicode>mit der Zulage. Der</Unicode>
                </TextEquiv>
            </TextLine>
            <TextLine id="tr_1_tl_73" custom="readingOrder {index:72;}">
                <Coords points="922,2158 2275,2177 2275,2100 2119,2085 1988,2124 1864,2090 922,2107"/>
                <Baseline points="937,2150 1027,2150 1116,2150 1206,2150 1296,2156 1385,2156 1475,2150 1564,2156 1654,2156 1743,2156 1833,2156 1923,2156 2012,2156 2102,2156 2191,2150 2281,2150"/>
                <TextEquiv>
                    <Unicode>aus der Kasse was ausleihen müssen. Ich hab’s</Unicode>
                </TextEquiv>
            </TextLine>
            <TextLine id="tr_1_tl_74" custom="readingOrder {index:73;}">
                <Coords points="2340,2228 2998,2221 3034,2216 3034,2151 2765,2153 2741,2175 2614,2153 2340,2163"/>
                <Baseline points="2353,2209 2412,2209 2502,2209 2592,2215 2681,2215 2771,2209 2860,2209 2950,2209 3040,2203"/>
                <TextEquiv>
                    <Unicode>Onkel Robert, der ist ein</Unicode>
                </TextEquiv>
            </TextLine>
            <TextLine id="tr_1_tl_75" custom="readingOrder {index:74;}">
                <Coords points="3707,2233 4967,2238 5035,2175 3709,2163"/>
                <Baseline points="3720,2215 3786,2215 3876,2209 3965,2209 4055,2215 4144,2215 4234,2209 4324,2215 4413,2209 4503,2209 4592,2209 4682,2215 4772,2209 4861,2209 4951,2209 5040,2203"/>
                <TextEquiv>
                    <Unicode>send — nicht einmal geantwortet hat er mir,</Unicode>
                </TextEquiv>
            </TextLine>
            <TextLine id="tr_1_tl_76" custom="readingOrder {index:75;}">
                <Coords points="3114,2236 3338,2231 3377,2255 3437,2226 3534,2238 3576,2224 3649,2248 3649,2168 3600,2175 3493,2148 3457,2177 3352,2160 3297,2173 3224,2148 3182,2165 3114,2151"/>
                <Baseline points="3129,2209 3219,2209 3308,2215 3398,2215 3487,2215 3577,2215 3655,2215"/>
                <TextEquiv>
                    <Unicode>hinderling geworden.</Unicode>
                </TextEquiv>
            </TextLine>
            <TextLine id="tr_1_tl_77" custom="readingOrder {index:76;}">
                <Coords points="922,2233 2270,2236 2236,2163 922,2156"/>
                <Baseline points="937,2221 1021,2215 1110,2215 1200,2221 1290,2221 1379,2221 1469,2227 1558,2221 1648,2227 1738,2221 1827,2221 1917,2221 2006,2221 2096,2221 2185,2221 2275,2215"/>
                <TextEquiv>
                    <Unicode>immer rechtzeitig zurückgezahlt. Diesmal ist's</Unicode>
                </TextEquiv>
            </TextLine>
            <TextLine id="tr_1_tl_78" custom="readingOrder {index:77;}">
                <Coords points="922,2321 1041,2289 2228,2309 2262,2231 922,2241"/>
                <Baseline points="937,2287 1015,2287 1104,2287 1194,2287 1284,2287 1373,2293 1463,2287 1552,2287 1642,2287 1732,2293 1821,2287 1911,2293 2000,2293 2090,2287 2179,2287 2269,2269"/>
                <TextEquiv>
                    <Unicode>ein bissel mehr geworden als sonst, leider, und,“</Unicode>
                </TextEquiv>
            </TextLine>
            <TextLine id="tr_1_tl_79" custom="readingOrder {index:78;}">
                <Coords points="2333,2284 2478,2311 2537,2289 2578,2304 2673,2289 2714,2311 2860,2284 2891,2306 2986,2294 2986,2233 2923,2209 2894,2231 2775,2221 2721,2245 2673,2219 2459,2236 2333,2221"/>
                <Baseline points="2347,2281 2365,2281 2454,2281 2544,2281 2633,2281 2723,2281 2813,2281 2902,2281 2992,2275"/>
                <TextEquiv>
                    <Unicode>Die Wahrheit ist, daß ich</Unicode>
                </TextEquiv>
            </TextLine>
            <TextLine id="tr_1_tl_80" custom="readingOrder {index:79;}">
                <Coords points="3110,2292 3168,2284 3197,2304 3299,2311 3318,2294 3505,2294 3551,2318 3636,2299 3634,2226 3534,2238 3483,2221 3379,2253 3335,2231 3110,2238"/>
                <Baseline points="3123,2275 3213,2281 3302,2281 3392,2287 3481,2287 3571,2287 3643,2287"/>
                <TextEquiv>
                    <Unicode>mehr als ein Jahr</Unicode>
                </TextEquiv>
            </TextLine>
            <TextLine id="tr_1_tl_81" custom="readingOrder {index:80;}">
                <Coords points="3700,2296 5001,2294 5027,2216 3700,2233"/>
                <Baseline points="3714,2287 3780,2287 3870,2281 3959,2281 4049,2287 4138,2287 4228,2287 4318,2281 4407,2287 4497,2281 4586,2281 4676,2275 4766,2281 4855,2275 4945,2275 5034,2281"/>
                <TextEquiv>
                    <Unicode>Also du siehst, es gibt nur einen einzigen Aus¬</Unicode>
                </TextEquiv>
            </TextLine>
            <TextLine id="tr_1_tl_82" custom="readingOrder {index:81;}">
                <Coords points="3097,2355 5049,2350 4889,2282 3097,2299"/>
                <Baseline points="3111,2347 3201,2347 3290,2347 3380,2353 3470,2353 3559,2359 3649,2353 3708,2353 3798,2353 3888,2353 3977,2353 4067,2353 4156,2353 4246,2347 4336,2347 4425,2353 4515,2347 4604,2347 4694,2347 4783,2353 4873,2347 4963,2347 5052,2341"/>
                <TextEquiv>
                    <Unicode>habe. Und wie ich weg: dein Onkel.“ Und auf Willis Achselzucken:</Unicode>
                </TextEquiv>
            </TextLine>
            <TextLine id="tr_1_tl_83" custom="readingOrder {index:82;}">
                <Coords points="2345,2364 2435,2384 2495,2362 2537,2384 2796,2350 2957,2379 3034,2367 3034,2299 3005,2289 2889,2304 2857,2284 2777,2311 2673,2292 2425,2311 2345,2289"/>
                <Baseline points="2359,2353 2412,2353 2502,2353 2592,2347 2681,2353 2771,2347 2860,2353 2950,2353 3040,2347"/>
                <TextEquiv>
                    <Unicode>lang mit keinem Aug' gesetzt.</Unicode>
                </TextEquiv>
            </TextLine>
            <TextLine id="tr_1_tl_84" custom="readingOrder {index:83;}">
                <Coords points="922,2384 2141,2389 2282,2367 2282,2296 922,2323"/>
                <Baseline points="937,2359 1027,2359 1116,2359 1206,2359 1296,2359 1385,2359 1475,2359 1564,2359 1654,2359 1743,2359 1833,2359 1923,2359 2012,2359 2102,2365 2191,2359 2281,2359 2287,2359"/>
                <TextEquiv>
                    <Unicode>er hielt inne, indes Wilhelm mit dem Löffel in</Unicode>
                </TextEquiv>
            </TextLine>
            <TextLine id="tr_1_tl_85" custom="readingOrder {index:84;}">
                <Coords points="2345,2435 2461,2420 2483,2442 2653,2449 2748,2425 2847,2449 2906,2423 3027,2425 3027,2367 2879,2377 2799,2350 2748,2379 2345,2367"/>
                <Baseline points="2359,2418 2406,2418 2496,2418 2586,2418 2675,2418 2765,2418 2854,2418 2944,2418 3034,2412"/>
                <TextEquiv>
                    <Unicode>ihn das letztemal um einz.</Unicode>
                </TextEquiv>
            </TextLine>
            <TextLine id="tr_1_tl_86" custom="readingOrder {index:85;}">
                <Coords points="3107,2457 3185,2428 3277,2447 3335,2435 3355,2452 3389,2430 3503,2454 3564,2432 3632,2440 3632,2369 3517,2367 3476,2384 3440,2362 3270,2362 3246,2381 3207,2357 3105,2357"/>
                <Baseline points="3117,2412 3207,2418 3296,2418 3386,2424 3476,2424 3565,2424 3637,2424"/>
                <TextEquiv>
                    <Unicode>Kleinigkeit ersucht</Unicode>
                </TextEquiv>
            </TextLine>
            <TextLine id="tr_1_tl_87" custom="readingOrder {index:86;}">
                <Coords points="3712,2437 5112,2442 5112,2367 4989,2350 3712,2364"/>
                <Baseline points="3726,2430 3774,2424 3864,2424 3953,2418 4043,2418 4132,2424 4222,2418 4312,2418 4401,2412 4491,2418 4580,2418 4670,2418 4760,2418 4849,2412 4939,2412 5028,2418 5118,2424"/>
                <TextEquiv>
                    <Unicode>„Ich kenn' ihn ja, Willi — ein so liebenswürdiger</Unicode>
                </TextEquiv>
            </TextLine>
            <TextLine id="tr_1_tl_88" custom="readingOrder {index:87;}">
                <Coords points="930,2437 2170,2452 2262,2437 2262,2369 930,2372"/>
                <Baseline points="943,2424 1033,2424 1122,2424 1212,2430 1302,2424 1391,2424 1481,2430 1570,2430 1660,2430 1749,2430 1839,2430 1929,2430 2018,2430 2108,2430 2197,2430 2269,2424"/>
                <TextEquiv>
                    <Unicode>seiner Tasse rührte, „und das Malheur ist außer¬</Unicode>
                </TextEquiv>
            </TextLine>
            <TextLine id="tr_1_tl_89" custom="readingOrder {index:88;}">
                <Coords points="2345,2508 2563,2486 2648,2520 2872,2493 2954,2510 2998,2491 3000,2418 2889,2447 2760,2430 2716,2452 2614,2442 2544,2461 2469,2432 2347,2435"/>
                <Baseline points="2359,2490 2377,2490 2466,2490 2556,2484 2645,2490 2735,2490 2824,2484 2914,2484 3004,2478"/>
                <TextEquiv>
                    <Unicode>habe — ausnahmsweise</Unicode>
                </TextEquiv>
            </TextLine>
            <TextLine id="tr_1_tl_90" custom="readingOrder {index:89;}">
                <Coords points="3707,2512 4789,2517 5052,2491 5052,2420 3707,2440"/>
                <Baseline points="3720,2490 3804,2490 3894,2490 3983,2490 4073,2490 4162,2490 4252,2490 4342,2490 4431,2490 4521,2484 4610,2484 4700,2484 4789,2484 4879,2484 4969,2484 5058,2478"/>
                <TextEquiv>
                    <Unicode>scharmanter alter Herr. Wir waren ja auch ein</Unicode>
                </TextEquiv>
            </TextLine>
            <TextLine id="tr_1_tl_91" custom="readingOrder {index:90;}">
                <Coords points="930,2510 2262,2505 2262,2461 2097,2432 930,2435"/>
                <Baseline points="943,2496 1015,2490 1104,2496 1194,2496 1284,2496 1373,2496 1463,2496 1552,2502 1642,2502 1732,2496 1821,2496 1911,2496 2000,2496 2090,2496 2179,2502 2269,2490"/>
                <TextEquiv>
                    <Unicode>dem, daß am Montag, morgen also, wie ich zu¬</Unicode>
                </TextEquiv>
            </TextLine>
            <TextLine id="tr_1_tl_92" custom="readingOrder {index:91;}">
                <Coords points="3105,2527 3212,2515 3304,2546 3333,2527 3377,2539 3462,2503 3556,2503 3600,2527 3624,2517 3622,2435 3498,2461 3360,2428 3287,2452 3246,2428 3163,2464 3102,2457"/>
                <Baseline points="3117,2502 3207,2490 3296,2496 3386,2496 3476,2496 3565,2496 3631,2502"/>
                <TextEquiv>
                    <Unicode>nur, daß er mich</Unicode>
                </TextEquiv>
            </TextLine>
            <TextLine id="tr_1_tl_93" custom="readingOrder {index:92;}">
                <Coords points="3697,2578 5052,2561 5052,2491 3700,2508"/>
                <Baseline points="3714,2562 3804,2556 3894,2556 3983,2556 4073,2556 4162,2556 4252,2556 4342,2562 4431,2556 4521,2556 4610,2556 4700,2550 4789,2550 4879,2550 4969,2556 5058,2550"/>
                <TextEquiv>
                    <Unicode>paarmal im Theater zusammen und im Riedhof</Unicode>
                </TextEquiv>
            </TextLine>
            <TextLine id="tr_1_tl_94" custom="readingOrder {index:93;}">
                <Coords points="2352,2571 2437,2590 2491,2566 2546,2588 2619,2566 2699,2612 2804,2568 2884,2585 3034,2566 3034,2510 2991,2498 2959,2517 2874,2493 2648,2520 2483,2486 2352,2508"/>
                <Baseline points="2365,2562 2412,2562 2502,2556 2592,2556 2681,2562 2771,2556 2860,2562 2950,2556 3040,2556"/>
                <TextEquiv>
                    <Unicode>nicht hinausgeschmissen ha</Unicode>
                </TextEquiv>
            </TextLine>
            <TextLine id="tr_1_tl_95" custom="readingOrder {index:94;}">
                <Coords points="942,2580 2262,2576 2262,2505 942,2503"/>
                <Baseline points="955,2568 1015,2562 1104,2562 1194,2562 1284,2562 1373,2568 1463,2574 1552,2568 1642,2568 1732,2568 1821,2568 1911,2568 2000,2568 2090,2562 2179,2562 2269,2562"/>
                <TextEquiv>
                    <Unicode>fällig in Erfahrung gebracht habe, von der Fabrik</Unicode>
                </TextEquiv>
            </TextLine>
            <TextLine id="tr_1_tl_96" custom="readingOrder {index:95;}">
                <Coords points="2444,2644 2590,2636 2622,2653 2758,2622 2867,2651 2969,2624 3027,2636 3027,2571 2983,2583 2959,2561 2884,2588 2777,2573 2699,2610 2619,2566 2580,2593 2491,2566 2447,2578"/>
                <Baseline points="2460,2633 2496,2627 2586,2627 2675,2627 2765,2621 2854,2627 2944,2621 3034,2615"/>
                <TextEquiv>
                    <Unicode>„Hm, so. Bogner ri###</Unicode>
                </TextEquiv>
            </TextLine>
            <TextLine id="tr_1_tl_97" custom="readingOrder {index:96;}">
                <Coords points="3719,2629 4707,2658 5039,2636 5039,2563 3719,2585"/>
                <Baseline points="3732,2615 3822,2627 3911,2627 4001,2627 4091,2627 4180,2627 4270,2627 4359,2621 4449,2621 4539,2621 4628,2621 4718,2621 4807,2621 4897,2621 4987,2621 5046,2621"/>
                <TextEquiv>
                    <Unicode>— er wird sich gewiß erinnern! Ja, um Gottes</Unicode>
                </TextEquiv>
            </TextLine>
            <TextLine id="tr_1_tl_98" custom="readingOrder {index:97;}">
                <Coords points="3151,2648 3280,2634 3423,2656 3496,2631 3544,2668 3593,2634 3646,2658 3644,2576 3549,2568 3500,2600 3384,2559 3331,2578 3148,2573"/>
                <Baseline points="3165,2629 3260,2627 3350,2627 3440,2633 3529,2633 3619,2633 3649,2633"/>
                <TextEquiv>
                    <Unicode>die Stirn. „Du</Unicode>
                </TextEquiv>
            </TextLine>
            <TextLine id="tr_1_tl_99" custom="readingOrder {index:98;}">
                <Coords points="942,2658 2214,2656 2262,2644 2262,2576 942,2580"/>
                <Baseline points="955,2633 1045,2633 1134,2633 1224,2633 1313,2633 1403,2633 1493,2633 1582,2633 1672,2633 1761,2633 1851,2633 1941,2633 2030,2633 2120,2633 2209,2633 2269,2633"/>
                <TextEquiv>
                    <Unicode>aus eine Revision stattfinden soll. Wir sind</Unicode>
                </TextEquiv>
            </TextLine>
            <TextLine id="tr_1_tl_100" custom="readingOrder {index:99;}">
                <Coords points="3151,2716 3333,2726 3352,2707 3379,2719 3447,2704 3530,2712 3527,2627 3474,2631 3423,2658 3396,2641 3335,2636 3229,2639 3195,2661 3151,2646"/>
                <Baseline points="3165,2681 3255,2693 3344,2693 3434,2699 3523,2687 3535,2693"/>
                <TextEquiv>
                    <Unicode>ausgeschlossen?“</Unicode>
                </TextEquiv>
            </TextLine>
            <TextLine id="tr_1_tl_101" custom="readingOrder {index:100;}">
                <Coords points="4071,2702 4964,2724 5039,2695 5039,2627 4071,2648"/>
                <Baseline points="4085,2701 4180,2699 4270,2699 4359,2699 4449,2699 4539,2699 4628,2693 4718,2693 4807,2693 4897,2693 4987,2693 5046,2687"/>
                <TextEquiv>
                    <Unicode>n doch nicht plötzlich ein anderer ge¬</Unicode>
                </TextEquiv>
            </TextLine>
            <TextLine id="tr_1_tl_102" custom="readingOrder {index:101;}">
                <Coords points="3695,2712 3789,2719 3831,2704 3845,2719 3884,2721 3916,2704 3933,2714 4003,2702 4081,2709 4078,2646 4049,2656 4013,2639 3969,2651 3874,2634 3831,2646 3765,2624 3729,2644 3692,2644"/>
                <Baseline points="3708,2693 3720,2693 3810,2693 3900,2693 3989,2693 4085,2701"/>
                <TextEquiv>
                    <Unicode>willen, er kann</Unicode>
                </TextEquiv>
            </TextLine>
            <TextLine id="tr_1_tl_103" custom="readingOrder {index:102;}">
                <Coords points="2340,2741 2505,2702 2813,2724 3042,2704 3042,2639 2971,2624 2881,2651 2743,2619 2583,2665 2481,2634 2340,2631"/>
                <Baseline points="2353,2699 2418,2699 2508,2693 2598,2693 2687,2693 2777,2699 2866,2693 2956,2693 3045,2693"/>
                <TextEquiv>
                    <Unicode>hältst es wirklich für absol</Unicode>
                </TextEquiv>
            </TextLine>
            <TextLine id="tr_1_tl_104" custom="readingOrder {index:103;}">
                <Coords points="942,2714 2275,2721 2275,2639 942,2636"/>
                <Baseline points="955,2705 1045,2699 1134,2699 1224,2699 1313,2705 1403,2705 1493,2705 1582,2705 1672,2705 1761,2699 1851,2705 1941,2705 2030,2705 2120,2705 2209,2705 2281,2705"/>
                <TextEquiv>
                    <Unicode>nämlich eine Filiale, verstehst du, und es sind ganz</Unicode>
                </TextEquiv>
            </TextLine>
            <TextLine id="tr_1_tl_105" custom="readingOrder {index:104;}">
                <Coords points="3697,2792 3755,2770 3809,2779 3831,2770 3872,2789 3913,2775 3945,2782 3962,2770 4025,2782 4030,2707 4005,2699 3930,2714 3913,2704 3879,2721 3867,2709 3845,2719 3833,2704 3806,2714 3784,2704 3743,2724 3702,2712"/>
                <Baseline points="3714,2759 3762,2765 3852,2759 3941,2765 4031,2759 4085,2701"/>
                <TextEquiv>
                    <Unicode>worden sein.</Unicode>
                </TextEquiv>
            </TextLine>
            <TextLine id="tr_1_tl_106" custom="readingOrder {index:105;}">
                <Coords points="2428,2775 2544,2792 2578,2770 2614,2794 2906,2770 2962,2792 2983,2770 3051,2777 3051,2709 2428,2719"/>
                <Baseline points="2442,2771 2520,2765 2609,2765 2699,2765 2789,2765 2878,2765 2968,2765 3057,2759"/>
                <TextEquiv>
                    <Unicode>„Ich hoffe, du zweifelst</Unicode>
                </TextEquiv>
            </TextLine>
            <TextLine id="tr_1_tl_107" custom="readingOrder {index:106;}">
                <Coords points="935,2796 2255,2794 2275,2724 937,2724"/>
                <Baseline points="949,2777 1027,2771 1116,2777 1206,2777 1296,2771 1385,2771 1475,2771 1564,2771 1654,2771 1743,2771 1833,2771 1923,2771 2012,2771 2102,2771 2191,2771 2281,2765"/>
                <TextEquiv>
                    <Unicode>geringfügige Beträge, die bei uns ein= und aus¬</Unicode>
                </TextEquiv>
            </TextLine>
            <TextLine id="tr_1_tl_108" custom="readingOrder {index:107;}">
                <Coords points="3139,2796 3280,2821 3367,2779 3457,2787 3510,2767 3542,2789 3585,2775 3646,2787 3646,2726 3588,2699 3350,2709 3333,2726 3139,2707"/>
                <Baseline points="3153,2765 3243,2765 3332,2771 3422,2771 3511,2765 3601,2765 3649,2765"/>
                <TextEquiv>
                    <Unicode>“erwiderte Wil¬</Unicode>
                </TextEquiv>
            </TextLine>
            <TextLine id="tr_1_tl_109" custom="readingOrder {index:108;}">
                <Coords points="3797,2845 5010,2847 5064,2843 5064,2770 4874,2733 4741,2775 4535,2750 4418,2784 4294,2738 4168,2789 3797,2777"/>
                <Baseline points="3810,2836 3816,2830 3906,2830 3995,2830 4085,2836 4174,2830 4264,2830 4353,2830 4443,2830 4533,2830 4622,2824 4712,2830 4801,2830 4891,2830 4981,2824 5070,2824"/>
                <TextEquiv>
                    <Unicode>Ungeduldig unterbrach ihn Willi. „Es scheint</Unicode>
                </TextEquiv>
            </TextLine>
            <TextLine id="tr_1_tl_110" custom="readingOrder {index:109;}">
                <Coords points="2340,2867 2486,2838 2668,2862 2823,2835 2855,2855 2974,2852 3034,2840 3037,2792 2906,2770 2801,2792 2743,2770 2612,2796 2583,2775 2471,2789 2411,2758 2343,2777"/>
                <Baseline points="2353,2836 2442,2836 2532,2836 2621,2830 2711,2836 2801,2830 2890,2830 2980,2830 3040,2836"/>
                <TextEquiv>
                    <Unicode>helm mit einiger Schärfe.</Unicode>
                </TextEquiv>
            </TextLine>
            <TextLine id="tr_1_tl_111" custom="readingOrder {index:110;}">
                <Coords points="947,2855 2282,2867 2282,2792 2214,2779 947,2799"/>
                <Baseline points="961,2848 1033,2848 1122,2836 1212,2836 1302,2836 1391,2842 1481,2836 1570,2842 1660,2836 1749,2842 1839,2842 1929,2842 2018,2842 2108,2842 2197,2836 2287,2836"/>
                <TextEquiv>
                    <Unicode>gezahlt werden; es ist ja auch wirklich nur eine</Unicode>
                </TextEquiv>
            </TextLine>
            <TextLine id="tr_1_tl_112" custom="readingOrder {index:111;}">
                <Coords points="3707,2913 4911,2925 5035,2908 5037,2843 3709,2845"/>
                <Baseline points="3720,2902 3786,2902 3876,2902 3965,2902 4055,2902 4144,2902 4234,2896 4324,2896 4413,2896 4503,2896 4592,2896 4682,2896 4772,2896 4861,2896 4951,2896 5040,2890"/>
                <TextEquiv>
                    <Unicode>doch. Ich weiß ja auch nicht, was mit ihm eigent¬</Unicode>
                </TextEquiv>
            </TextLine>
            <TextLine id="tr_1_tl_113" custom="readingOrder {index:112;}">
                <Coords points="935,2930 2262,2930 2262,2855 935,2852"/>
                <Baseline points="949,2902 1039,2908 1128,2902 1218,2908 1307,2902 1397,2908 1487,2908 1576,2908 1666,2914 1755,2908 1845,2908 1935,2908 2024,2908 2114,2908 2203,2908 2269,2908"/>
                <TextEquiv>
                    <Unicode>Bagatelle — die ich schuldig bin —, neunhundert=</Unicode>
                </TextEquiv>
            </TextLine>
            <TextLine id="tr_1_tl_114" custom="readingOrder {index:113;}">
                <Coords points="2435,2913 2597,2935 2682,2908 2767,2923 2845,2903 2874,2923 3030,2928 3068,2920 3068,2828 2954,2857 2811,2835 2729,2862 2644,2840 2624,2857 2435,2845"/>
                <Baseline points="2448,2902 2538,2902 2627,2902 2717,2902 2807,2902 2896,2902 2986,2902 3075,2908 3081,2902"/>
                <TextEquiv>
                    <Unicode>Plötzlich erhob sich Bog</Unicode>
                </TextEquiv>
            </TextLine>
            <TextLine id="tr_1_tl_115" custom="readingOrder {index:114;}">
                <Coords points="3146,2918 3197,2937 3219,2923 3297,2932 3323,2911 3488,2925 3556,2911 3588,2932 3649,2932 3649,2821 3593,2838 3534,2821 3476,2855 3355,2857 3280,2818 3243,2838 3146,2845"/>
                <Baseline points="3159,2902 3249,2902 3338,2902 3428,2902 3517,2902 3607,2908 3655,2908"/>
                <TextEquiv>
                    <Unicode>aus der Sofaecke,</Unicode>
                </TextEquiv>
            </TextLine>
            <TextLine id="tr_1_tl_116" custom="readingOrder {index:115;}">
                <Coords points="3712,2998 5001,2979 5052,2974 5052,2898 4285,2935 3712,2908"/>
                <Baseline points="3726,2974 3804,2974 3894,2974 3983,2968 4073,2968 4162,2968 4252,2968 4342,2968 4431,2968 4521,2968 4610,2962 4700,2962 4789,2962 4879,2962 4969,2962 5058,2962"/>
                <TextEquiv>
                    <Unicode>lich vorgegangen ist. Aber das kommt ja vor</Unicode>
                </TextEquiv>
            </TextLine>
            <TextLine id="tr_1_tl_117" custom="readingOrder {index:116;}">
                <Coords points="2364,2993 2935,2979 3078,2998 3078,2918 2937,2930 2840,2903 2498,2930 2364,2886"/>
                <Baseline points="2377,2980 2454,2974 2544,2974 2633,2968 2723,2974 2813,2974 2902,2974 2992,2968 3081,2968"/>
                <TextEquiv>
                    <Unicode>rückte den Tisch beiseite und</Unicode>
                </TextEquiv>
            </TextLine>
            <TextLine id="tr_1_tl_118" custom="readingOrder {index:117;}">
                <Coords points="3163,2988 3214,2996 3246,2981 3280,3005 3411,2981 3437,3000 3513,2981 3547,3000 3600,2979 3649,2983 3649,2930 3590,2913 3491,2928 3323,2911 3275,2935 3163,2925"/>
                <Baseline points="3177,2974 3266,2974 3356,2974 3446,2974 3535,2974 3625,2974 3655,2974"/>
                <TextEquiv>
                    <Unicode>zum Fenster hin.</Unicode>
                </TextEquiv>
            </TextLine>
            <TextLine id="tr_1_tl_119" custom="readingOrder {index:118;}">
                <Coords points="935,3005 2287,2988 2284,2908 932,2930"/>
                <Baseline points="949,2980 1039,2980 1128,2980 1218,2974 1307,2980 1397,2980 1487,2980 1576,2980 1666,2980 1755,2980 1845,2980 1935,2980 2024,2980 2114,2980 2203,2980 2293,2980"/>
                <TextEquiv>
                    <Unicode>sechzig Gulden. Ich könnte sagen tausend, das</Unicode>
                </TextEquiv>
            </TextLine>
            <TextLine id="tr_1_tl_120" custom="readingOrder {index:119;}">
                <Coords points="3712,3061 5001,3056 5052,3047 5052,2974 3712,3000"/>
                <Baseline points="3726,3045 3804,3040 3894,3040 3983,3040 4073,3040 4162,3040 4252,3040 4342,3045 4431,3045 4521,3040 4610,3040 4700,3040 4789,3034 4879,3034 4969,3034 5058,3028"/>
                <TextEquiv>
                    <Unicode>zwischen fünfzig und sechzig, daß sich die Leut' so</Unicode>
                </TextEquiv>
            </TextLine>
            <TextLine id="tr_1_tl_121" custom="readingOrder {index:120;}">
                <Coords points="2357,3059 2520,3044 2949,3078 3027,3061 3027,2988 2357,2993"/>
                <Baseline points="2371,3045 2406,3045 2496,3045 2586,3040 2675,3045 2765,3040 2854,3040 2944,3040 3034,3040"/>
                <TextEquiv>
                    <Unicode>„Wir müssen’s versuchen,</Unicode>
                </TextEquiv>
            </TextLine>
            <TextLine id="tr_1_tl_122" custom="readingOrder {index:121;}">
                <Coords points="3146,3068 3204,3076 3238,3054 3333,3064 3411,3051 3471,3073 3510,3054 3573,3066 3656,3051 3656,2991 3622,2981 3551,3000 3515,2981 3476,3000 3408,2981 3277,3005 3248,2983 3209,2996 3146,2979"/>
                <Baseline points="3159,3040 3249,3040 3338,3045 3428,3045 3517,3040 3607,3040 3661,3040"/>
                <TextEquiv>
                    <Unicode>klärte er dann mit</Unicode>
                </TextEquiv>
            </TextLine>
            <TextLine id="tr_1_tl_123" custom="readingOrder {index:122;}">
                <Coords points="942,3066 2270,3059 2270,3005 2163,2981 942,2996"/>
                <Baseline points="955,3051 1045,3045 1134,3045 1224,3045 1313,3045 1403,3045 1493,3045 1582,3051 1672,3045 1761,3045 1851,3051 1941,3051 2030,3045 2120,3045 2209,3045 2275,3051"/>
                <TextEquiv>
                    <Unicode>käm schon auf eins heraus. Es sind aber eben</Unicode>
                </TextEquiv>
            </TextLine>
            <TextLine id="tr_1_tl_124" custom="readingOrder {index:123;}">
                <Coords points="3148,3131 5054,3105 5030,3042 3151,3071"/>
                <Baseline points="3165,3117 3213,3117 3302,3117 3392,3111 3481,3111 3571,3111 3661,3111 3720,3111 3804,3111 3894,3111 3983,3111 4073,3105 4162,3105 4252,3105 4342,3111 4431,3105 4521,3111 4610,3105 4700,3105 4789,3099 4879,3099 4969,3099 5058,3093"/>
                <TextEquiv>
                    <Unicode>erzeih', aber wir merkwürdig verändern. Ich kann dir nicht</Unicode>
                </TextEquiv>
            </TextLine>
            <TextLine id="tr_1_tl_125" custom="readingOrder {index:124;}">
                <Coords points="954,3127 2270,3141 2253,3054 954,3061"/>
                <Baseline points="967,3117 1021,3117 1110,3111 1200,3117 1290,3117 1379,3117 1469,3117 1558,3117 1648,3117 1738,3117 1827,3117 1917,3117 2006,3117 2096,3117 2185,3117 2275,3111"/>
                <TextEquiv>
                    <Unicode>neunhundertsechzig. Und die müssen morgen vor</Unicode>
                </TextEquiv>
            </TextLine>
            <TextLine id="tr_1_tl_126" custom="readingOrder {index:125;}">
                <Coords points="2352,3136 2532,3122 2624,3139 2731,3117 2826,3139 2957,3117 3022,3139 3022,3059 2986,3054 2952,3076 2852,3056 2772,3080 2712,3051 2644,3068 2580,3051 2527,3073 2352,3061"/>
                <Baseline points="2365,3117 2400,3111 2490,3111 2580,3111 2669,3111 2759,3117 2848,3117 2938,3111 3028,3111"/>
                <TextEquiv>
                    <Unicode>Bestimmtheit. „Jawohl</Unicode>
                </TextEquiv>
            </TextLine>
            <TextLine id="tr_1_tl_127" custom="readingOrder {index:126;}">
                <Coords points="3700,3187 5015,3195 5059,3190 5059,3117 3700,3134"/>
                <Baseline points="3714,3177 3804,3177 3894,3177 3983,3183 4073,3177 4162,3177 4252,3177 4342,3177 4431,3177 4521,3165 4610,3171 4700,3171 4789,3171 4879,3171 4969,3171 5058,3177 5064,3177"/>
                <TextEquiv>
                    <Unicode>mehr sagen, als daß ich — seit fünfviertel</Unicode>
                </TextEquiv>
            </TextLine>
            <TextLine id="tr_1_tl_128" custom="readingOrder {index:127;}">
                <Coords points="2340,3192 3649,3209 3649,3129 3517,3112 3394,3151 3134,3148 3073,3105 3030,3139 2340,3127"/>
                <Baseline points="2353,3177 2442,3183 2532,3183 2621,3183 2711,3177 2801,3183 2890,3183 2980,3177 3069,3177 3105,3177 3159,3177 3249,3177 3338,3183 3428,3183 3517,3183 3607,3177 3655,3183"/>
                <TextEquiv>
                    <Unicode>müssen. Das Schlimmste, das dir passieren</Unicode>
                </TextEquiv>
            </TextLine>
            <TextLine id="tr_1_tl_129" custom="readingOrder {index:128;}">
                <Coords points="942,3204 2262,3197 2262,3136 2177,3119 942,3122"/>
                <Baseline points="955,3183 1045,3183 1134,3183 1224,3183 1313,3189 1403,3189 1493,3189 1582,3189 1672,3189 1761,3189 1851,3189 1941,3183 2030,3183 2120,3183 2209,3189 2269,3189"/>
                <TextEquiv>
                    <Unicode>halb neun Uhr früh da sein, sonst — na — also</Unicode>
                </TextEquiv>
            </TextLine>
            <TextLine id="tr_1_tl_130" custom="readingOrder {index:129;}">
                <Coords points="3719,3263 5059,3263 5088,3190 3719,3197"/>
                <Baseline points="3732,3249 3750,3249 3840,3249 3929,3249 4019,3249 4109,3243 4198,3243 4288,3249 4377,3249 4467,3243 4557,3243 4646,3243 4736,3243 4825,3243 4915,3237 5004,3237 5094,3237"/>
                <TextEquiv>
                    <Unicode>Jahren oder länger sein Haus nicht mehr betreten</Unicode>
                </TextEquiv>
            </TextLine>
            <TextLine id="tr_1_tl_131" custom="readingOrder {index:130;}">
                <Coords points="942,3260 2275,3263 2248,3197 942,3207"/>
                <Baseline points="955,3260 1027,3255 1116,3255 1206,3255 1296,3255 1385,3255 1475,3255 1564,3255 1654,3255 1743,3255 1833,3255 1923,3260 2012,3260 2102,3260 2191,3255 2281,3249"/>
                <TextEquiv>
                    <Unicode>du erwiesest mir einen wirklichen Freundschafts¬</Unicode>
                </TextEquiv>
            </TextLine>
            <TextLine id="tr_1_tl_132" custom="readingOrder {index:131;}">
                <Coords points="2343,3265 3080,3272 3083,3202 2644,3192 2505,3219 2345,3192"/>
                <Baseline points="2359,3249 2448,3255 2538,3255 2627,3249 2717,3255 2807,3249 2896,3249 2986,3249 3075,3249 3087,3249"/>
                <TextEquiv>
                    <Unicode>kann, ist, daß er Nein sag</Unicode>
                </TextEquiv>
            </TextLine>
            <TextLine id="tr_1_tl_133" custom="readingOrder {index:132;}">
                <Coords points="3163,3265 3243,3267 3299,3292 3372,3260 3428,3282 3649,3258 3646,3209 3593,3192 3452,3207 3369,3197 3306,3221 3280,3199 3161,3192"/>
                <Baseline points="3177,3249 3266,3249 3356,3249 3446,3255 3535,3249 3625,3255 3655,3249"/>
                <TextEquiv>
                    <Unicode>Und vielleicht in</Unicode>
                </TextEquiv>
            </TextLine>
            <TextLine id="tr_1_tl_134" custom="readingOrder {index:133;}">
                <Coords points="3719,3331 4697,3314 4930,3362 5056,3335 5059,3265 3721,3260"/>
                <Baseline points="3732,3314 3810,3314 3900,3314 3989,3314 4079,3308 4168,3314 4258,3314 4347,3314 4437,3314 4527,3308 4616,3308 4706,3308 4795,3308 4885,3314 4975,3308 5064,3302"/>
                <TextEquiv>
                    <Unicode>habe und — kurz und gut — es unter keiner</Unicode>
                </TextEquiv>
            </TextLine>
            <TextLine id="tr_1_tl_135" custom="readingOrder {index:134;}">
                <Coords points="2352,3328 2471,3350 3090,3338 3090,3275 2983,3258 2821,3275 2743,3255 2678,3287 2525,3255 2444,3282 2352,3272"/>
                <Baseline points="2365,3320 2377,3314 2466,3320 2556,3320 2645,3320 2735,3320 2824,3320 2914,3320 3004,3320 3093,3314"/>
                <TextEquiv>
                    <Unicode>einer nicht ganz höflichen</Unicode>
                </TextEquiv>
            </TextLine>
            <TextLine id="tr_1_tl_136" custom="readingOrder {index:135;}">
                <Coords points="3163,3352 3258,3331 3284,3348 3321,3323 3377,3348 3411,3331 3496,3343 3649,3326 3646,3258 3474,3280 3352,3263 3297,3294 3238,3265 3161,3263"/>
                <Baseline points="3177,3320 3207,3314 3296,3314 3386,3326 3476,3326 3565,3320 3655,3314"/>
                <TextEquiv>
                    <Unicode>form. Zugegeben.</Unicode>
                </TextEquiv>
            </TextLine>
            <TextLine id="tr_1_tl_137" custom="readingOrder {index:136;}">
                <Coords points="935,3333 2294,3340 2262,3263 935,3272"/>
                <Baseline points="949,3326 1039,3326 1128,3326 1218,3326 1307,3326 1397,3326 1487,3326 1576,3326 1666,3326 1755,3326 1845,3320 1935,3326 2024,3320 2114,3320 2203,3320 2293,3326 2299,3326"/>
                <TextEquiv>
                    <Unicode>dienst, Willi, wenn du mir diese Summe —“ Er</Unicode>
                </TextEquiv>
            </TextLine>
            <TextLine id="tr_1_tl_138" custom="readingOrder {index:137;}">
                <Coords points="3731,3391 4515,3413 4857,3384 4860,3340 3733,3333"/>
                <Baseline points="3744,3386 3786,3386 3876,3386 3965,3386 4055,3386 4144,3380 4234,3380 4324,3380 4413,3380 4503,3380 4592,3380 4682,3380 4772,3368 4861,3374"/>
                <TextEquiv>
                    <Unicode>Bedingung je wieder betreten werde."</Unicode>
                </TextEquiv>
            </TextLine>
            <TextLine id="tr_1_tl_139" custom="readingOrder {index:138;}">
                <Coords points="2345,3406 2830,3394 3047,3423 3095,3401 3095,3357 3034,3335 2474,3350 2345,3326"/>
                <Baseline points="2359,3380 2448,3386 2538,3392 2627,3386 2717,3386 2807,3386 2896,3386 2986,3386 3075,3392 3099,3386"/>
                <TextEquiv>
                    <Unicode>Aber gegen das, was mir</Unicode>
                </TextEquiv>
            </TextLine>
            <TextLine id="tr_1_tl_140" custom="readingOrder {index:139;}">
                <Coords points="3158,3403 3216,3396 3292,3423 3389,3386 3530,3418 3595,3394 3624,3408 3649,3403 3649,3331 3491,3343 3459,3328 3437,3345 3411,3331 3357,3345 3316,3326 3284,3348 3258,3331 3158,3350"/>
                <Baseline points="3171,3386 3260,3386 3350,3386 3440,3386 3529,3386 3619,3386 3655,3386"/>
                <TextEquiv>
                    <Unicode>vorsteht, wenn ich</Unicode>
                </TextEquiv>
            </TextLine>
            <TextLine id="tr_1_tl_141" custom="readingOrder {index:140;}">
                <Coords points="932,3406 2282,3401 2282,3338 2160,3318 1711,3367 1617,3331 935,3333"/>
                <Baseline points="949,3398 1033,3392 1122,3392 1212,3398 1302,3398 1391,3392 1481,3392 1570,3392 1660,3392 1749,3392 1839,3392 1929,3398 2018,3392 2108,3392 2197,3392 2287,3392"/>
                <TextEquiv>
                    <Unicode>konnte plötzlich nicht weiter. Willi schämte sich ein</Unicode>
                </TextEquiv>
            </TextLine>
            <TextLine id="tr_1_tl_142" custom="readingOrder {index:141;}">
                <Coords points="3809,3454 5071,3476 5071,3389 4998,3372 4486,3420 4297,3379 4214,3413 3809,3394"/>
                <Baseline points="3822,3452 3911,3458 4001,3452 4091,3452 4180,3452 4270,3446 4359,3446 4449,3446 4539,3446 4628,3446 4718,3446 4807,3452 4897,3446 4987,3446 5076,3428"/>
                <TextEquiv>
                    <Unicode>Bogner sah vor sich hin. Dann plötzlich hob</Unicode>
                </TextEquiv>
            </TextLine>
            <TextLine id="tr_1_tl_143" custom="readingOrder {index:142;}">
                <Coords points="2345,3459 2646,3491 2680,3464 2707,3483 2804,3459 3088,3486 3088,3401 3042,3423 2884,3413 2838,3386 2809,3408 2690,3391 2656,3418 2345,3399"/>
                <Baseline points="2359,3452 2448,3458 2538,3458 2627,3458 2717,3458 2807,3452 2896,3458 2986,3458 3075,3464 3093,3464"/>
                <TextEquiv>
                    <Unicode>bis morgen früh die paar</Unicode>
                </TextEquiv>
            </TextLine>
            <TextLine id="tr_1_tl_144" custom="readingOrder {index:143;}">
                <Coords points="3151,3471 3513,3466 3559,3481 3590,3464 3658,3479 3658,3411 3605,3394 3488,3415 3396,3391 3294,3423 3151,3403"/>
                <Baseline points="3165,3458 3255,3452 3344,3458 3434,3458 3523,3458 3613,3458 3661,3458"/>
                <TextEquiv>
                    <Unicode>bigen Gulden nicht</Unicode>
                </TextEquiv>
            </TextLine>
            <TextLine id="tr_1_tl_145" custom="readingOrder {index:144;}">
                <Coords points="942,3476 2287,3483 2255,3399 942,3406"/>
                <Baseline points="955,3458 1045,3464 1134,3464 1224,3464 1313,3470 1403,3464 1493,3464 1582,3464 1672,3458 1761,3458 1851,3470 1941,3464 2030,3464 2120,3458 2209,3458 2293,3458"/>
                <TextEquiv>
                    <Unicode>wensg für ihn, nicht so sehr wegen der kleinen</Unicode>
                </TextEquiv>
            </TextLine>
            <TextLine id="tr_1_tl_146" custom="readingOrder {index:145;}">
                <Coords points="3712,3551 5071,3525 5042,3462 4928,3447 3712,3469"/>
                <Baseline points="3726,3523 3732,3523 3822,3517 3911,3523 4001,3523 4091,3523 4180,3517 4270,3517 4359,3517 4449,3517 4539,3517 4628,3511 4718,3511 4807,3511 4897,3511 4987,3511 5076,3505"/>
                <TextEquiv>
                    <Unicode>er den Kopf, sah Willi wie abwesend an und</Unicode>
                </TextEquiv>
            </TextLine>
            <TextLine id="tr_1_tl_147" custom="readingOrder {index:146;}">
                <Coords points="2352,3539 3656,3551 3656,3479 3576,3464 2352,3464"/>
                <Baseline points="2365,3523 2454,3523 2544,3523 2633,3529 2723,3529 2813,3523 2902,3523 2992,3529 3081,3523 3123,3523 3165,3523 3213,3523 3302,3523 3392,3529 3481,3523 3571,3523 3661,3517"/>
                <TextEquiv>
                    <Unicode>beisammen hab', ist doch das alles nichts als eine</Unicode>
                </TextEquiv>
            </TextLine>
            <TextLine id="tr_1_tl_148" custom="readingOrder {index:147;}">
                <Coords points="935,3559 2287,3537 2287,3483 2214,3469 935,3481"/>
                <Baseline points="949,3529 1039,3529 1128,3529 1218,3529 1307,3529 1397,3529 1487,3529 1576,3523 1666,3529 1755,3529 1845,3529 1935,3529 2024,3529 2114,3529 2203,3529 2293,3529"/>
                <TextEquiv>
                    <Unicode>Veruntreuung oder — Defraudation, so mußte</Unicode>
                </TextEquiv>
            </TextLine>
            <TextLine id="tr_1_tl_149" custom="readingOrder {index:148;}">
                <Coords points="2364,3615 2525,3593 2580,3624 2627,3602 2746,3624 2811,3602 2862,3622 3044,3610 3044,3539 2813,3527 2782,3547 2760,3527 2680,3556 2561,3530 2500,3551 2364,3532"/>
                <Baseline points="2377,3601 2424,3595 2514,3595 2604,3595 2693,3595 2783,3595 2872,3595 2962,3595 3051,3577"/>
                <TextEquiv>
                    <Unicode>kleine Unannehmlichkeit.“</Unicode>
                </TextEquiv>
            </TextLine>
            <TextLine id="tr_1_tl_150" custom="readingOrder {index:149;}">
                <Coords points="3719,3619 4935,3612 5059,3585 5061,3522 3721,3537"/>
                <Baseline points="3732,3595 3810,3595 3900,3595 3989,3589 4079,3589 4168,3589 4258,3589 4347,3589 4437,3589 4527,3583 4616,3583 4706,3583 4795,3583 4885,3583 4975,3577 5064,3583"/>
                <TextEquiv>
                    <Unicode>sagte: „Also, ich bitt' dich um Entschuldigung,</Unicode>
                </TextEquiv>
            </TextLine>
            <TextLine id="tr_1_tl_151" custom="readingOrder {index:150;}">
                <Coords points="954,3610 2124,3627 2282,3612 2282,3551 954,3554"/>
                <Baseline points="967,3601 1033,3595 1122,3601 1212,3595 1302,3595 1391,3601 1481,3601 1570,3601 1660,3601 1749,3601 1839,3601 1929,3601 2018,3601 2108,3595 2197,3595 2287,3595"/>
                <TextEquiv>
                    <Unicode>man's ja wohl nennen, die der alte Kamerad be¬</Unicode>
                </TextEquiv>
            </TextLine>
            <TextLine id="tr_1_tl_152" custom="readingOrder {index:151;}">
                <Coords points="3199,3680 5047,3702 5047,3590 3199,3600"/>
                <Baseline points="3213,3667 3219,3667 3308,3661 3398,3661 3487,3661 3577,3661 3667,3655 3720,3667 3798,3661 3888,3661 3977,3661 4067,3661 4156,3661 4246,3661 4336,3661 4425,3661 4515,3661 4604,3655 4694,3655 4783,3655 4873,3655 4963,3655 5052,3655"/>
                <TextEquiv>
                    <Unicode>aber eine Unan¬ grüß dich Gott,“ nahm den Hut und wandte sich</Unicode>
                </TextEquiv>
            </TextLine>
            <TextLine id="tr_1_tl_153" custom="readingOrder {index:152;}">
                <Coords points="2440,3683 3117,3687 3117,3615 3013,3602 2867,3624 2653,3602 2578,3627 2527,3590 2440,3615"/>
                <Baseline points="2454,3667 2544,3661 2633,3667 2723,3667 2813,3667 2902,3667 2992,3667 3081,3667 3123,3667"/>
                <TextEquiv>
                    <Unicode>„Mag sein," sagte Wilhel“</Unicode>
                </TextEquiv>
            </TextLine>
            <TextLine id="tr_1_tl_154" custom="readingOrder {index:153;}">
                <Coords points="959,3685 2275,3685 2275,3617 2190,3600 1709,3641 959,3610"/>
                <Baseline points="973,3673 1063,3673 1152,3673 1242,3667 1331,3667 1421,3667 1511,3667 1600,3673 1690,3673 1779,3673 1869,3667 1958,3667 2048,3667 2138,3667 2227,3667 2281,3673"/>
                <TextEquiv>
                    <Unicode>gangen, sondern vielmehr, weil der ehemalige</Unicode>
                </TextEquiv>
            </TextLine>
            <TextLine id="tr_1_tl_155" custom="readingOrder {index:154;}">
                <Coords points="3719,3758 3758,3780 3789,3760 3840,3760 3911,3736 3957,3753 3996,3736 4056,3746 4056,3690 4005,3678 3991,3685 3937,3666 3916,3685 3903,3670 3821,3685 3809,3668 3758,3685 3719,3683"/>
                <Baseline points="3732,3738 3792,3732 3882,3726 3971,3726 4061,3726"/>
                <TextEquiv>
                    <Unicode>zum Gehen.</Unicode>
                </TextEquiv>
            </TextLine>
            <TextLine id="tr_1_tl_156" custom="readingOrder {index:155;}">
                <Coords points="954,3743 1160,3775 1471,3733 2282,3746 2282,3685 2190,3678 954,3687"/>
                <Baseline points="967,3738 1033,3738 1122,3732 1212,3738 1302,3732 1391,3732 1481,3732 1570,3732 1660,3738 1749,3732 1839,3732 1929,3732 2018,3732 2108,3732 2197,3738 2287,3732"/>
                <TextEquiv>
                    <Unicode>Oberleutnant Otto von Bogner — vor wenigen</Unicode>
                </TextEquiv>
            </TextLine>
            <TextLine id="tr_1_tl_157" custom="readingOrder {index:156;}">
                <Coords points="2364,3741 2673,3753 2736,3733 2779,3763 2867,3736 2932,3760 3049,3741 3122,3763 3122,3692 2991,3670 2857,3707 2799,3678 2726,3709 2665,3675 2364,3687"/>
                <Baseline points="2377,3732 2466,3732 2556,3732 2645,3732 2735,3732 2824,3738 2914,3732 3004,3732 3093,3738 3129,3732"/>
                <TextEquiv>
                    <Unicode>nehmlichkeit, die vollkomm</Unicode>
                </TextEquiv>
            </TextLine>
            <TextLine id="tr_1_tl_158" custom="readingOrder {index:157;}">
                <Coords points="3216,3738 3267,3760 3289,3743 3343,3743 3362,3755 3457,3748 3483,3765 3500,3750 3663,3738 3663,3678 3564,3668 3520,3690 3493,3675 3408,3690 3272,3670 3250,3690 3216,3683"/>
                <Baseline points="3231,3732 3320,3732 3410,3732 3499,3732 3589,3732 3667,3732"/>
                <TextEquiv>
                    <Unicode>zwecklos wäre.</Unicode>
                </TextEquiv>
            </TextLine>
            <TextLine id="tr_1_tl_159" custom="readingOrder {index:158;}">
                <Coords points="3814,3821 4377,3801 4588,3855 4838,3794 5049,3848 5052,3680 4697,3729 4442,3668 4156,3746 3814,3758"/>
                <Baseline points="3828,3798 3888,3798 3977,3798 4067,3792 4156,3792 4246,3792 4336,3798 4425,3798 4515,3792 4604,3792 4694,3792 4783,3792 4873,3786 4963,3786 5052,3762"/>
                <TextEquiv>
                    <Unicode>„Ottol“ rief Willi. „Ich hätt“ noch eine Idee.“</Unicode>
                </TextEquiv>
            </TextLine>
            <TextLine id="tr_1_tl_160" custom="readingOrder {index:159;}">
                <Coords points="942,3833 2228,3821 2275,3811 2275,3748 942,3753"/>
                <Baseline points="955,3810 1027,3804 1116,3804 1206,3804 1296,3804 1385,3804 1475,3804 1564,3804 1654,3804 1743,3798 1833,3804 1923,3804 2012,3804 2102,3798 2191,3798 2281,3792"/>
                <TextEquiv>
                    <Unicode>Jahren noch ein liebenswürdiger, wohlsituierter</Unicode>
                </TextEquiv>
            </TextLine>
            <TextLine id="tr_1_tl_161" custom="readingOrder {index:160;}">
                <Coords points="3212,3831 3289,3833 3318,3809 3350,3821 3369,3806 3411,3828 3498,3826 3517,3811 3532,3823 3551,3804 3661,3818 3661,3755 3624,3746 3564,3760 3510,3750 3479,3765 3457,3748 3289,3743 3265,3758 3212,3743"/>
                <Baseline points="3225,3804 3308,3804 3398,3798 3487,3792 3577,3798 3667,3798"/>
                <TextEquiv>
                    <Unicode>bestünde — na,</Unicode>
                </TextEquiv>
            </TextLine>
            <TextLine id="tr_1_tl_162" custom="readingOrder {index:161;}">
                <Coords points="2345,3799 2486,3826 2529,3801 2760,3806 2789,3828 3119,3814 3117,3743 2928,3760 2872,3741 2779,3765 2719,3743 2345,3750"/>
                <Baseline points="2359,3798 2448,3798 2538,3798 2627,3798 2717,3798 2807,3804 2896,3804 2986,3804 3075,3804 3123,3798"/>
                <TextEquiv>
                    <Unicode>Wenn nur die geringste Cha¬</Unicode>
                </TextEquiv>
            </TextLine>
            <TextLine id="tr_1_tl_163" custom="readingOrder {index:162;}">
                <Coords points="5069,3843 5098,3833 5171,3874 5290,3877 5311,3894 5455,3869 5506,3882 5552,3874 5557,3772 5489,3746 5416,3780 5321,3719 5268,3714 5226,3743 5158,3721 5132,3743 5071,3724"/>
                <Baseline points="5082,3834 5172,3840 5261,3840 5351,3834 5440,3828 5530,3822 5560,3834"/>
                <TextEquiv>
                    <Unicode>(gespeest)</Unicode>
                </TextEquiv>
            </TextLine>
            <TextLine id="tr_1_tl_164" custom="readingOrder {index:163;}">
                <Coords points="3833,3877 3920,3865 3981,3889 4027,3869 4073,3884 4127,3865 4275,3884 4348,3872 4350,3809 4255,3799 4212,3823 4158,3799 4132,3823 4107,3804 4078,3816 3993,3801 3945,3818 3872,3811 3833,3835"/>
                <Baseline points="3846,3870 3906,3858 3995,3864 4085,3864 4174,3858 4264,3864 4353,3846"/>
                <TextEquiv>
                    <Unicode>„Noch eine ist gut.“</Unicode>
                </TextEquiv>
            </TextLine>
            <TextLine id="tr_1_tl_165" custom="readingOrder {index:164;}">
                <Coords points="935,3872 2194,3882 2282,3865 2282,3811 935,3831"/>
                <Baseline points="949,3870 1033,3870 1122,3870 1212,3864 1302,3870 1391,3864 1481,3870 1570,3864 1660,3858 1749,3864 1839,3864 1929,3864 2018,3864 2108,3864 2197,3864 2287,3858"/>
                <TextEquiv>
                    <Unicode>und schneidiger Offizier — bleich und ohne Hal¬</Unicode>
                </TextEquiv>
            </TextLine>
            <TextLine id="tr_1_tl_166" custom="readingOrder {index:165;}">
                <Coords points="2345,3865 2986,3903 3661,3872 3661,3814 3585,3806 3258,3845 3141,3809 2345,3809"/>
                <Baseline points="2359,3858 2448,3858 2538,3864 2627,3864 2717,3864 2807,3870 2896,3870 2986,3870 3075,3876 3129,3870 3177,3870 3219,3870 3308,3864 3398,3864 3487,3864 3577,3864 3667,3864"/>
                <TextEquiv>
                    <Unicode>du wirst doch hoffentlich nicht an meinem guten</Unicode>
                </TextEquiv>
            </TextLine>
            <TextLine id="tr_1_tl_167" custom="readingOrder {index:166;}">
                <Coords points="3826,3937 4967,3940 5061,3928 5064,3850 4729,3826 4549,3886 4423,3838 4277,3884 3828,3882"/>
                <Baseline points="3840,3923 3906,3923 3995,3923 4085,3923 4174,3923 4264,3923 4353,3923 4443,3917 4533,3917 4622,3917 4712,3923 4801,3917 4891,3911 4981,3911 5070,3911"/>
                <TextEquiv>
                    <Unicode>„Also hör' einmal, Bogner. Ich fahre nämlich</Unicode>
                </TextEquiv>
            </TextLine>
            <TextLine id="tr_1_tl_168" custom="readingOrder {index:167;}">
                <Coords points="922,3942 2270,3925 2270,3877 2219,3872 1995,3908 1961,3874 922,3867"/>
                <Baseline points="937,3935 1021,3935 1110,3929 1200,3929 1290,3923 1379,3929 1469,3929 1558,3923 1648,3923 1738,3923 1827,3923 1917,3923 2006,3923 2096,3923 2185,3923 2275,3917"/>
                <TextEquiv>
                    <Unicode>tung in der Diwanecke lehnte und vor ver¬</Unicode>
                </TextEquiv>
            </TextLine>
            <TextLine id="tr_1_tl_169" custom="readingOrder {index:168;}">
                <Coords points="2345,3923 3182,3967 3651,3940 3649,3872 3306,3903 2345,3874"/>
                <Baseline points="2359,3917 2448,3917 2538,3923 2627,3923 2717,3917 2807,3923 2896,3923 2986,3935 3075,3941 3165,3935 3255,3935 3344,3929 3434,3929 3523,3929 3613,3923 3655,3923"/>
                <TextEquiv>
                    <Unicode>Willen zweifeln. Und zum teufel, es muß doch</Unicode>
                </TextEquiv>
            </TextLine>
            <TextLine id="tr_1_tl_170" custom="readingOrder {index:169;}">
                <Coords points="1085,4013 1775,3991 1976,4018 2139,3996 2139,3925 1085,3935"/>
                <Baseline points="1098,3977 1188,3983 1278,3989 1367,3989 1457,3989 1546,3995 1636,3989 1726,3989 1815,3989 1905,3989 1994,3989 2084,3989 2144,3989"/>
                <TextEquiv>
                    <Unicode>ten Tränen nicht weiter reden konnte.</Unicode>
                </TextEquiv>
            </TextLine>
            <TextLine id="tr_1_tl_171" custom="readingOrder {index:170;}">
                <Coords points="3731,4032 4020,3991 5071,3984 5071,3930 5025,3920 3731,3930"/>
                <Baseline points="3744,4007 3822,3989 3911,3995 4001,3989 4091,3989 4180,3989 4270,3983 4359,3989 4449,3983 4539,3983 4628,3977 4718,3977 4807,3977 4897,3977 4987,3977 5076,3977"/>
                <TextEquiv>
                    <Unicode>heut aufs Land — nach Baden. Da ist manchmal</Unicode>
                </TextEquiv>
            </TextLine>
            <TextLine id="tr_1_tl_172" custom="readingOrder {index:171;}">
                <Coords points="2340,3998 2396,3998 2430,4020 2483,4005 2515,4027 2595,4010 2656,4035 2729,4030 2729,3928 2692,3940 2634,3925 2578,3937 2551,3925 2340,3928"/>
                <Baseline points="2353,3995 2377,3989 2466,3989 2556,3989 2645,3989 2735,3989"/>
                <TextEquiv>
                    <Unicode>noch andere 9</Unicode>
                </TextEquiv>
            </TextLine>
            <TextLine id="tr_1_tl_173" custom="readingOrder {index:172;}">
                <Coords points="4353,4059 4590,4071 4661,4049 4792,4076 4862,4047 4916,4071 5047,4066 5066,4061 5066,3984 4353,4005"/>
                <Baseline points="4365,4049 4455,4049 4545,4043 4634,4049 4724,4049 4813,4049 4903,4043 4993,4043 5070,4049"/>
                <TextEquiv>
                    <Unicode>Nachmittag im Café Schopf</Unicode>
                </TextEquiv>
            </TextLine>
            <TextLine id="tr_1_tl_174" custom="readingOrder {index:173;}">
                <Coords points="1563,4073 1634,4064 1736,4083 1789,4064 1857,4083 2022,4061 2131,4076 2129,4015 2088,4003 1978,4013 1923,3993 1855,4018 1821,4001 1668,4015 1561,3996"/>
                <Baseline points="1576,4049 1666,4055 1755,4055 1845,4055 1935,4055 2024,4055 2114,4061 2138,4055"/>
                <TextEquiv>
                    <Unicode>und auf die Schulter.</Unicode>
                </TextEquiv>
            </TextLine>
            <TextLine id="tr_1_tl_175" custom="readingOrder {index:174;}">
                <Coords points="1556,4178 1687,4127 1796,4146 1842,4127 1893,4156 1920,4129 1981,4151 2034,4129 2139,4134 2139,4081 2083,4064 1864,4081 1770,4061 1702,4098 1634,4066 1556,4064"/>
                <Baseline points="1570,4121 1660,4127 1749,4121 1839,4127 1929,4127 2018,4127 2108,4127 2144,4127"/>
                <TextEquiv>
                    <Unicode>Es ja nicht gleich die</Unicode>
                </TextEquiv>
            </TextLine>
            <TextLine id="tr_1_tl_176" custom="readingOrder {index:175;}">
                <Coords points="3882,4185 4059,4170 4141,4187 4236,4173 4450,4187 4467,4185 4467,4129 4306,4141 4255,4110 4025,4105 3957,4110 3882,4146"/>
                <Baseline points="3894,4168 3983,4168 4073,4168 4162,4168 4252,4168 4342,4168 4431,4168 4473,4168"/>
                <TextEquiv>
                    <Unicode>oder Bakkarat, je na</Unicode>
                </TextEquiv>
            </TextLine>
            <TextLine id="tr_1_tl_177" custom="readingOrder {index:176;}">
                <Coords points="1257,4207 1595,4192 1726,4219 1867,4192 2090,4214 2129,4207 2129,4129 1986,4151 1920,4129 1893,4153 1755,4129 1257,4139"/>
                <Baseline points="1272,4192 1361,4192 1451,4192 1540,4192 1630,4186 1720,4192 1809,4192 1899,4192 1988,4192 2078,4192 2132,4192"/>
                <TextEquiv>
                    <Unicode>verlieren.“ Und da der andere</Unicode>
                </TextEquiv>
            </TextLine>
            <TextLine id="tr_1_tl_178" custom="readingOrder {index:177;}">
                <Coords points="3899,4258 4913,4253 4957,4248 4959,4178 3901,4187"/>
                <Baseline points="3911,4240 4001,4240 4091,4240 4180,4240 4270,4240 4359,4234 4449,4234 4539,4228 4628,4228 4718,4228 4807,4228 4897,4234 4963,4240"/>
                <TextEquiv>
                    <Unicode>lich höchst bescheiden daran beteiligt</Unicode>
                </TextEquiv>
            </TextLine>
            <TextLine id="tr_1_tl_179" custom="readingOrder {index:178;}">
                <Coords points="1109,4270 2141,4277 2139,4214 1993,4200 1109,4202"/>
                <Baseline points="1122,4258 1212,4252 1302,4258 1391,4258 1481,4258 1570,4258 1660,4258 1749,4258 1839,4264 1929,4258 2018,4264 2108,4270 2144,4270"/>
                <TextEquiv>
                    <Unicode>diese nicht sehr ermutigende Einleitung</Unicode>
                </TextEquiv>
            </TextLine>
            <TextLine id="tr_1_tl_180" custom="readingOrder {index:179;}">
                <Coords points="3903,4336 5103,4319 5105,4219 4962,4258 3906,4263"/>
                <Baseline points="3917,4312 3941,4306 4031,4312 4121,4306 4210,4306 4300,4306 4389,4306 4479,4300 4568,4300 4658,4294 4748,4294 4837,4294 4927,4294 5016,4294 5106,4306"/>
                <TextEquiv>
                    <Unicode>auch gar nicht. Drei= oder viermal habe ich</Unicode>
                </TextEquiv>
            </TextLine>
            <TextLine id="tr_1_tl_181" custom="readingOrder {index:180;}">
                <Coords points="990,4343 1262,4336 1347,4370 1539,4336 2143,4343 2143,4277 990,4265"/>
                <Baseline points="1003,4312 1086,4324 1176,4324 1266,4330 1355,4330 1445,4330 1534,4330 1624,4330 1714,4330 1803,4330 1893,4330 1982,4330 2072,4330 2150,4330"/>
                <TextEquiv>
                    <Unicode>in mit trübem, fast erschrecktem Blick zu</Unicode>
                </TextEquiv>
            </TextLine>
            <TextLine id="tr_1_tl_182" custom="readingOrder {index:181;}">
                <Coords points="3911,4391 4695,4370 4746,4399 5061,4374 5083,4304 4556,4338 4299,4304 4180,4360 3911,4316"/>
                <Baseline points="3923,4377 4013,4383 4103,4377 4192,4377 4282,4377 4371,4371 4461,4371 4551,4371 4640,4365 4730,4365 4819,4365 4909,4365 4998,4365 5088,4365"/>
                <TextEquiv>
                    <Unicode>mitgetan, aber mehr zum Spaß. Der</Unicode>
                </TextEquiv>
            </TextLine>
            <TextLine id="tr_1_tl_183" custom="readingOrder {index:182;}">
                <Coords points="1061,4411 2139,4418 2139,4362 2088,4345 1061,4350"/>
                <Baseline points="1075,4389 1164,4401 1254,4395 1343,4401 1433,4401 1522,4395 1612,4401 1702,4401 1791,4401 1881,4401 1970,4401 2060,4401 2144,4401"/>
                <TextEquiv>
                    <Unicode>aufsah — „nämlich, ich selber bin so</Unicode>
                </TextEquiv>
            </TextLine>
            <TextLine id="tr_1_tl_184" custom="readingOrder {index:183;}">
                <Coords points="3899,4462 4993,4459 5073,4440 5073,4374 3899,4391"/>
                <Baseline points="3911,4449 4001,4449 4091,4443 4180,4443 4270,4443 4359,4443 4449,4437 4539,4437 4628,4437 4718,4437 4807,4431 4897,4431 4987,4431 5076,4431"/>
                <TextEquiv>
                    <Unicode>Hauptmacher ist der Regimentsarzt Tugut,</Unicode>
                </TextEquiv>
            </TextLine>
            <TextLine id="tr_1_tl_185" custom="readingOrder {index:184;}">
                <Coords points="1027,4476 2139,4503 2153,4425 1024,4408"/>
                <Baseline points="1039,4461 1128,4467 1218,4467 1307,4461 1397,4467 1487,4467 1576,4467 1666,4467 1755,4467 1845,4473 1935,4473 2024,4473 2114,4467 2156,4467"/>
                <TextEquiv>
                    <Unicode>nemlich auf dem Trockenen. Mein ganzes</Unicode>
                </TextEquiv>
            </TextLine>
            <TextLine id="tr_1_tl_186" custom="readingOrder {index:185;}">
                <Coords points="3899,4535 5069,4522 5071,4440 3901,4459"/>
                <Baseline points="3911,4515 4001,4515 4091,4515 4180,4515 4270,4509 4359,4509 4449,4509 4539,4509 4628,4503 4718,4503 4807,4497 4897,4497 4987,4497 5076,4491"/>
                <TextEquiv>
                    <Unicode>der übrigens eine Mordssau hat, der Ober¬</Unicode>
                </TextEquiv>
            </TextLine>
            <TextLine id="tr_1_tl_187" custom="readingOrder {index:186;}">
                <Coords points="971,4547 2146,4569 2112,4481 971,4484"/>
                <Baseline points="985,4533 1075,4533 1164,4539 1254,4533 1343,4533 1433,4539 1522,4539 1612,4539 1702,4539 1791,4539 1881,4539 1970,4545 2060,4545 2150,4533"/>
                <TextEquiv>
                    <Unicode>Vermögen beläuft sich auf etwas über</Unicode>
                </TextEquiv>
            </TextLine>
            <TextLine id="tr_1_tl_188" custom="readingOrder {index:187;}">
                <Coords points="3903,4610 4850,4573 5071,4620 5071,4525 5025,4510 3903,4535"/>
                <Baseline points="3917,4586 4001,4586 4091,4586 4180,4580 4270,4580 4359,4580 4449,4580 4539,4574 4628,4580 4718,4574 4807,4568 4897,4568 4987,4568 5076,4574"/>
                <TextEquiv>
                    <Unicode>leutnant Wimmer ist auch gewöhnlich da¬</Unicode>
                </TextEquiv>
            </TextLine>
            <TextLine id="tr_1_tl_189" custom="readingOrder {index:188;}">
                <Coords points="983,4629 2134,4620 2112,4552 983,4544"/>
                <Baseline points="997,4598 1086,4604 1176,4604 1266,4604 1355,4604 1445,4604 1534,4604 1624,4604 1714,4604 1803,4610 1893,4610 1982,4616 2072,4610 2138,4616"/>
                <TextEquiv>
                    <Unicode>hundert Gulden. Hundertzwanzig, um</Unicode>
                </TextEquiv>
            </TextLine>
            <TextLine id="tr_1_tl_190" custom="readingOrder {index:189;}">
                <Coords points="3916,4675 4955,4668 5081,4617 4850,4573 4617,4607 4430,4578 3918,4603"/>
                <Baseline points="3929,4658 4007,4658 4097,4652 4186,4652 4276,4652 4365,4652 4455,4652 4545,4646 4634,4640 4724,4640 4813,4640 4903,4640 4993,4640 5082,4640"/>
                <TextEquiv>
                    <Unicode>bei, dann der Greising, von den ern...</Unicode>
                </TextEquiv>
            </TextLine>
            <TextLine id="tr_1_tl_191" custom="readingOrder {index:190;}">
                <Coords points="995,4695 2163,4712 2141,4622 995,4617"/>
                <Baseline points="1009,4676 1098,4676 1188,4676 1278,4670 1367,4676 1457,4676 1546,4676 1636,4676 1726,4676 1815,4676 1905,4682 1994,4682 2084,4682 2168,4682"/>
                <TextEquiv>
                    <Unicode>ganz so genau zu sein wie du. Die stehen</Unicode>
                </TextEquiv>
            </TextLine>
            <TextLine id="tr_1_tl_192" custom="readingOrder {index:191;}">
                <Coords points="3916,4736 5071,4724 5073,4646 4804,4675 4680,4646 4586,4685 4539,4656 3916,4666"/>
                <Baseline points="3929,4724 4001,4724 4091,4724 4180,4724 4270,4724 4359,4718 4449,4718 4539,4712 4628,4712 4718,4706 4807,4706 4897,4706 4987,4706 5076,4706"/>
                <TextEquiv>
                    <Unicode>den kennst du gar nicht. Er ist draußen in</Unicode>
                </TextEquiv>
            </TextLine>
            <TextLine id="tr_1_tl_193" custom="readingOrder {index:192;}">
                <Coords points="959,4768 2146,4765 2143,4707 2025,4688 956,4692"/>
                <Baseline points="973,4748 1063,4748 1152,4742 1242,4742 1331,4742 1421,4748 1511,4748 1600,4742 1690,4748 1779,4748 1869,4748 1958,4748 2048,4748 2138,4754 2150,4748"/>
                <TextEquiv>
                    <Unicode>dir natürlich bis auf den letzten Kreuzer</Unicode>
                </TextEquiv>
            </TextLine>
            <TextLine id="tr_1_tl_194" custom="readingOrder {index:193;}">
                <Coords points="3916,4804 4991,4782 5071,4814 5071,4726 5037,4719 4678,4743 4598,4714 4338,4760 3916,4736"/>
                <Baseline points="3929,4789 4001,4795 4091,4795 4180,4789 4270,4795 4359,4789 4449,4789 4539,4783 4628,4778 4718,4778 4807,4778 4897,4778 4987,4778 5076,4778"/>
                <TextEquiv>
                    <Unicode>Behandlung — wegen einer alten G'schicht,</Unicode>
                </TextEquiv>
            </TextLine>
            <TextLine id="tr_1_tl_195" custom="readingOrder {index:194;}">
                <Coords points="995,4828 2134,4828 2134,4770 2083,4763 995,4751"/>
                <Baseline points="1009,4819 1098,4813 1188,4813 1278,4813 1367,4819 1457,4813 1546,4813 1636,4819 1726,4819 1815,4819 1905,4819 1994,4819 2084,4819 2138,4819"/>
                <TextEquiv>
                    <Unicode>zur Verfügung. Aber wenn wir uns ein</Unicode>
                </TextEquiv>
            </TextLine>
            <TextLine id="tr_1_tl_196" custom="readingOrder {index:195;}">
                <Coords points="3911,4891 5071,4855 5071,4814 4991,4782 3913,4804"/>
                <Baseline points="3923,4867 4001,4867 4091,4861 4180,4861 4270,4855 4359,4855 4449,4861 4539,4855 4628,4849 4718,4849 4807,4849 4897,4849 4987,4849 5076,4843"/>
                <TextEquiv>
                    <Unicode>auch ein paar Zivilisten sind dabei, ein Ad¬</Unicode>
                </TextEquiv>
            </TextLine>
            <TextLine id="tr_1_tl_197" custom="readingOrder {index:196;}">
                <Coords points="978,4891 1614,4894 1850,4940 2027,4891 2131,4916 2131,4831 978,4831"/>
                <Baseline points="991,4885 1081,4885 1170,4879 1260,4879 1349,4885 1439,4891 1528,4885 1618,4885 1708,4891 1797,4891 1887,4891 1976,4891 2066,4891 2138,4891"/>
                <TextEquiv>
                    <Unicode>bißl anstrengen, so müssen wir doch auf</Unicode>
                </TextEquiv>
            </TextLine>
            <TextLine id="tr_1_tl_198" custom="readingOrder {index:197;}">
                <Coords points="3916,4942 5047,4940 5071,4857 3918,4889"/>
                <Baseline points="3929,4939 4001,4933 4091,4933 4180,4927 4270,4927 4359,4927 4449,4927 4539,4921 4628,4915 4718,4915 4807,4915 4897,4915 4987,4915 5076,4909"/>
                <TextEquiv>
                    <Unicode>vokat von draußen, der Sekretär vom</Unicode>
                </TextEquiv>
            </TextLine>
            <TextLine id="tr_1_tl_199" custom="readingOrder {index:198;}">
                <Coords points="966,4996 1090,4962 1204,4981 1335,4957 1452,4984 1476,4964 1588,4972 1588,4916 1524,4891 1493,4911 1442,4891 1289,4908 1112,4887 1054,4906 966,4882"/>
                <Baseline points="979,4957 1069,4951 1158,4945 1248,4951 1337,4951 1427,4951 1517,4951 1594,4957"/>
                <TextEquiv>
                    <Unicode>einen Modus kommen.</Unicode>
                </TextEquiv>
            </TextLine>
            <TextLine id="tr_1_tl_200" custom="readingOrder {index:199;}">
                <Coords points="3923,5018 5025,5008 5078,5003 5081,4923 3925,4950"/>
                <Baseline points="3935,5010 4013,5004 4103,5004 4192,4998 4282,4998 4371,4998 4461,4998 4551,4993 4640,4987 4730,4987 4819,4987 4909,4987 4998,4981 5088,4981"/>
                <TextEquiv>
                    <Unicode>Theater, ein Schaufpieler und ein älterer</Unicode>
                </TextEquiv>
            </TextLine>
            <TextLine id="tr_1_tl_201" custom="readingOrder {index:200;}">
                <Coords points="1027,5018 2143,5037 2143,4957 2054,4950 1886,4976 1736,4935 1648,4989 1027,4964"/>
                <Baseline points="1039,5010 1128,5016 1218,5016 1307,5022 1397,5022 1487,5022 1576,5022 1666,5028 1755,5028 1845,5022 1935,5028 2024,5028 2114,5028 2150,5028"/>
                <TextEquiv>
                    <Unicode>Otto unterbrach ihn. „Du kannst die</Unicode>
                </TextEquiv>
            </TextLine>
            <TextLine id="tr_1_tl_202" custom="readingOrder {index:201;}">
                <Coords points="3911,5088 5081,5076 5081,5003 5044,4993 4115,5010 4059,5042 3913,5010"/>
                <Baseline points="3923,5082 4013,5076 4103,5076 4192,5070 4282,5070 4371,5064 4461,5064 4551,5058 4640,5058 4730,5058 4819,5052 4909,5052 4998,5052 5088,5052"/>
                <TextEquiv>
                    <Unicode>Herr, ein gewisser Konsul Schnabel. Der</Unicode>
                </TextEquiv>
            </TextLine>
            <TextLine id="tr_1_tl_203" custom="readingOrder {index:202;}">
                <Coords points="966,5100 2141,5112 2124,5037 966,5025"/>
                <Baseline points="979,5094 1069,5088 1158,5094 1248,5088 1337,5094 1427,5094 1517,5094 1606,5088 1696,5094 1785,5094 1875,5094 1964,5094 2054,5100 2144,5100 2150,5094"/>
                <TextEquiv>
                    <Unicode>denken, daß alle sonstigen — Modusse be¬</Unicode>
                </TextEquiv>
            </TextLine>
            <TextLine id="tr_1_tl_204" custom="readingOrder {index:203;}">
                <Coords points="3925,5163 5093,5129 5093,5078 4957,5056 4751,5093 3928,5086"/>
                <Baseline points="3941,5148 4025,5142 4115,5142 4204,5136 4294,5136 4383,5136 4473,5130 4562,5130 4652,5124 4742,5124 4831,5124 4921,5124 5010,5124 5100,5124"/>
                <TextEquiv>
                    <Unicode>hat ein Verhältnis draußen mit einer</Unicode>
                </TextEquiv>
            </TextLine>
            <TextLine id="tr_1_tl_205" custom="readingOrder {index:204;}">
                <Coords points="978,5171 2165,5178 2165,5115 2114,5107 978,5103"/>
                <Baseline points="991,5166 1081,5166 1170,5166 1260,5166 1349,5166 1439,5166 1499,5172 1534,5172 1624,5166 1714,5166 1803,5166 1893,5166 1982,5166 2072,5172 2162,5172 2168,5172"/>
                <TextEquiv>
                    <Unicode>reits erledigt sind. Wir brauchen also die</Unicode>
                </TextEquiv>
            </TextLine>
            <TextLine id="tr_1_tl_206" custom="readingOrder {index:205;}">
                <Coords points="3916,5229 4969,5219 5088,5192 5088,5129 3918,5163"/>
                <Baseline points="3929,5219 4019,5214 4109,5208 4198,5208 4288,5208 4377,5202 4467,5202 4557,5202 4646,5196 4736,5196 4825,5190 4915,5190 5004,5190 5094,5184"/>
                <TextEquiv>
                    <Unicode>Operettenfängerin, bessere Choristin eigent¬</Unicode>
                </TextEquiv>
            </TextLine>
            <TextLine id="tr_1_tl_207" custom="readingOrder {index:206;}">
                <Coords points="1473,5253 1758,5246 1787,5270 1859,5241 2015,5268 2151,5251 2151,5175 1898,5197 1874,5175 1828,5195 1473,5173"/>
                <Baseline points="1487,5231 1576,5231 1666,5237 1755,5237 1845,5237 1935,5231 2024,5237 2114,5237 2156,5231"/>
                <TextEquiv>
                    <Unicode>schäftigem Kopfzerbrechen zu</Unicode>
                </TextEquiv>
            </TextLine>
            <TextLine id="tr_1_tl_208" custom="readingOrder {index:207;}">
                <Coords points="3923,5282 4102,5311 5020,5285 5081,5270 5083,5205 3925,5224"/>
                <Baseline points="3935,5279 4013,5285 4103,5279 4192,5279 4282,5273 4371,5273 4461,5267 4551,5267 4640,5267 4730,5267 4819,5261 4909,5261 4998,5261 5088,5255"/>
                <TextEquiv>
                    <Unicode>lich. Das ist die Hauptwurzen. Der Tugut</Unicode>
                </TextEquiv>
            </TextLine>
            <TextLine id="tr_1_tl_209" custom="readingOrder {index:208;}">
                <Coords points="1563,5324 1636,5311 1745,5328 1777,5307 1811,5333 1976,5319 2042,5348 2059,5328 2117,5345 2163,5321 2163,5246 2015,5265 1891,5241 1811,5243 1789,5265 1758,5246 1563,5248"/>
                <Baseline points="1576,5297 1666,5297 1755,5297 1845,5309 1935,5303 2024,5309 2114,5309 2168,5297"/>
                <TextEquiv>
                    <Unicode>diger, als ich schon mit</Unicode>
                </TextEquiv>
            </TextLine>
            <TextLine id="tr_1_tl_210" custom="readingOrder {index:209;}">
                <Coords points="3920,5379 5100,5345 5100,5285 4913,5260 4685,5297 3923,5285"/>
                <Baseline points="3935,5357 3941,5357 4031,5351 4121,5351 4210,5345 4300,5345 4389,5345 4479,5339 4568,5339 4658,5339 4748,5333 4837,5333 4927,5333 5016,5327 5106,5327"/>
                <TextEquiv>
                    <Unicode>hat ihm vor vierzehn Tagen nicht weniger</Unicode>
                </TextEquiv>
            </TextLine>
            <TextLine id="tr_1_tl_211" custom="readingOrder {index:210;}">
                <Coords points="1600,5382 1724,5394 1745,5377 1787,5394 1862,5391 1884,5406 1964,5370 1986,5382 2042,5370 2042,5343 1976,5316 1932,5333 1879,5316 1811,5333 1779,5309 1745,5328 1733,5316 1602,5316"/>
                <Baseline points="1612,5375 1690,5375 1779,5369 1869,5369 1958,5369 2048,5369"/>
                <TextEquiv>
                    <Unicode>schlag komme.“.</Unicode>
                </TextEquiv>
            </TextLine>
            <TextLine id="tr_1_tl_212" custom="readingOrder {index:211;}">
                <Coords points="3928,5442 5022,5423 5093,5416 5095,5348 3930,5379"/>
                <Baseline points="3941,5429 4025,5423 4115,5417 4204,5417 4294,5411 4383,5411 4473,5411 4562,5405 4652,5399 4742,5405 4831,5399 4921,5399 5010,5399 5100,5399"/>
                <TextEquiv>
                    <Unicode>als dreitausend Gulden auf einem Sitz ab¬</Unicode>
                </TextEquiv>
            </TextLine>
            <TextLine id="tr_1_tl_213" custom="readingOrder {index:212;}">
                <Coords points="1614,5462 1656,5452 1702,5469 1784,5445 1944,5464 1964,5452 1991,5474 2044,5455 2076,5462 2073,5379 1925,5382 1889,5404 1816,5384 1801,5399 1758,5379 1660,5401 1612,5387"/>
                <Baseline points="1624,5440 1714,5440 1803,5440 1893,5440 1982,5440 2072,5452 2078,5452"/>
                <TextEquiv>
                    <Unicode>spannt ins Auge.</Unicode>
                </TextEquiv>
            </TextLine>
            <TextLine id="tr_1_tl_214" custom="readingOrder {index:213;}">
                <Coords points="3940,5513 5020,5489 5090,5481 5093,5416 3942,5433"/>
                <Baseline points="3953,5500 4025,5488 4115,5488 4204,5488 4294,5482 4383,5476 4473,5476 4562,5476 4652,5470 4742,5470 4831,5464 4921,5470 5010,5464 5100,5458"/>
                <TextEquiv>
                    <Unicode>genommen. Bis sechs Uhr früh haben wir</Unicode>
                </TextEquiv>
            </TextLine>
            <TextLine id="tr_1_tl_215" custom="readingOrder {index:214;}">
                <Coords points="1600,5520 1692,5540 1770,5513 1891,5542 1930,5518 1952,5535 1988,5520 2003,5535 2102,5523 2163,5540 2163,5476 2114,5450 2010,5474 1966,5452 1886,5462 1789,5445 1692,5474 1600,5464"/>
                <Baseline points="1612,5512 1702,5512 1791,5512 1881,5512 1970,5512 2060,5518 2150,5518 2168,5518"/>
                <TextEquiv>
                    <Unicode>vor, Willi, du be¬</Unicode>
                </TextEquiv>
            </TextLine>
            <TextLine id="tr_1_tl_216" custom="readingOrder {index:215;}">
                <Coords points="3933,5578 4957,5571 5105,5547 5105,5472 3935,5515"/>
                <Baseline points="3947,5566 4037,5560 4127,5554 4216,5554 4306,5554 4395,5554 4485,5548 4574,5542 4664,5542 4754,5542 4843,5542 4933,5536 5022,5536 5112,5530"/>
                <TextEquiv>
                    <Unicode>gespielt auf der offenen Veranda, die Vögel</Unicode>
                </TextEquiv>
            </TextLine>
            <TextLine id="tr_1_tl_217" custom="readingOrder {index:216;}">
                <Coords points="1551,5608 1685,5583 1760,5610 1796,5588 1901,5612 1944,5586 1995,5615 2051,5600 2151,5625 2151,5527 2083,5542 1930,5518 1896,5544 1765,5515 1699,5540 1614,5513 1551,5535"/>
                <Baseline points="1564,5584 1654,5584 1743,5578 1833,5578 1923,5584 2012,5584 2102,5590 2156,5584"/>
                <TextEquiv>
                    <Unicode>einer solchen Schwu¬</Unicode>
                </TextEquiv>
            </TextLine>
            <TextLine id="tr_1_tl_218" custom="readingOrder {index:217;}">
                <Coords points="3940,5649 5049,5629 5052,5549 3942,5581"/>
                <Baseline points="3953,5638 3983,5632 4073,5626 4162,5626 4252,5626 4342,5620 4431,5614 4521,5614 4610,5614 4700,5608 4789,5608 4879,5608 4969,5608 5058,5614"/>
                <TextEquiv>
                    <Unicode>haben dazu gesungen, die Hundertzwanzig</Unicode>
                </TextEquiv>
            </TextLine>
            <TextLine id="tr_1_tl_219" custom="readingOrder {index:218;}">
                <Coords points="1556,5666 1629,5678 1677,5651 1716,5668 1799,5659 1840,5673 1842,5600 1813,5588 1782,5593 1767,5608 1731,5586 1675,5603 1624,5588 1580,5600 1558,5595"/>
                <Baseline points="1570,5649 1576,5649 1666,5649 1755,5649 1845,5644"/>
                <TextEquiv>
                    <Unicode>du tun?“</Unicode>
                </TextEquiv>
            </TextLine>
            <TextLine id="tr_1_tl_220" custom="readingOrder {index:219;}">
                <Coords points="3923,5724 4879,5709 5090,5683 5093,5625 3925,5646"/>
                <Baseline points="3935,5703 4025,5703 4115,5697 4204,5691 4294,5691 4383,5691 4473,5685 4562,5685 4652,5679 4742,5679 4831,5673 4921,5673 5010,5673 5100,5667"/>
                <TextEquiv>
                    <Unicode>die ich heut' noch hab', verdank' ich übri¬</Unicode>
                </TextEquiv>
            </TextLine>
            <TextLine id="tr_1_tl_221" custom="readingOrder {index:220;}">
                <Coords points="1566,5753 1641,5787 1714,5748 1787,5751 1801,5734 2151,5748 2148,5656 2083,5663 1932,5622 1835,5680 1799,5656 1563,5675"/>
                <Baseline points="1576,5721 1666,5715 1755,5721 1845,5721 1935,5727 2024,5727 2114,5727 2156,5733"/>
                <TextEquiv>
                    <Unicode>recht," bemerkte Wil¬</Unicode>
                </TextEquiv>
            </TextLine>
            <TextLine id="tr_1_tl_222" custom="readingOrder {index:221;}">
                <Coords points="3945,5790 4532,5756 4918,5777 5093,5748 5093,5683 3947,5731"/>
                <Baseline points="3959,5781 4025,5769 4115,5763 4204,5763 4294,5757 4383,5757 4473,5757 4562,5751 4652,5745 4742,5751 4831,5751 4921,5745 5010,5745 5100,5745"/>
                <TextEquiv>
                    <Unicode>gens auch nur meiner Ausdauer, sonst wär'</Unicode>
                </TextEquiv>
            </TextLine>
            <TextLine id="tr_1_tl_223" custom="readingOrder {index:222;}">
                <Coords points="3940,5855 4947,5848 5103,5826 5105,5758 3940,5787"/>
                <Baseline points="3953,5841 4031,5841 4121,5835 4210,5835 4300,5829 4389,5823 4479,5823 4568,5823 4658,5817 4748,5817 4837,5817 4927,5817 5016,5811 5106,5817"/>
                <TextEquiv>
                    <Unicode>ich ganz klank. Also, weißt du was, Otto,</Unicode>
                </TextEquiv>
            </TextLine>
            <TextLine id="tr_1_tl_224" custom="readingOrder {index:223;}">
                <Coords points="1801,5870 1869,5870 1923,5896 2017,5867 2090,5894 2163,5879 2163,5821 2131,5821 2109,5802 2015,5807 1991,5787 1969,5794 1937,5777 1869,5799 1842,5773 1801,5790"/>
                <Baseline points="1815,5865 1905,5865 1994,5859 2084,5865 2168,5870"/>
                <TextEquiv>
                    <Unicode>eine fremde</Unicode>
                </TextEquiv>
            </TextLine>
            <TextLine id="tr_1_tl_225" custom="readingOrder {index:224;}">
                <Coords points="3945,5928 5047,5904 5081,5824 3947,5858"/>
                <Baseline points="3959,5918 4013,5912 4103,5906 4192,5900 4282,5894 4371,5894 4461,5894 4551,5888 4640,5888 4730,5888 4819,5888 4909,5888 4998,5882 5088,5888"/>
                <TextEquiv>
                    <Unicode>hundert von den hundertzwanzig werden.</Unicode>
                </TextEquiv>
            </TextLine>
            <TextLine id="tr_1_tl_226" custom="readingOrder {index:225;}">
                <Coords points="1842,5943 1867,5955 1913,5938 2003,5974 2073,5945 2143,5962 2146,5882 2076,5894 2034,5875 2015,5889 1998,5875 1966,5875 1913,5904 1884,5892 1867,5906 1845,5904"/>
                <Baseline points="1857,5930 1947,5936 2036,5930 2126,5930 2150,5930"/>
                <TextEquiv>
                    <Unicode>— so was</Unicode>
                </TextEquiv>
            </TextLine>
            <TextLine id="tr_1_tl_227" custom="readingOrder {index:226;}">
                <Coords points="3945,5998 4957,5981 5083,5967 5086,5896 3945,5928"/>
                <Baseline points="3959,5978 4013,5978 4103,5978 4192,5966 4282,5966 4371,5966 4461,5966 4551,5960 4640,5960 4730,5960 4819,5954 4909,5954 4998,5954 5088,5960"/>
                <TextEquiv>
                    <Unicode>ich heute für dich riskieren. Ich weiß, die</Unicode>
                </TextEquiv>
            </TextLine>
            <TextLine id="tr_1_tl_228" custom="readingOrder {index:227;}">
                <Coords points="1789,6020 1988,6008 2044,6027 2175,6025 2173,5962 2139,5969 2076,5943 2034,5969 1983,5977 1913,5935 1864,5952 1787,5945"/>
                <Baseline points="1803,6002 1893,5996 1982,6002 2072,5996 2162,6008 2179,6008"/>
                <TextEquiv>
                    <Unicode>assieren. Ja.</Unicode>
                </TextEquiv>
            </TextLine>
            <TextLine id="tr_1_tl_229" custom="readingOrder {index:228;}">
                <Coords points="3969,6066 5095,6044 5098,5972 3969,5998"/>
                <Baseline points="3983,6044 4025,6044 4115,6044 4204,6044 4294,6038 4383,6032 4473,6038 4562,6032 4652,6026 4742,6026 4831,6026 4921,6026 5010,6020 5100,6020"/>
                <TextEquiv>
                    <Unicode>Chance ist nicht überwältigend, aber der</Unicode>
                </TextEquiv>
            </TextLine>
            <TextLine id="tr_1_tl_230" custom="readingOrder {index:229;}">
                <Coords points="1799,6095 1828,6081 1838,6091 1869,6083 1901,6103 1971,6081 2015,6103 2066,6108 2085,6091 2102,6105 2163,6086 2163,6025 2080,6030 2037,6013 2010,6027 1974,6018 1944,6035 1855,6013 1796,6030"/>
                <Baseline points="1809,6068 1899,6068 1988,6068 2078,6074 2168,6074"/>
                <TextEquiv>
                    <Unicode>nal aus einem</Unicode>
                </TextEquiv>
            </TextLine>
            <TextLine id="tr_1_tl_231" custom="readingOrder {index:230;}">
                <Coords points="3945,6125 4935,6122 5003,6105 5006,6042 3945,6057"/>
                <Baseline points="3959,6121 4025,6115 4115,6115 4204,6109 4294,6109 4383,6103 4473,6103 4562,6097 4652,6097 4742,6097 4831,6091 4921,6091 5010,6091"/>
                <TextEquiv>
                    <Unicode>Tugut hat sich neulich gar nur mit fünf</Unicode>
                </TextEquiv>
            </TextLine>
            <TextLine id="tr_1_tl_232" custom="readingOrder {index:231;}">
                <Coords points="1913,6180 1940,6176 1959,6161 2000,6163 2034,6151 2090,6176 2126,6161 2163,6161 2163,6100 2136,6091 2102,6105 2085,6098 2061,6105 2039,6095 2017,6110 1981,6083 1910,6091"/>
                <Baseline points="1923,6139 2012,6145 2102,6145 2168,6145"/>
                <TextEquiv>
                    <Unicode>eine ge=</Unicode>
                </TextEquiv>
            </TextLine>
            <TextLine id="tr_1_tl_233" custom="readingOrder {index:232;}">
                <Coords points="3964,6207 5052,6178 5054,6117 3967,6137"/>
                <Baseline points="3977,6193 3983,6187 4073,6187 4162,6187 4252,6175 4342,6175 4431,6169 4521,6169 4610,6169 4700,6169 4789,6169 4879,6163 4969,6163 5058,6175"/>
                <TextEquiv>
                    <Unicode>hingesetzt und mit dreitausend ist er aufge=</Unicode>
                </TextEquiv>
            </TextLine>
            <TextLine id="tr_1_tl_234" custom="readingOrder {index:233;}">
                <Coords points="1777,6231 1872,6265 1896,6251 1915,6263 2008,6258 2076,6229 2175,6224 2177,6161 2071,6173 2039,6151 1927,6178 1881,6149 1825,6163 1804,6146 1779,6149"/>
                <Baseline points="1791,6217 1821,6217 1911,6223 2000,6211 2090,6217 2179,6211"/>
                <TextEquiv>
                    <Unicode>tigtest, an wen</Unicode>
                </TextEquiv>
            </TextLine>
            <TextLine id="tr_1_tl_235" custom="readingOrder {index:234;}">
                <Coords points="3976,6270 4797,6256 4799,6183 3976,6200"/>
                <Baseline points="3989,6253 3995,6259 4085,6253 4174,6247 4264,6247 4353,6241 4443,6241 4533,6241 4622,6235 4712,6241 4801,6235"/>
                <TextEquiv>
                    <Unicode>handen. Und dann kommt noch</Unicode>
                </TextEquiv>
            </TextLine>
            <TextLine id="tr_1_tl_236" custom="readingOrder {index:235;}">
                <Coords points="3945,6345 4700,6326 4702,6246 3945,6282"/>
                <Baseline points="3959,6330 3989,6324 4079,6318 4168,6318 4258,6318 4347,6312 4437,6312 4527,6312 4616,6312 4706,6306"/>
                <TextEquiv>
                    <Unicode>zu: daß ich seit ein paar</Unicode>
                </TextEquiv>
            </TextLine>
            <TextLine id="tr_1_tl_237" custom="readingOrder {index:236;}">
                <Coords points="1821,6362 2000,6360 2027,6382 2044,6367 2143,6382 2136,6224 2088,6244 2066,6270 2034,6268 2012,6292 1964,6278 1901,6299 1855,6280 1818,6282"/>
                <Baseline points="1833,6342 1923,6348 2012,6348 2102,6354 2150,6366"/>
                <TextEquiv>
                    <Unicode>der hab’ ich</Unicode>
                </TextEquiv>
            </TextLine>
            <TextLine id="tr_1_tl_238" custom="readingOrder {index:237;}">
                <Coords points="3952,6404 4690,6404 4753,6392 4755,6321 3954,6343"/>
                <Baseline points="3965,6402 4043,6396 4132,6390 4222,6390 4312,6384 4401,6378 4491,6384 4580,6378 4670,6378 4760,6378"/>
                <TextEquiv>
                    <Unicode>das geringste Glück in der Liebe</Unicode>
                </TextEquiv>
            </TextLine>
            <TextLine id="tr_1_tl_239" custom="readingOrder {index:238;}">
                <Coords points="1850,6430 1881,6440 1903,6430 1954,6440 2010,6426 2068,6447 2117,6443 2114,6362 2093,6362 2078,6375 2056,6367 2020,6375 1983,6358 1952,6370 1927,6355 1903,6367 1850,6358"/>
                <Baseline points="1863,6420 1953,6426 2042,6426 2120,6426"/>
                <TextEquiv>
                    <Unicode>hoffe</Unicode>
                </TextEquiv>
            </TextLine>
            <TextLine id="tr_1_tl_240" custom="readingOrder {index:239;}">
                <Coords points="3964,6481 4010,6472 4059,6496 4316,6464 4384,6489 4435,6460 4627,6477 4649,6474 4651,6394 3967,6416"/>
                <Baseline points="3977,6468 4031,6468 4121,6462 4210,6462 4300,6456 4389,6450 4479,6450 4568,6456 4658,6450"/>
                <TextEquiv>
                    <Unicode>vielleicht ist auf ein Sprit</Unicode>
                </TextEquiv>
            </TextLine>
            <TextLine id="tr_1_tl_241" custom="readingOrder {index:240;}">
                <Coords points="1784,6494 1801,6489 1823,6508 1855,6498 1893,6515 1910,6501 2029,6513 2042,6496 2100,6520 2119,6503 2148,6511 2143,6433 2122,6426 2095,6452 2008,6423 1988,6438 1920,6433 1898,6447 1867,6430 1782,6438"/>
                <Baseline points="1797,6480 1887,6486 1976,6492 2066,6498 2150,6498"/>
                <TextEquiv>
                    <Unicode>Schulden ge¬</Unicode>
                </TextEquiv>
            </TextLine>
            <TextLine id="tr_1_tl_242" custom="readingOrder {index:241;}">
                <Coords points="4001,6559 4066,6537 4110,6564 4158,6540 4236,6557 4321,6528 4425,6554 4474,6535 4581,6557 4583,6472 4406,6462 4353,6479 4311,6464 4139,6491 4003,6469"/>
                <Baseline points="4013,6545 4049,6539 4138,6527 4228,6527 4318,6521 4407,6521 4497,6521 4586,6521"/>
                <TextEquiv>
                    <Unicode>daß als auf die Mensch</Unicode>
                </TextEquiv>
            </TextLine>
            <TextLine id="tr_1_tl_243" custom="readingOrder {index:242;}">
                <Coords points="1821,6566 2163,6579 2160,6508 2114,6503 2090,6520 2049,6498 2000,6515 1949,6501 1896,6518 1855,6498 1818,6506"/>
                <Baseline points="1833,6563 1923,6557 2012,6557 2102,6563 2168,6563"/>
                <TextEquiv>
                    <Unicode>im vorigen</Unicode>
                </TextEquiv>
            </TextLine>
            <TextLine id="tr_1_tl_244" custom="readingOrder {index:243;}">
                <Coords points="4083,6620 4115,6615 4134,6634 4149,6632 4163,6620 4190,6632 4221,6608 4238,6625 4251,6625 4253,6554 4224,6547 4207,6547 4200,6554 4168,6540 4141,6554 4134,6549 4115,6564 4085,6554"/>
                <Baseline points="4097,6605 4168,6605 4258,6599"/>
                <TextEquiv>
                    <Unicode>sogner</Unicode>
                </TextEquiv>
            </TextLine>
            <TextLine id="tr_1_tl_245" custom="readingOrder {index:244;}">
                <Coords points="1816,6676 1876,6654 1935,6693 2008,6646 2027,6663 2093,6659 2114,6676 2146,6678 2141,6569 2056,6581 1932,6562 1906,6574 1893,6564 1847,6574 1811,6566"/>
                <Baseline points="1827,6629 1917,6629 2006,6629 2096,6641 2150,6635"/>
                <TextEquiv>
                    <Unicode>mit fünfzig</Unicode>
                </TextEquiv>
            </TextLine>
        </TextRegion>
    </Page>
</PcGts>
