6000 6984
3659 177 3904 391 G.C.F.P.
4296 483 4377 592 P.
779 684 1004 831 Nr. 49
3526 803 4857 939 Drachen, auf meinem leider auch schon. Also
762 820 2124 953 kannte sie gut. Vor vielen Jahren hatte er sie
3526 919 4769 1011 auf in den Kampf, meine Herren Toreros.“
779 936 2124 1028 seine Mutter in Temesvar mit irgendeiner ent¬
3615 970 4854 1069 Die anderen erhoben sich. „Ich bin wo einge¬
779 1008 2110 1096 fernten Verwandten vierhändig spielen hören.
3533 1048 4844 1133 laden," bemerkte Willi, während er sich mit ge
762 1082 2107 1167 Er selbst hatte es nie soweit gebracht, der Mutter
3540 1120 4857 1225 spielter Gleichgültigkeit eine Zigrette anzündete.
773 1137 2114 1229 als Partner im Bierhändigspiel zu dienen, und
3533 1191 4806 1270 „Ich werde nur eine Viertelstunde kibitzen.“
446 1157 2117 1310 Tacht als sie vor zwölf Jahren gestorben war, hatte
3628 1246 4888 1341 „Ha,“ lachte Wimmer, „der Weg zur Hölle ist
769 1280 2127 1362 es auch keine Klavierlektionen mehr gegeben wie
3540 1331 4878 1406 mit guten Vorsätzen gepflastert.“ — „Und der
773 1338 2117 1430 früher manchmal, wenn er zu den Feiertagen
3530 1385 4861 1487 zum Himmel mit schlechten,“ bemerkte der Sekre¬
759 1423 2121 1504 von der Kadettenschule nach Hause gekommen
3533 1453 4881 1586 tär Weiß. — „Gut gegeben,“ sagte Wimmer und
779 1484 2121 1603 war. Leise und etwas rührend klangen die Töne
3519 1532 4336 1634 klopfte ihm auf die Schulter.
779 1545 1739 1671 durch die zitternde Frühlingsluft.
3635 1576 4895 1695 Sie traten ins Innere des Kaffeehauses. Willi
875 1573 2117 1695 Auf einer kleinen Brücke überschritt er den
3543 1671 4884 1773 warf noch einen Blick zurück ins Freie, über die
779 1688 2110 1773 trüben Schwechatbach und nach wenigen Schritten
3543 1733 4884 1821 Villendächer, zu den Hügeln hin. Und er schwor
773 1753 2131 1848 schon stand er vor der geräumigen, sonntäglich
3557 1801 4891 1940 sich zu, in spätestens einer halben Stunde bei
786 1835 2138 1920 überfüllten Terrasse des Café Schopf. Nach der
477 1807 654 1974 the
3564 1875 4394 1974 Keßners im Garten zu sitzen.
790 1892 2134 1981 Straße, an einem kleinen Tischchen saß Leutnant
3639 1937 4905 2018 Mit den anderen trat er in einen dämmerigen
793 1974 2127 2046 Greising, der Patent, fahl und hämisch, mit ihm
3564 1998 4888 2083 Winkel des Lokals, wo von Frühlingsluft und
793 2032 2110 2124 der dicke Theatersekretär Weiß in kanariengelbem
3557 2076 4891 2161 =licht nichts mehr zu merken war. Den Sessel
786 2100 2148 2185 etwas zerknittertem Flanellanzug, wie immer mit
3564 2144 4891 2243 hatte er weit zurückgeschoben, womit er deutlich
793 2161 2127 2250 einer Blume im Knopfloch. Nicht ohne Mühe
3574 2223 4901 2304 zu erkennen gab, daß er keineswegs gesonnen sei,
786 2246 2144 2332 drängte sich Willi zwischen den Tischen und
2202 2260 4888 2379 park eingeleitet und noch in derselben Nacht zum sich am Spiel zu beteiligen. Der Konsul, ein
793 2298 2127 2400 Stühlen zu ihnen durch. „Wir sind ja spärlich
3574 2342 4905 2437 hagerer Herr von unbestimmtem Alter, mit
2195 2362 3519 2478 erwünschten Abschluß gebracht habe. Willi trank
786 2386 2144 2471 gesät heute,“ sagte er, ihnen die Hand reichend.
3567 2417 4908 2502 englisch gestutztem Schnurrbart, rötlichem, schon
786 2430 3516 2536 Und es war ihm eine Erleichterung, zu denken, langsam und stumm seine Limonade, und
2195 2485 4898 2580 Greising, der merkte, was jenem durch den Sinn etwas angegräutem, dünnem Haupthaar, elegant
793 2512 2131 2614 daß die Spielpartie vielleicht nicht zusammen¬
3567 2556 4898 2645 in Hellgrau gekleidet, gustierte eben mit der ihm
2202 2570 3513 2655 gehen mochte, sagte, wie zur Antwort, mit einem
786 2583 2141 2679 kommen würde. Greising aber klärte ihn auf,
3567 2621 4898 2720 eigenen Gründlichkeit eine Karte, die ihm Doktor
786 2641 2978 2733 daß sie beide, er und der Theatersekretär, nur kurzen Auflachen: „Das ist
2988 2635 3513 2754 der Lauf der Welt,
3574 2692 4908 2784 Flegmann, der Bankhalter, zugeteilt hatte. Er
2212 2713 3247 2815 müssen halt andere auch dran glauben.
786 2713 2144 2801 darum hier im Freien säßen, um sich für die
3584 2743 4905 2873 gewann und Doktor Flegmann nahm neue Bank¬
800 2801 2127 2883 „Arbeit“ zu stärken. Die anderen seien schon
2274 2743 3519 2869 Der Oberleutnant Wimmer vom train, der
3588 2832 4401 2941 noten aus seiner Brieftasche.
783 2852 2127 2958 drin, am Kartentisch; auch der Herr Konsu
2192 2822 3513 2941 von Ungebildeten oft für einen Kavalleristen ge¬
3669 2842 4929 3019 „Zuckt nicht mit der Wimper,“ bemerkte
2212 2920 3513 3009 halten wurde, stand plötzlich hinter ihnen: „Was
803 2927 2141 3036 Schnabel, der übrigens wie gewöhnlich im Fiaker
3581 2971 4728 3070 Wimmer mit ironischer Hochachtung.
2195 2995 3506 3084 glaubt ihr denn eigentlich, meine Herren, sollen
796 2999 1668 3080 aus Wien herausgefahren sei.
3659 3002 4908 3128 „Wimperzucken ändert nichts an gegebenen
858 3060 3513 3159 Willi bestellte eine kalte Limonade; Greising wir allein uns mit dem Konsul abplagen?“ Und
2195 3104 4908 3213 er reichte Willi, der nach seiner Art, obwohl außer Tatsachen,“ erwiderte Flegmann kühl mit halb¬
800 3138 2158 3217 fragte ihn, wo er sich denn so sehr erhitzt habe,
3598 3183 4925 3264 geschlossenen Augen. Der Regimentsarzt Tugut,
2212 3200 3519 3298 Dienst, dem ranghöheren Kameraden stramm
800 3206 2161 3288 daß er schon eines kühlenden Getränkes bedürfe,
3581 3251 4929 3329 Abteilungschef im Badener Garnisonsspital,
800 3281 2158 3370 und bemerkte ohne weiteren Uebergang, daß die
2212 3268 2910 3370 salutiert hatte, die Hand.
3598 3315 4925 3431 legte eine Bank mit zweihundert Gulden auf.
2287 3298 3519 3448 „Wie steht's denn drin?“ fragte Greising miß¬
793 3356 2141 3438 Badener Mädel überhaupt hübsch und tempera¬
3683 3390 4922 3462 Das ist heute wirklich nichts für mich,
810 3404 2158 3496 mentvoll seien. Hierauf berichtete er in nicht
2212 3400 2849 3523 trauisch und unwirsch.
3588 3431 4949 3560 dachte Willi und schob seinen Sessel noch weiter
2304 3448 3526 3564 „Langsam, langsam," erwiderte Wimmer.
803 3472 2144 3571 sonderlich gewählten Ausdrücken von einem
2219 3536 3799 3676 „Der Konsul sitzt auf seinem Geld wie ein zurück.
800 3550 2155 3683 kleinen Abenteuer, das er gestern abend im Kur¬
4697 3656 4905 3788 Nr. 49
2400 3659 3332 3829 Berliner Illustrirte Zeitung
786 3693 977 3819 1646
3645 3778 4956 3908 kleinen Freistaats in Südamerika und „Groß¬
2243 3809 3567 3918 warf Doktor Flegmann auch ihn eine Karte hin
919 3792 2175 3928 Der Schauspieler Elrief, ein junger Mensch
3645 3904 4986 3969 kaufmann". Der Sekretär Weiß war es, der ihn
2243 3911 3567 3982 die er nicht zurückwies Er gewann wieder, ver
858 3914 2175 4003 aus gutem Hause, berühmter um seiner Be¬
3741 3955 4963 4054 die Offiziersgesellschaft eingeführt hatte, und
1484 3972 3560 4064 ines Talents willen, ließ lor, gewann, rückte seinen Sessel nahe an der
2243 4040 4282 4122 Tisch zwischen die andern, die ihm bereitwilligst des Sekretärs Beziehung
1423 4044 2192 4146 sehen. Er setzte kleine Be¬
3642 4074 4544 4173 her, daß der Konsul ihn für d
2250 4098 3594 4207 Platz machten; und gemann — verlor — gewann
1014 4129 2195 4217 und schüttelte ratlos den Kopf, wenn er
2274 4149 4929 4251 — verlor, als könnte sich das Schicksal nicht recht einer kleinen Schauspielerin zu interessieren
848 4193 2192 4272 verlor. Tugut hatte bald seine Bank verdoppelt.
2243 4214 4976 4319 entscheiden. Der Sekretär mußte ins Theater wußt hatte, die sofort nach Antritt ihrer be¬
851 4258 2195 4357 Sekretär Weiß machte bei Elrief eine Anleihe,
3659 4261 4976 4374 scheidenen Stellung in ein näheres Verhältnis zu
2257 4309 3591 4387 und vergaß, Herrn Elrief den entliehenen Be¬
848 4333 2189 4428 und Doktor Flegmann nahm neuerdings Geld
3652 4340 4969 4449 Herrn Elrief getreten war. Gern hätte man sich
2257 4367 3591 4462 trag zurückzugeben, obwohl er längst einen weit
848 4394 2189 4490 aus der Brieftasche. tugut wollte sich zurück¬
3639 4418 4969 4500 nach guter alter Sitte über den betrogenen Lieb¬
2253 4428 3584 4551 höheren zurückgewonnen hatte. Willi war ein
858 4476 2199 4575 ziehen, als der Konsul, ohne nachzuzählen, sagte:
3659 4469 4976 4585 haber lustig gemacht, aber als dieser kürzlich,
2257 4496 3591 4588 wenig im Gewinn, aber zu den tausend Gulden
848 4530 2209 4629 „Hopp, die Bank.“ Er verlor, und mit einem
3652 4558 4976 4650 während er Karten austeilte, an Elrief, der eben
2253 4571 3581 4701 fehlten immerhin noch etwa neunhundertund¬
858 4598 2185 4711 Griff in die Westentasche beglich er seine Schuld
3659 4615 4986 4707 an der Reihe war, ohne aufzublicken, die Zigarre
463 4622 2189 4782 Coppliche die dreihundert Gulden betrug. „Noch einmal
2257 4663 2495 4769 fünfzig.
3652 4680 4980 4789 zwischen den Zähnen, die Frage gerichtet hatte:
2355 4663 3598 4806 „Es tut sich nichts," stelle Greising un¬
858 4745 2206 4833 hopp," sagte er. Der Regimentsarzt lehnte ab
3669 4758 4990 4854 „Na, wie geht's denn unserer gemeinsamen
2260 4779 3584 4884 zufrieden fest. Nun übernahm der Konsul wie¬
848 4803 2199 4912 Doktor Flegmann übernahm die Bank und teilte
3659 4813 4963 4932 kleinen Freundin?“ war es klar, daß man diesen
871 4864 3584 4966 aus. Willi nahm keine Karte an, nur zum der die Bank, und alle spürten in diesem Augen¬
3649 4881 4969 4986 Mann gegenüber mit Spott und Späßen in keinen
871 4935 3387 5034 Spaß, auf Elriefs dringendes Zureden, „um ihm blick, daß es endlich ernst werden würde.
3666 4949 4986 5061 Weise auf die Kosten kommen würde. Dieser Ein¬
2345 4942 3605 5109 Man wußte vom Konsul Schnabel nicht viel
865 5014 2212 5106 Glück zu bringen“, setzte er auf dessen Blatt einen
3669 5034 4973 5174 druck befestigte sich, als er dem Leutnant Greising
2274 5058 3618 5204 mehr, als daß er eben Konsul war, Korsul eines
858 5082 2216 5198 Gulden und gewann. In der nächsten Runde
517 5095 722 5255 -Be
4823 5167 4980 5306 1647
871 5238 1086 5361 Nr. 49
3659 5279 4997 5439 ein, die sollten keineswegs mehr riskiert werden.
858 5347 2216 5494 der einmal spät nachts zwischen zwei Gläsern
3666 5412 4997 5517 Er legte nun selbst eine Bank auf, hatte sie bald
851 5473 2212 5558 Kognak eine anzügliche Bemerkung über Konsuln
3662 5487 4997 5586 verdoppelt, zog sich zurück, und mit kleinen Unter¬
871 5541 2229 5637 unerforschter Landstriche ins Gespräch warf, mit
3669 5552 4997 5647 brechungen blieb ihm das Glück auch gegen die
875 5616 2223 5708 einem stechenden Blick entgegnet hatte: „Warum
3669 5609 5000 5711 übrigen Bankhalter treu, die einander rasch ab¬
871 5684 2216 5766 frozzeln Sie mich, Herr Leutnant? Haben Sie
3669 5681 5014 5790 lösten. Der Betrag von tausend Gulden, den er
905 5759 2199 5854 sich schon erkundigt, ob ich satisfaktionsfähig bin?
3679 5759 5004 5861 — für einen andern — zu gewinnen unter¬
3673 5827 4997 5940 nommen hatte, war um einige hundert über¬
929 5834 2223 5957 Bedenkliche Stille war nach dieser Erwide¬
3676 5895 4990 6008 schritten, und da eben Herr Elrief sich erhob, um
895 5912 2229 5994 rung eingetreten, aber wie nach einem geheimen
3676 5970 4976 6072 sich ins Theater zu begeben, zwecks. Darstellung
871 5987 2223 6076 Uebereinkommen wurden keinerlei weitere Kon¬
3676 6042 5014 6144 einer Rolle, über die er trotz ironisch interessierter
929 6059 2223 6151 sequenzen gezogen, und man entschloß sich, ohne
3679 6100 5014 6222 Frage Greisings nicht weiter verlauten ließ, be¬
895 6137 2219 6229 Verabredung aber einmütig, nur zu einem vor¬
3666 6174 4993 6297 nützte Willi die Gelegenheit, sich anzuschließen.
970 6198 1886 6307 tigen Benehmen ihm gegenüber.
3676 6236 5014 6341 Die andern waren gleich wieder in ihr Spiel
511 6253 793 6406 & new
967 6253 2243 6375 Der Konsul verlor. Man hatte nichts da¬
3673 6311 4990 6430 vertieft; und als Willi an der Tür sich noch ein
967 6368 2236 6447 gen, daß er, entgegen sonstiger Gepflogen¬
5085 6317 5426 6477 das Aug
3683 6368 4806 6488 mal umwandte, sah er, daß ihm nur die
899 6423 2260 6522 heit, sofort eine neue Bank und nach neuerlichem
3683 6454 4738 6566 des Konsuls mit einem kalten, raschen
899 6515 2240 6590 Verlust eine dritte auflegte. Die übrigen Spieler
3679 6525 4483 6665 von den Karten gefolgt war.
1212 6566 2253 6665 Willi vor allen. Er steckte sein An¬
4078 6590 4503 6712 (Fortsetzung fol.
1062 6641 2253 6770 kapital, die hundertundzwanzig Gulden,
