<?xml version="1.0" encoding="UTF-8" standalone="yes"?>
<PcGts xmlns="http://schema.primaresearch.org/PAGE/gts/pagecontent/2013-07-15" xmlns:xsi="http://www.w3.org/2001/XMLSchema-instance" xsi:schemaLocation="http://schema.primaresearch.org/PAGE/gts/pagecontent/2013-07-15 http://schema.primaresearch.org/PAGE/gts/pagecontent/2013-07-15/pagecontent.xsd">
    <Metadata>
        <Creator>prov=READ-COOP:name=TrHtr:version=2.1.0:model_id=51170:date=14_08_2023_21:42</Creator>
        <Created>2023-05-10T14:46:02.547+02:00</Created>
        <LastChange>2023-08-14T21:42:11.289+02:00</LastChange>
        <TranskribusMetadata docId="1428676" pageId="55424956" pageNr="27" tsid="132826888" status="IN_PROGRESS" userId="64420" imgUrl="https://files.transkribus.eu/Get?id=VMQSZJUGAQIPTTFNHXIAFYNR&amp;fileType=view" xmlUrl="https://files.transkribus.eu/Get?id=FWDPAHETJDSGIEXDJKJKTXHM" imageId="44699033"/>
    </Metadata>
    <Page imageFilename="1428676_0027.jpg" imageWidth="7144" imageHeight="4504">
        <ReadingOrder>
            <OrderedGroup id="ro_1711811997963" caption="Regions reading order">
                <RegionRefIndexed index="0" regionRef="tr_2"/>
                <RegionRefIndexed index="1" regionRef="tr_1"/>
            </OrderedGroup>
        </ReadingOrder>
        <TextRegion id="tr_2" custom="readingOrder {index:0;}">
            <Coords points="453,917 3315,917 3315,4113 453,4113"/>
            <TextLine id="tr_2_tl_1" custom="readingOrder {index:0;}">
                <Coords points="966,1043 3069,1023 3136,875 1630,929 969,852"/>
                <Baseline points="985,1021 991,1021 1081,1015 1170,1015 1260,1015 1350,1015 1439,1015 1529,1009 1618,1009 1708,1009 1798,1009 1887,1003 1977,1003 2066,997 2156,997 2246,997 2335,991 2425,991 2514,985 2604,985 2694,985 2783,979 2873,979 2962,973 3052,973 3142,967"/>
                <TextEquiv>
                    <Unicode>stärken;die Andern seien schon fest an der</Unicode>
                </TextEquiv>
            </TextLine>
            <TextLine id="tr_2_tl_2" custom="readingOrder {index:1;}">
                <Coords points="2049,1070 2173,1097 2237,1066 2418,1056 2492,1077 2666,1070 2666,1006 2395,1003 2371,1023 2317,1003 2267,1026 2160,1006 2049,1033"/>
                <Baseline points="2066,1063 2156,1063 2246,1063 2335,1057 2425,1051 2514,1051 2604,1057 2670,1063"/>
                <TextEquiv>
                    <Unicode>aing a the two</Unicode>
                </TextEquiv>
            </TextLine>
            <TextLine id="tr_2_tl_3" custom="readingOrder {index:2;}">
                <Coords points="966,1201 2260,1147 2428,1211 3132,1140 3136,1026 2190,1097 969,1036"/>
                <Baseline points="985,1176 991,1170 1081,1170 1170,1170 1260,1170 1350,1170 1439,1164 1529,1158 1618,1164 1708,1158 1798,1158 1887,1158 1977,1158 2066,1152 2156,1146 2246,1146 2335,1146 2425,1146 2514,1140 2604,1140 2694,1134 2783,1134 2873,1128 2962,1123 3052,1123 3142,1111"/>
                <TextEquiv>
                    <Unicode>Arbeit Dort drüben stehe übrigens der Fia-</Unicode>
                </TextEquiv>
            </TextLine>
            <TextLine id="tr_2_tl_4" custom="readingOrder {index:3;}">
                <Coords points="2968,1217 3012,1227 3069,1207 3132,1234 3179,1221 3270,1268 3310,1258 3300,1087 3173,1154 3126,1137 3082,1157 3052,1144 3012,1157 2965,1134"/>
                <Baseline points="2986,1206 3076,1200 3165,1212 3255,1212 3315,1218"/>
                <TextEquiv>
                    <Unicode>une jeu</Unicode>
                </TextEquiv>
            </TextLine>
            <TextLine id="tr_2_tl_5" custom="readingOrder {index:4;}">
                <Coords points="1821,1238 1892,1248 1922,1231 1942,1248 1975,1221 1995,1234 2026,1217 2056,1227 2126,1221 2153,1214 2156,1164 2123,1160 2089,1184 2049,1164 1999,1197 1965,1167 1955,1174 1928,1157 1881,1177 1858,1160 1824,1170"/>
                <Baseline points="1839,1218 1893,1224 1983,1218 2072,1212 2162,1212"/>
                <TextEquiv>
                    <Unicode>du vif</Unicode>
                </TextEquiv>
            </TextLine>
            <TextLine id="tr_2_tl_6" custom="readingOrder {index:5;}">
                <Coords points="956,1358 2921,1335 3199,1288 3203,1217 956,1244"/>
                <Baseline points="973,1320 1057,1326 1146,1320 1236,1320 1326,1326 1415,1320 1505,1320 1594,1320 1684,1320 1774,1320 1863,1314 1953,1308 2042,1308 2132,1308 2222,1308 2311,1302 2401,1296 2490,1296 2580,1296 2670,1290 2759,1290 2849,1290 2938,1284 3028,1278 3118,1278 3207,1266"/>
                <TextEquiv>
                    <Unicode>kor des Consuls, der Consul war nämlich wie-</Unicode>
                </TextEquiv>
            </TextLine>
            <TextLine id="tr_2_tl_7" custom="readingOrder {index:6;}">
                <Coords points="963,1496 3230,1462 3230,1395 2696,1331 966,1385"/>
                <Baseline points="985,1481 997,1481 1087,1481 1176,1475 1266,1475 1355,1475 1445,1475 1535,1475 1624,1469 1714,1469 1803,1469 1893,1469 1983,1463 2072,1463 2162,1457 2252,1457 2341,1457 2431,1451 2520,1451 2610,1451 2700,1445 2789,1445 2879,1439 2968,1439 3058,1439 3148,1439 3237,1433"/>
                <TextEquiv>
                    <Unicode>der im Wagen von Wien aus herausgefahren.</Unicode>
                </TextEquiv>
            </TextLine>
            <TextLine id="tr_2_tl_8" custom="readingOrder {index:7;}">
                <Coords points="1003,1670 2955,1653 3139,1610 3142,1509 1006,1533"/>
                <Baseline points="1021,1636 1087,1630 1176,1630 1266,1630 1355,1630 1445,1630 1535,1630 1624,1630 1714,1624 1803,1624 1893,1624 1983,1618 2072,1618 2162,1612 2252,1612 2341,1606 2431,1606 2520,1606 2610,1600 2700,1600 2789,1600 2879,1594 2968,1594 3058,1588 3148,1588"/>
                <TextEquiv>
                    <Unicode>Dem Kellner gelang es einen dritten Stuhl</Unicode>
                </TextEquiv>
            </TextLine>
            <TextLine id="tr_2_tl_9" custom="readingOrder {index:8;}">
                <Coords points="959,1794 1476,1845 3015,1764 3015,1690 2864,1650 2150,1697 1771,1640 1640,1731 1502,1663 963,1670"/>
                <Baseline points="979,1792 1051,1786 1140,1786 1230,1786 1320,1780 1409,1780 1499,1780 1588,1780 1678,1774 1768,1780 1857,1774 1947,1774 2036,1768 2126,1762 2216,1768 2305,1768 2395,1762 2484,1756 2574,1756 2664,1756 2753,1756 2843,1750 2932,1750 3022,1750"/>
                <TextEquiv>
                    <Unicode>an den Tisch zu schieben, or brachte dem</Unicode>
                </TextEquiv>
            </TextLine>
            <TextLine id="tr_2_tl_10" custom="readingOrder {index:9;}">
                <Coords points="2431,1838 2519,1831 2633,1851 2663,1841 2683,1861 2706,1848 2747,1858 2743,1777 2720,1774 2690,1801 2666,1791 2629,1801 2576,1788 2529,1754 2488,1781 2475,1771 2428,1774"/>
                <Baseline points="2449,1827 2538,1833 2628,1839 2717,1833 2753,1833"/>
                <TextEquiv>
                    <Unicode>tium</Unicode>
                </TextEquiv>
            </TextLine>
            <TextLine id="tr_2_tl_11" custom="readingOrder {index:10;}">
                <Coords points="1009,1982 3126,1959 3156,1845 2240,1838 2116,1767 1942,1841 1009,1848"/>
                <Baseline points="1027,1941 1099,1941 1188,1935 1278,1935 1367,1935 1457,1935 1547,1935 1636,1929 1726,1929 1815,1929 1905,1923 1995,1923 2084,1923 2174,1923 2263,1917 2353,1917 2443,1911 2532,1911 2622,1911 2711,1911 2801,1911 2891,1905 2980,1899 3070,1899 3159,1881"/>
                <TextEquiv>
                    <Unicode>Leutnant auf Bestellung ein kühlendes Ge-</Unicode>
                </TextEquiv>
            </TextLine>
            <TextLine id="tr_2_tl_12" custom="readingOrder {index:11;}">
                <Coords points="979,2110 3186,2089 3210,1992 1871,2006 1452,1935 983,2016"/>
                <Baseline points="997,2090 1063,2090 1152,2090 1242,2090 1332,2090 1421,2090 1511,2084 1600,2084 1690,2084 1780,2078 1869,2078 1959,2078 2048,2078 2138,2078 2228,2072 2317,2072 2407,2072 2496,2066 2586,2066 2676,2060 2765,2060 2855,2060 2944,2060 3034,2054 3124,2054 3213,2048"/>
                <TextEquiv>
                    <Unicode>tränk. Geising fragte-Willi.</Unicode>
                </TextEquiv>
            </TextLine>
            <TextLine id="tr_2_tl_13" custom="readingOrder {index:12;}">
                <Coords points="1509,2173 1526,2173 1536,2187 1553,2180 1563,2183 1573,2173 1603,2183 1637,2163 1667,2163 1670,2116 1653,2113 1637,2126 1630,2120 1620,2126 1603,2123 1590,2106 1580,2106 1570,2096 1533,2120 1513,2120"/>
                <Baseline points="1529,2168 1588,2162 1678,2156"/>
                <TextEquiv>
                    <Unicode>in</Unicode>
                </TextEquiv>
            </TextLine>
            <TextLine id="tr_2_tl_14" custom="readingOrder {index:13;}">
                <Coords points="513,2193 557,2197 647,2267 724,2250 748,2227 802,2237 885,2217 879,2116 791,2116 610,1979 573,2002 543,1982 503,2002"/>
                <Baseline points="531,2180 621,2192 710,2198 800,2198 890,2204"/>
                <TextEquiv>
                    <Unicode>1 Quaie</Unicode>
                </TextEquiv>
            </TextLine>
            <TextLine id="tr_2_tl_15" custom="readingOrder {index:14;}">
                <Coords points="1033,2287 3052,2227 3055,2113 1036,2153"/>
                <Baseline points="1051,2246 1093,2246 1182,2240 1272,2246 1361,2240 1451,2240 1541,2240 1630,2234 1720,2234 1809,2234 1899,2234 1989,2234 2078,2234 2168,2228 2257,2228 2347,2228 2437,2222 2526,2216 2616,2216 2705,2216 2795,2210 2885,2210 2974,2210 3064,2210"/>
                <TextEquiv>
                    <Unicode>in welcher Gegend er sich schon so sehr</Unicode>
                </TextEquiv>
            </TextLine>
            <TextLine id="tr_2_tl_16" custom="readingOrder {index:15;}">
                <Coords points="2401,2301 3102,2307 3102,2230 2998,2240 2935,2210 2884,2234 2817,2207 2794,2230 2680,2220 2643,2247 2589,2220 2535,2220 2505,2250 2475,2230 2401,2244"/>
                <Baseline points="2419,2293 2508,2293 2598,2287 2688,2287 2777,2287 2867,2287 2956,2293 3046,2293 3106,2293"/>
                <TextEquiv>
                    <Unicode>attentl filia</Unicode>
                </TextEquiv>
            </TextLine>
            <TextLine id="tr_2_tl_17" custom="readingOrder {index:16;}">
                <Coords points="523,2411 614,2438 651,2425 718,2455 818,2401 845,2418 916,2411 919,2230 892,2234 875,2217 748,2227 654,2270 560,2193 527,2200"/>
                <Baseline points="543,2353 567,2347 657,2341 746,2347 836,2341 925,2341"/>
                <TextEquiv>
                    <Unicode>knty</Unicode>
                </TextEquiv>
            </TextLine>
            <TextLine id="tr_2_tl_18" custom="readingOrder {index:17;}">
                <Coords points="1020,2418 2918,2405 3106,2307 1023,2287"/>
                <Baseline points="1039,2395 1051,2395 1140,2395 1230,2395 1320,2395 1409,2389 1499,2389 1588,2389 1678,2383 1768,2383 1857,2383 1947,2383 2036,2377 2126,2377 2216,2377 2305,2371 2395,2371 2484,2371 2574,2371 2664,2371 2753,2365 2843,2359 2932,2359 3022,2353 3112,2341"/>
                <TextEquiv>
                    <Unicode>erhitzt hätte (dass er einer Limonade be-</Unicode>
                </TextEquiv>
            </TextLine>
            <TextLine id="tr_2_tl_19" custom="readingOrder {index:18;}">
                <Coords points="2076,2458 3149,2442 3183,2331 3096,2391 2948,2354 2549,2408 2492,2371 2331,2408 2076,2391"/>
                <Baseline points="2096,2449 2108,2449 2198,2443 2287,2449 2377,2449 2467,2443 2556,2437 2646,2425 2735,2425 2825,2425 2915,2419 3004,2413 3094,2413 3183,2413"/>
                <TextEquiv>
                    <Unicode>L'unterre médite Pouil</Unicode>
                </TextEquiv>
            </TextLine>
            <TextLine id="tr_2_tl_20" custom="readingOrder {index:19;}">
                <Coords points="1392,2468 1476,2472 1506,2499 1596,2458 1650,2485 1700,2458 1828,2452 1932,2475 2009,2458 2009,2391 1955,2415 1892,2391 1841,2425 1771,2388 1737,2418 1704,2391 1647,2431 1506,2401 1392,2405"/>
                <Baseline points="1409,2455 1499,2455 1588,2455 1678,2455 1768,2455 1857,2449 1947,2449 2013,2455"/>
                <TextEquiv>
                    <Unicode>ohne Übrigte</Unicode>
                </TextEquiv>
            </TextLine>
            <TextLine id="tr_2_tl_21" custom="readingOrder {index:20;}">
                <Coords points="523,2542 2277,2609 3163,2539 3220,2448 523,2468"/>
                <Baseline points="543,2520 633,2526 722,2526 812,2532 901,2532 955,2538 973,2544 985,2544 1075,2544 1164,2550 1254,2544 1344,2544 1433,2544 1523,2544 1612,2544 1702,2544 1792,2544 1881,2538 1971,2538 2060,2532 2150,2532 2240,2532 2329,2532 2419,2526 2508,2520 2598,2520 2688,2520 2777,2520 2867,2526 2956,2514 3046,2514 3136,2514 3225,2502"/>
                <TextEquiv>
                    <Unicode>wurde dürfe- und erzählte (gleich) von einem Abenten-</Unicode>
                </TextEquiv>
            </TextLine>
            <TextLine id="tr_2_tl_22" custom="readingOrder {index:21;}">
                <Coords points="500,2639 600,2646 631,2629 671,2646 691,2626 745,2670 778,2636 802,2646 832,2626 976,2629 976,2535 902,2559 815,2529 791,2552 758,2532 644,2562 560,2532 500,2569"/>
                <Baseline points="519,2622 609,2622 698,2622 788,2622 878,2616 967,2616 985,2622"/>
                <TextEquiv>
                    <Unicode>du traut</Unicode>
                </TextEquiv>
            </TextLine>
            <TextLine id="tr_2_tl_23" custom="readingOrder {index:22;}">
                <Coords points="506,2720 2981,2720 3176,2700 3179,2616 2529,2552 2328,2629 510,2636"/>
                <Baseline points="525,2705 573,2705 663,2700 752,2705 842,2700 931,2700 997,2705 1039,2705 1128,2705 1218,2700 1308,2700 1397,2700 1487,2694 1576,2694 1666,2694 1756,2694 1845,2694 1935,2694 2025,2688 2114,2688 2204,2682 2293,2682 2383,2682 2473,2682 2562,2676 2652,2676 2741,2670 2831,2676 2921,2670 3010,2670 3100,2670 3189,2652"/>
                <TextEquiv>
                    <Unicode>er, das er neulich mit einem kleinen Bürger-</Unicode>
                </TextEquiv>
            </TextLine>
            <TextLine id="tr_2_tl_24" custom="readingOrder {index:23;}">
                <Coords points="506,2800 540,2804 597,2774 637,2797 661,2780 711,2827 892,2827 892,2737 869,2730 808,2740 758,2717 688,2733 634,2710 506,2723"/>
                <Baseline points="525,2771 615,2771 704,2777 794,2777 884,2771 901,2777"/>
                <TextEquiv>
                    <Unicode>2 toegren</Unicode>
                </TextEquiv>
            </TextLine>
            <TextLine id="tr_2_tl_25" custom="readingOrder {index:24;}">
                <Coords points="956,2931 1264,2857 1382,2928 1737,2851 2992,2871 3169,2834 3173,2733 959,2743"/>
                <Baseline points="979,2855 1027,2861 1117,2855 1206,2855 1296,2855 1385,2849 1475,2849 1565,2855 1654,2849 1744,2849 1833,2843 1923,2843 2013,2837 2102,2837 2192,2837 2281,2831 2371,2831 2461,2831 2550,2831 2640,2825 2729,2831 2819,2831 2909,2825 2998,2825 3088,2819 3177,2825"/>
                <TextEquiv>
                    <Unicode>mädel hier gehabt habe. Willi trank langsam</Unicode>
                </TextEquiv>
            </TextLine>
            <TextLine id="tr_2_tl_26" custom="readingOrder {index:25;}">
                <Coords points="500,2911 580,2894 617,2908 688,2874 728,2884 751,2874 768,2884 822,2878 822,2827 795,2831 775,2814 745,2831 721,2817 711,2827 664,2784 641,2797 627,2787 543,2841 500,2831"/>
                <Baseline points="519,2879 561,2879 651,2873 740,2873 830,2873"/>
                <TextEquiv>
                    <Unicode>all</Unicode>
                </TextEquiv>
            </TextLine>
            <TextLine id="tr_2_tl_27" custom="readingOrder {index:26;}">
                <Coords points="486,2975 506,2978 543,2958 610,2981 641,2958 667,2965 694,2955 724,2958 728,2898 708,2898 694,2884 684,2894 664,2884 614,2914 597,2898 523,2908 513,2894 493,2894"/>
                <Baseline points="507,2956 555,2956 645,2950 734,2944"/>
                <TextEquiv>
                    <Unicode>uutte</Unicode>
                </TextEquiv>
            </TextLine>
            <TextLine id="tr_2_tl_28" custom="readingOrder {index:27;}">
                <Coords points="973,3032 2213,3002 2317,3069 2985,3025 3082,2998 3082,2908 2344,2861 973,2935"/>
                <Baseline points="991,3010 1027,3010 1117,3010 1206,3010 1296,3010 1385,3004 1475,3004 1565,3004 1654,2998 1744,2998 1833,2998 1923,2998 2013,2998 2102,2992 2192,2992 2281,2992 2371,2992 2461,2986 2550,2986 2640,2986 2729,2986 2819,2986 2909,2980 2998,2980 3088,2974"/>
                <TextEquiv>
                    <Unicode>und stumm so ine Limonade.Geis ing sah ihm</Unicode>
                </TextEquiv>
            </TextLine>
            <TextLine id="tr_2_tl_29" custom="readingOrder {index:28;}">
                <Coords points="483,3032 523,3052 570,3035 590,3052 651,3015 691,3012 708,3025 724,3015 775,3018 781,2951 731,2935 708,2958 654,2961 620,2981 547,2958 503,2985 486,2981"/>
                <Baseline points="501,3028 519,3028 609,3016 698,3004 788,2998"/>
                <TextEquiv>
                    <Unicode>beill¬</Unicode>
                </TextEquiv>
            </TextLine>
            <TextLine id="tr_2_tl_30" custom="readingOrder {index:29;}">
                <Coords points="466,3109 540,3129 624,3109 644,3119 667,3096 684,3112 748,3082 781,3092 788,3025 647,3015 584,3069 537,3069 500,3035 470,3038"/>
                <Baseline points="483,3106 525,3100 615,3094 704,3088 794,3082"/>
                <TextEquiv>
                    <Unicode>my best.</Unicode>
                </TextEquiv>
            </TextLine>
            <TextLine id="tr_2_tl_31" custom="readingOrder {index:30;}">
                <Coords points="979,3196 3142,3156 3142,3015 983,3059"/>
                <Baseline points="997,3171 1087,3165 1176,3165 1266,3165 1355,3159 1445,3159 1535,3159 1624,3153 1714,3153 1803,3153 1893,3153 1983,3148 2072,3148 2162,3142 2252,3142 2341,3142 2431,3142 2520,3142 2610,3142 2700,3142 2789,3136 2879,3136 2968,3136 3058,3130 3148,3118"/>
                <TextEquiv>
                    <Unicode>an, was er denken mochte und mit einem kur-</Unicode>
                </TextEquiv>
            </TextLine>
            <TextLine id="tr_2_tl_32" custom="readingOrder {index:31;}">
                <Coords points="463,3223 664,3189 714,3203 768,3183 785,3196 828,3173 869,3186 879,3082 785,3106 745,3079 647,3146 604,3142 577,3163 537,3132 473,3126"/>
                <Baseline points="483,3195 519,3189 609,3183 698,3165 788,3159 878,3165"/>
                <TextEquiv>
                    <Unicode>Uin seule.</Unicode>
                </TextEquiv>
            </TextLine>
            <TextLine id="tr_2_tl_33" custom="readingOrder {index:32;}">
                <Coords points="486,3280 573,3290 610,3270 634,3287 711,3256 781,3283 805,3280 812,3193 765,3183 704,3199 661,3189 600,3210 570,3199 493,3213"/>
                <Baseline points="507,3273 549,3267 639,3255 728,3255 818,3243"/>
                <TextEquiv>
                    <Unicode>Neul had</Unicode>
                </TextEquiv>
            </TextLine>
            <TextLine id="tr_2_tl_34" custom="readingOrder {index:33;}">
                <Coords points="979,3357 3055,3324 3173,3307 3176,3196 983,3216"/>
                <Baseline points="997,3321 1027,3321 1117,3315 1206,3315 1296,3315 1385,3315 1475,3315 1565,3309 1654,3309 1744,3309 1833,3309 1923,3309 2013,3303 2102,3303 2192,3303 2281,3297 2371,3297 2461,3297 2550,3291 2640,3291 2729,3291 2819,3291 2909,3291 2998,3291 3088,3285 3177,3285"/>
                <TextEquiv>
                    <Unicode>zen Auflachen sagte er: „Müssen halt Andere</Unicode>
                </TextEquiv>
            </TextLine>
            <TextLine id="tr_2_tl_35" custom="readingOrder {index:34;}">
                <Coords points="466,3371 537,3381 594,3340 631,3354 651,3344 677,3354 704,3340 778,3360 788,3287 624,3287 587,3314 560,3287 516,3293 480,3270"/>
                <Baseline points="489,3357 525,3351 615,3339 704,3333 794,3315"/>
                <TextEquiv>
                    <Unicode>it in</Unicode>
                </TextEquiv>
            </TextLine>
            <TextLine id="tr_2_tl_36" custom="readingOrder {index:35;}">
                <Coords points="516,3444 563,3434 631,3444 714,3421 734,3434 758,3428 785,3438 798,3354 748,3354 721,3374 691,3347 674,3354 667,3344 620,3364 594,3354 527,3364"/>
                <Baseline points="537,3428 621,3428 710,3410 800,3392"/>
                <TextEquiv>
                    <Unicode>"</Unicode>
                </TextEquiv>
            </TextLine>
            <TextLine id="tr_2_tl_37" custom="readingOrder {index:36;}">
                <Coords points="470,3488 527,3518 560,3495 584,3505 614,3488 664,3508 711,3505 751,3478 818,3508 855,3508 862,3434 812,3417 785,3434 654,3428 570,3461 506,3397 480,3394"/>
                <Baseline points="489,3488 507,3488 597,3488 686,3482 776,3476 866,3458"/>
                <TextEquiv>
                    <Unicode>Vous avons –</Unicode>
                </TextEquiv>
            </TextLine>
            <TextLine id="tr_2_tl_38" custom="readingOrder {index:37;}">
                <Coords points="979,3491 1409,3518 1576,3478 1982,3485 1982,3364 979,3374"/>
                <Baseline points="997,3476 1003,3470 1093,3476 1182,3470 1272,3470 1361,3470 1451,3470 1541,3470 1630,3464 1720,3458 1809,3458 1899,3458 1989,3464"/>
                <TextEquiv>
                    <Unicode>such dran glauben.“</Unicode>
                </TextEquiv>
            </TextLine>
            <TextLine id="tr_2_tl_39" custom="readingOrder {index:38;}">
                <Coords points="466,3609 490,3609 496,3619 523,3595 537,3602 577,3589 614,3599 637,3592 651,3609 694,3585 745,3582 748,3531 721,3528 674,3501 637,3501 604,3528 557,3542 540,3528 473,3528"/>
                <Baseline points="489,3584 573,3578 663,3572 752,3566"/>
                <TextEquiv>
                    <Unicode>in to</Unicode>
                </TextEquiv>
            </TextLine>
            <TextLine id="tr_2_tl_40" custom="readingOrder {index:39;}">
                <Coords points="1385,3632 1627,3682 3253,3622 3253,3515 3035,3478 1385,3515"/>
                <Baseline points="1403,3619 1469,3619 1559,3613 1648,3613 1738,3613 1827,3613 1917,3613 2007,3613 2096,3607 2186,3607 2275,3607 2365,3602 2455,3602 2544,3602 2634,3602 2723,3602 2813,3602 2903,3602 2992,3596 3082,3596 3171,3596 3261,3596"/>
                <TextEquiv>
                    <Unicode>Der Oberleutnant Wimmer stand plötz-</Unicode>
                </TextEquiv>
            </TextLine>
            <TextLine id="tr_2_tl_41" custom="readingOrder {index:40;}">
                <Coords points="433,3689 516,3662 547,3662 560,3679 600,3662 627,3669 677,3642 718,3659 758,3652 765,3605 691,3589 674,3605 667,3595 597,3622 553,3595 486,3625 443,3605"/>
                <Baseline points="453,3661 501,3661 591,3649 680,3637 770,3625"/>
                <TextEquiv>
                    <Unicode>it even</Unicode>
                </TextEquiv>
            </TextLine>
            <TextLine id="tr_2_tl_42" custom="readingOrder {index:41;}">
                <Coords points="486,3739 513,3749 530,3739 563,3746 580,3733 644,3729 657,3719 674,3723 684,3652 667,3649 647,3669 637,3662 624,3672 604,3662 550,3689 537,3669 496,3669"/>
                <Baseline points="507,3733 597,3715 686,3709"/>
                <TextEquiv>
                    <Unicode>FJ</Unicode>
                </TextEquiv>
            </TextLine>
            <TextLine id="tr_2_tl_43" custom="readingOrder {index:42;}">
                <Coords points="959,3823 3193,3749 3193,3666 2700,3632 963,3696"/>
                <Baseline points="979,3787 1051,3787 1140,3781 1230,3781 1320,3781 1409,3781 1499,3775 1588,3775 1678,3775 1768,3769 1857,3769 1947,3769 2036,3769 2126,3763 2216,3763 2305,3763 2395,3763 2484,3757 2574,3757 2664,3757 2753,3757 2843,3757 2932,3757 3022,3751 3112,3751 3201,3745"/>
                <TextEquiv>
                    <Unicode>lich hinter ihnen..Ja was glaubts Ihr denn</Unicode>
                </TextEquiv>
            </TextLine>
            <TextLine id="tr_2_tl_44" custom="readingOrder {index:43;}">
                <Coords points="483,3817 513,3830 533,3817 553,3823 590,3810 627,3786 674,3773 751,3776 765,3729 711,3699 631,3736 620,3729 537,3746 506,3729"/>
                <Baseline points="501,3817 585,3799 675,3763 764,3751"/>
                <TextEquiv>
                    <Unicode>not if</Unicode>
                </TextEquiv>
            </TextLine>
            <TextLine id="tr_2_tl_45" custom="readingOrder {index:44;}">
                <Coords points="483,3897 513,3904 617,3853 681,3857 835,3800 859,3803 865,3770 842,3770 818,3739 761,3743 718,3773 627,3783 543,3837 496,3837"/>
                <Baseline points="507,3870 597,3846 686,3834 776,3811 866,3799"/>
                <TextEquiv>
                    <Unicode>d hatt</Unicode>
                </TextEquiv>
            </TextLine>
            <TextLine id="tr_2_tl_46" custom="readingOrder {index:45;}">
                <Coords points="1016,3978 3223,3921 3223,3827 3049,3793 1020,3820"/>
                <Baseline points="1039,3942 1081,3942 1170,3942 1260,3936 1350,3936 1439,3930 1529,3930 1618,3930 1708,3924 1798,3924 1887,3924 1977,3918 2066,3918 2156,3918 2246,3918 2335,3918 2425,3912 2514,3912 2604,3912 2694,3906 2783,3906 2873,3906 2962,3906 3052,3906 3142,3900 3231,3894"/>
                <TextEquiv>
                    <Unicode>eigentlich, meine Herren, sollen wir uns al-</Unicode>
                </TextEquiv>
            </TextLine>
            <TextLine id="tr_2_tl_47" custom="readingOrder {index:46;}">
                <Coords points="1023,4135 3230,4105 3230,4014 3005,3934 1026,4014"/>
                <Baseline points="1045,4103 1087,4103 1176,4103 1266,4103 1355,4097 1445,4097 1535,4097 1624,4097 1714,4097 1803,4097 1893,4091 1983,4091 2072,4091 2162,4085 2252,4085 2341,4091 2431,4085 2520,4085 2610,4079 2700,4073 2789,4073 2879,4079 2968,4073 3058,4073 3148,4073 3237,4073"/>
                <TextEquiv>
                    <Unicode>lein mit dem Consul abplagen.Servus Kasda,</Unicode>
                </TextEquiv>
            </TextLine>
        </TextRegion>
        <TextRegion id="tr_1" custom="readingOrder {index:1;}">
            <Coords points="4157,905 6624,905 6624,4340 4157,4340"/>
            <TextLine id="tr_1_tl_1" custom="readingOrder {index:0;}">
                <Coords points="4155,1036 6282,983 6315,825 6137,761 5950,838 5299,859 4886,785 4159,872"/>
                <Baseline points="4175,1021 4259,1015 4348,1015 4438,1009 4527,1009 4617,1009 4707,1003 4796,997 4886,991 4975,991 5065,991 5155,991 5244,991 5334,985 5423,979 5513,979 5603,973 5692,973 5782,967 5871,961 5961,961 6051,961 6140,955 6230,955 6319,961"/>
                <TextEquiv>
                    <Unicode>und er reichte Willi, der nach seiner Art,</Unicode>
                </TextEquiv>
            </TextLine>
            <TextLine id="tr_1_tl_2" custom="readingOrder {index:1;}">
                <Coords points="4206,1214 5852,1170 6208,1127 6238,1050 5624,973 4689,1093 4212,1030"/>
                <Baseline points="4229,1170 4271,1170 4360,1164 4450,1164 4539,1164 4629,1158 4719,1158 4808,1152 4898,1152 4987,1146 5077,1146 5167,1146 5256,1140 5346,1134 5435,1134 5525,1128 5615,1134 5704,1128 5794,1123 5883,1123 5973,1117 6063,1111 6152,1105 6242,1105"/>
                <TextEquiv>
                    <Unicode>obwohl äusser Dienst, dem rangshöheren</Unicode>
                </TextEquiv>
            </TextLine>
            <TextLine id="tr_1_tl_3" custom="readingOrder {index:2;}">
                <Coords points="4139,1358 6114,1318 6359,1291 6362,1134 4142,1227"/>
                <Baseline points="4157,1326 4217,1326 4306,1326 4396,1320 4486,1320 4575,1320 4665,1320 4754,1314 4844,1308 4934,1308 5023,1302 5113,1302 5202,1296 5292,1290 5382,1290 5471,1284 5561,1284 5650,1278 5740,1278 5830,1278 5919,1272 6009,1272 6098,1272 6188,1272 6278,1260 6367,1260"/>
                <TextEquiv>
                    <Unicode>Kameraden stramm salutiert hatte, die Haid.</Unicode>
                </TextEquiv>
            </TextLine>
            <TextLine id="tr_1_tl_4" custom="readingOrder {index:3;}">
                <Coords points="4169,1523 6070,1462 6204,1439 6208,1318 5554,1284 5041,1399 4850,1335 4175,1355"/>
                <Baseline points="4187,1481 4241,1481 4330,1475 4420,1475 4509,1475 4599,1469 4689,1469 4778,1463 4868,1463 4957,1457 5047,1457 5137,1451 5226,1445 5316,1439 5405,1439 5495,1439 5585,1433 5674,1433 5764,1427 5854,1427 5943,1427 6033,1421 6122,1427 6212,1421"/>
                <TextEquiv>
                    <Unicode>„Wie stehts denn drin?“ fragte Greising.</Unicode>
                </TextEquiv>
            </TextLine>
            <TextLine id="tr_1_tl_5" custom="readingOrder {index:4;}">
                <Coords points="4206,1680 6248,1593 6285,1492 5711,1439 5571,1509 5175,1459 4212,1533"/>
                <Baseline points="4229,1642 4318,1636 4408,1630 4498,1630 4587,1630 4677,1624 4766,1618 4856,1618 4946,1612 5035,1612 5125,1612 5214,1606 5304,1600 5394,1600 5483,1594 5573,1594 5662,1588 5752,1582 5842,1582 5931,1582 6021,1576 6110,1571 6200,1571 6290,1571"/>
                <TextEquiv>
                    <Unicode>„Lang sam, langsam“,erwiderte Wimmer..Der</Unicode>
                </TextEquiv>
            </TextLine>
            <TextLine id="tr_1_tl_6" custom="readingOrder {index:5;}">
                <Coords points="4226,1828 6329,1774 6355,1596 4232,1684"/>
                <Baseline points="4247,1786 4300,1786 4390,1786 4480,1786 4569,1786 4659,1780 4748,1780 4838,1774 4928,1774 5017,1768 5107,1762 5196,1756 5286,1756 5376,1750 5465,1744 5555,1744 5644,1744 5734,1744 5824,1738 5913,1738 6003,1732 6092,1726 6182,1726 6272,1720 6361,1708"/>
                <TextEquiv>
                    <Unicode>Consul sitzt auf seinem Geld wie ein Dra-</Unicode>
                </TextEquiv>
            </TextLine>
            <TextLine id="tr_1_tl_7" custom="readingOrder {index:6;}">
                <Coords points="4222,1952 5044,1992 5916,1895 5986,1955 6426,1888 6429,1814 6037,1744 5654,1828 5081,1764 4977,1838 4414,1881 4229,1821"/>
                <Baseline points="4241,1941 4288,1941 4378,1941 4468,1941 4557,1935 4647,1935 4736,1929 4826,1923 4916,1923 5005,1917 5095,1917 5184,1917 5274,1911 5364,1905 5453,1905 5543,1899 5632,1899 5722,1893 5812,1893 5901,1893 5991,1887 6080,1881 6170,1875 6260,1875 6349,1869 6439,1869"/>
                <TextEquiv>
                    <Unicode>chen, auf meinem Auch schon. Also auf in den</Unicode>
                </TextEquiv>
            </TextLine>
            <TextLine id="tr_1_tl_8" custom="readingOrder {index:7;}">
                <Coords points="4216,2106 5916,2093 6335,2032 6339,1949 6161,1892 5765,1969 4219,2006"/>
                <Baseline points="4235,2090 4282,2090 4372,2090 4462,2090 4551,2090 4641,2084 4730,2078 4820,2078 4910,2072 4999,2066 5089,2060 5179,2060 5268,2060 5358,2054 5447,2048 5537,2048 5627,2048 5716,2048 5806,2042 5895,2042 5985,2042 6075,2030 6164,2030 6254,2019 6343,2019"/>
                <TextEquiv>
                    <Unicode>Kampf,meine Herren Torreros. Die Andern</Unicode>
                </TextEquiv>
            </TextLine>
            <TextLine id="tr_1_tl_9" custom="readingOrder {index:8;}">
                <Coords points="6211,2110 6251,2103 6265,2116 6308,2089 6332,2099 6349,2089 6369,2103 6386,2093 6416,2113 6453,2086 6496,2089 6500,2009 6463,2026 6422,2009 6372,2046 6329,2032 6315,2042 6258,2026 6214,2029"/>
                <Baseline points="6230,2090 6236,2084 6325,2084 6415,2084 6505,2072"/>
                <TextEquiv>
                    <Unicode>bement</Unicode>
                </TextEquiv>
            </TextLine>
            <TextLine id="tr_1_tl_10" custom="readingOrder {index:9;}">
                <Coords points="4232,2284 6315,2230 6429,2207 6432,2113 5976,2049 4236,2170"/>
                <Baseline points="4253,2240 4288,2240 4378,2240 4468,2234 4557,2234 4647,2234 4736,2228 4826,2228 4916,2228 5005,2222 5095,2216 5184,2210 5274,2210 5364,2204 5453,2204 5543,2198 5632,2198 5722,2198 5812,2186 5901,2180 5991,2180 6080,2180 6170,2180 6260,2180 6349,2174 6439,2174"/>
                <TextEquiv>
                    <Unicode>erhoben sich..Ich bin wo eingeladen", sagte</Unicode>
                </TextEquiv>
            </TextLine>
            <TextLine id="tr_1_tl_11" custom="readingOrder {index:10;}">
                <Coords points="5540,2297 5591,2294 5648,2338 5785,2284 5936,2281 6017,2250 6127,2281 6134,2193 5916,2190 5866,2217 5789,2207 5718,2230 5691,2203 5547,2213"/>
                <Baseline points="5561,2281 5603,2275 5692,2281 5782,2269 5871,2263 5961,2257 6051,2246 6140,2252"/>
                <TextEquiv>
                    <Unicode>out jeinell du</Unicode>
                </TextEquiv>
            </TextLine>
            <TextLine id="tr_1_tl_12" custom="readingOrder {index:11;}">
                <Coords points="4229,2411 5202,2368 5366,2425 6261,2351 6339,2260 4232,2307"/>
                <Baseline points="4247,2389 4282,2395 4372,2395 4462,2395 4551,2395 4641,2389 4730,2383 4820,2377 4910,2377 4999,2371 5089,2371 5179,2371 5268,2365 5358,2359 5447,2353 5537,2353 5627,2353 5716,2347 5806,2347 5895,2341 5985,2335 6075,2329 6164,2329 6254,2323 6343,2323"/>
                <TextEquiv>
                    <Unicode>Willi,während er sich eine Zigarette an-</Unicode>
                </TextEquiv>
            </TextLine>
            <TextLine id="tr_1_tl_13" custom="readingOrder {index:12;}">
                <Coords points="4236,2613 6392,2505 6422,2398 4242,2445"/>
                <Baseline points="4259,2556 4277,2550 4366,2550 4456,2544 4545,2544 4635,2544 4725,2538 4814,2532 4904,2526 4993,2526 5083,2520 5173,2520 5262,2514 5352,2514 5441,2508 5531,2508 5621,2502 5710,2496 5800,2496 5889,2490 5979,2484 6069,2484 6158,2484 6248,2478 6337,2473 6427,2473"/>
                <TextEquiv>
                    <Unicode>zündete, „ich werde nur ein bisl kibitzen“,</Unicode>
                </TextEquiv>
            </TextLine>
            <TextLine id="tr_1_tl_14" custom="readingOrder {index:13;}">
                <Coords points="4253,2733 6352,2660 6409,2499 4259,2609"/>
                <Baseline points="4271,2711 4354,2705 4444,2705 4533,2700 4623,2694 4713,2688 4802,2688 4892,2682 4981,2682 5071,2676 5161,2676 5250,2676 5340,2670 5429,2664 5519,2664 5609,2658 5698,2652 5788,2652 5877,2646 5967,2640 6057,2640 6146,2640 6236,2634 6325,2634 6415,2628"/>
                <TextEquiv>
                    <Unicode>„Ha“, lachte Wimmer, der Weg zur Hölle ist</Unicode>
                </TextEquiv>
            </TextLine>
            <TextLine id="tr_1_tl_15" custom="readingOrder {index:14;}">
                <Coords points="4236,2864 4846,2918 5061,2834 5745,2814 5849,2884 6017,2797 6456,2810 6463,2656 4242,2743"/>
                <Baseline points="4253,2861 4318,2861 4408,2855 4498,2855 4587,2849 4677,2849 4766,2843 4856,2843 4946,2837 5035,2837 5125,2831 5214,2825 5304,2825 5394,2819 5483,2819 5573,2813 5662,2807 5752,2807 5842,2801 5931,2801 6021,2795 6110,2789 6200,2789 6290,2783 6379,2783 6469,2783"/>
                <TextEquiv>
                    <Unicode>mit guten Vorsätzen gepilastert." - „Und der</Unicode>
                </TextEquiv>
            </TextLine>
            <TextLine id="tr_1_tl_16" custom="readingOrder {index:15;}">
                <Coords points="4249,3035 6238,2971 6399,2955 6402,2867 6050,2810 5822,2898 5534,2827 4256,2928"/>
                <Baseline points="4271,3016 4342,3010 4432,3010 4521,3004 4611,2998 4701,2992 4790,2992 4880,2992 4969,2986 5059,2986 5149,2980 5238,2974 5328,2974 5417,2968 5507,2968 5597,2962 5686,2956 5776,2950 5865,2950 5955,2950 6045,2944 6134,2944 6224,2938 6313,2932 6403,2927"/>
                <TextEquiv>
                    <Unicode>zum Himmel mit guten,bemerkte der Sekre-</Unicode>
                </TextEquiv>
            </TextLine>
            <TextLine id="tr_1_tl_17" custom="readingOrder {index:16;}">
                <Coords points="4249,3216 6409,3116 6490,3096 6496,2981 4256,3052"/>
                <Baseline points="4271,3159 4348,3165 4438,3159 4527,3159 4617,3153 4707,3153 4796,3153 4886,3148 4975,3142 5065,3136 5155,3136 5244,3136 5334,3130 5423,3124 5513,3118 5603,3118 5692,3112 5782,3112 5871,3112 5961,3106 6051,3106 6140,3100 6230,3100 6319,3088 6409,3082 6499,3088"/>
                <TextEquiv>
                    <Unicode>tär.-„Gut gegeben,Herr Direktor“,sagte Wim-</Unicode>
                </TextEquiv>
            </TextLine>
            <TextLine id="tr_1_tl_18" custom="readingOrder {index:17;}">
                <Coords points="4253,3344 4648,3384 5094,3290 6214,3270 6218,3210 5296,3142 5121,3216 4256,3210"/>
                <Baseline points="4271,3327 4336,3321 4426,3315 4515,3315 4605,3309 4695,3309 4784,3303 4874,3297 4963,3297 5053,3291 5143,3291 5232,3285 5322,3279 5411,3279 5501,3273 5591,3273 5680,3267 5770,3267 5859,3261 5949,3261 6039,3255 6128,3255 6218,3255"/>
                <TextEquiv>
                    <Unicode>mer und klopfte ihm auf die Schulter.</Unicode>
                </TextEquiv>
            </TextLine>
            <TextLine id="tr_1_tl_19" custom="readingOrder {index:18;}">
                <Coords points="4893,3404 4913,3404 4923,3397 4933,3401 4953,3387 4964,3387 4974,3397 5004,3397 5017,3407 5027,3401 5051,3407 5051,3337 5031,3340 5014,3324 5004,3327 4987,3310 4984,3314 4967,3303 4950,3303 4943,3310 4920,3307 4910,3317 4893,3317"/>
                <Baseline points="4910,3386 4999,3386 5059,3386"/>
                <TextEquiv>
                    <Unicode>had</Unicode>
                </TextEquiv>
            </TextLine>
            <TextLine id="tr_1_tl_20" custom="readingOrder {index:19;}">
                <Coords points="4575,3474 5946,3461 6275,3407 6278,3327 5986,3273 5842,3344 5433,3290 5289,3367 5094,3340 5024,3407 4578,3367"/>
                <Baseline points="4593,3458 4671,3458 4760,3452 4850,3452 4940,3458 5029,3452 5119,3446 5208,3446 5298,3440 5388,3434 5477,3434 5567,3428 5656,3428 5746,3422 5836,3422 5925,3416 6015,3410 6104,3404 6194,3404 6284,3398"/>
                <TextEquiv>
                    <Unicode>Sie begaben sich Alle ins Innere</Unicode>
                </TextEquiv>
            </TextLine>
            <TextLine id="tr_1_tl_21" custom="readingOrder {index:20;}">
                <Coords points="4263,3652 4856,3625 5081,3689 5242,3605 6342,3589 6349,3441 6204,3404 5923,3498 5376,3441 4655,3545 4269,3491"/>
                <Baseline points="4282,3637 4288,3631 4378,3631 4468,3631 4557,3625 4647,3619 4736,3619 4826,3613 4916,3613 5005,3607 5095,3607 5184,3596 5274,3596 5364,3590 5453,3590 5543,3584 5632,3578 5722,3578 5812,3572 5901,3566 5991,3566 6080,3560 6170,3554 6260,3554 6349,3548"/>
                <TextEquiv>
                    <Unicode>des Kaffeehauses. Willi warf noch einen</Unicode>
                </TextEquiv>
            </TextLine>
            <TextLine id="tr_1_tl_22" custom="readingOrder {index:21;}">
                <Coords points="4266,3837 6312,3746 6429,3699 6432,3565 4273,3689"/>
                <Baseline points="4288,3787 4378,3787 4468,3787 4557,3781 4647,3775 4736,3769 4826,3769 4916,3763 5005,3763 5095,3757 5184,3751 5274,3745 5364,3745 5453,3739 5543,3733 5632,3733 5722,3727 5812,3721 5901,3715 5991,3715 6080,3715 6170,3709 6260,3703 6349,3703 6439,3691"/>
                <TextEquiv>
                    <Unicode>Blick zurück ins Freie über die Villendä-</Unicode>
                </TextEquiv>
            </TextLine>
            <TextLine id="tr_1_tl_23" custom="readingOrder {index:22;}">
                <Coords points="4269,3957 4984,3994 5185,3914 6486,3880 6493,3719 6013,3723 5597,3833 5470,3763 4276,3833"/>
                <Baseline points="4288,3948 4342,3948 4432,3942 4521,3942 4611,3936 4701,3930 4790,3924 4880,3924 4969,3918 5059,3912 5149,3912 5238,3906 5328,3906 5417,3906 5507,3900 5597,3894 5686,3888 5776,3882 5865,3876 5955,3870 6045,3864 6134,3864 6224,3864 6313,3852 6403,3852 6493,3846"/>
                <TextEquiv>
                    <Unicode>cher zu den Hügeln hin. Er sehnte sich nach</Unicode>
                </TextEquiv>
            </TextLine>
            <TextLine id="tr_1_tl_24" custom="readingOrder {index:23;}">
                <Coords points="5651,3978 5799,3944 5993,3951 6023,3981 6335,3941 6399,3978 6432,3954 6590,3981 6620,3974 6620,3887 6483,3853 6288,3900 5651,3900"/>
                <Baseline points="5668,3942 5758,3942 5848,3948 5937,3948 6027,3948 6116,3948 6206,3948 6296,3942 6385,3936 6475,3942 6564,3954 6624,3954"/>
                <TextEquiv>
                    <Unicode>un u chevrierl je</Unicode>
                </TextEquiv>
            </TextLine>
            <TextLine id="tr_1_tl_25" custom="readingOrder {index:24;}">
                <Coords points="4276,4122 5007,4092 5396,4182 5681,4075 6389,4095 6352,3951 5359,3978 5188,3914 5091,3988 4501,4028 4283,3957"/>
                <Baseline points="4294,4115 4336,4109 4426,4103 4515,4103 4605,4097 4695,4091 4784,4091 4874,4079 4963,4079 5053,4073 5143,4067 5232,4067 5322,4061 5411,4061 5501,4061 5591,4055 5680,4055 5770,4050 5859,4038 5949,4038 6039,4032 6128,4026 6218,4020 6307,4014 6397,4014"/>
                <TextEquiv>
                    <Unicode>dem carten bei Kossers. In einer halben</Unicode>
                </TextEquiv>
            </TextLine>
            <TextLine id="tr_1_tl_26" custom="readingOrder {index:25;}">
                <Coords points="5037,4279 5279,4330 5497,4330 5564,4357 5540,4196 5493,4209 5249,4149 5182,4202 5125,4209 5021,4169"/>
                <Baseline points="5053,4259 5143,4277 5232,4294 5322,4306 5411,4318 5501,4330 5567,4330"/>
                <TextEquiv>
                    <Unicode>— — 10, s ich</Unicode>
                </TextEquiv>
            </TextLine>
        </TextRegion>
    </Page>
</PcGts>
