7096 4440
3004 723 3207 842 169
798 694 1091 975 xxxxi
2159 746 2351 938 be
1123 929 3199 1141 in der mand hielt Cauf dem von Beamteter
1123 1080 3146 1265 Hand deutlich zu lesen stand: Leopoldine
514 993 1045 1306 were to see
1126 1248 3233 1408 Wilram, achter Bezirk, Knokgassaxx im Zim-
1132 1361 3242 1570 mermannsgasse vierundzwanzig. (Nunüberfiel
1149 1477 3082 1721 ihn eine fast die fieberische Ungeduld. Er
1138 1666 3361 1855 lies sich in einem geschlossenen Wagen
1138 1808 3294 1985 bis zur Ecke der Zimmermansgasse führen (da
1141 1991 3260 2162 er immerhin nicht vor ihrem Hause aus dem
1138 2101 2842 2357 : Fiaker steigen wollte.
2287 2203 2635 2313 de M
1596 2241 3184 2464 Das Haus war ziemlich neu, doch
1144 2426 3280 2633 nicht übermässig freundlich anzusehen,ein
1155 2601 3291 2783 vier Stock hohes Zinshaus gegenüber einem
1149 2728 3358 2923 eingezäunten Hölzplatz gelegen. Ziemlich er-
1158 2847 3390 3097 regt stieg er die Treppe hinauf.) Im zweiten
1202 3053 3315 3216 Stock öffnete ihm auf sein Klingeln ein
1773 3138 2473 3257 Den Mider de V.V.
1205 3164 3152 3387 Dienstmädchen.Auf seine Frage,ob Frau
1158 3323 3344 3535 milram zu sprechen sei, sah sie ihn zbgernd
1202 3471 3445 3675 an,worauf er ihr seine Visitekarte reichte:
1207 3608 3289 3857 Willy Kasda, Leutnant in der k.k. Infan-
1199 3767 3393 4005 terieregiment Nummer vierundachtzig, Alser-
6031 183 6214 334 170
5285 206 5909 418 ment de très
4081 322 6255 644 kagerne. Das Mädchen kam wieder. Die gnädige
4104 444 6316 787 rau sei (sehr beschäftigt; was der Herr Leut-
4159 624 6359 932 nant wünsche.Y-Es fiel ihm eink, dass Leopol
4168 758 6374 1054 dine seinen Zunamen nicht kenne wahrschein¬
4180 932 6177 1239 lich nie gekannt habe Was sollte erdem
5486 1048 6052 1196 C. v. hilf.
4153 1091 6383 1399 Mädchen erwidern Sollte er sich zu erkennen
4168 1210 6354 1562 geben als,ein alter Bekannter oder sollte
4177 1355 6348 1698 er sagen etwas spasshaft als einCousin des
4188 1486 6412 1846 Herrn v.Hornigjdoch,ehe ernoch geantwortet,
5701 1666 5947 1779 tuistes.
4197 1640 6296 2026 öffnete sich die Türe, ein älterer (ärmlich
4206 1811 6304 2148 angezogener Mensch mit einer Aktentasche
4232 1968 6461 2305 trat heraus (und schritt zur Wohnungstüre).
4246 2133 6432 2435 Dann ertönte eine weibliche stimme aus dem
5506 2313 5686 2412 was
4255 2255 6467 2598 Zimmer:.Herr Krassny!“,worauf dieser schon
4316 2397 6377 2760 im Stiegenhaus, nicht zu hören schien, wo¬
4290 2514 6560 2905 rauf die Dame,die gerufen, selbst ins Vorzim-
4296 2702 6484 3059 mer trat, nochmals nach Herrn Kraasny rief,
4365 2871 6458 3193 so dass dieser sich ankeksisxx umwandte.
4333 3004 6574 3364 Leopoldine aber hatte den neutnant erblickt
4391 3149 6655 3527 und offenbar sofort erkannt, wie er zu seiner
4403 3341 6449 3663 Befridigung an dem leichten Rot merkte,
5648 3509 5950 3695 Pour Votre
4194 3587 5384 3776 nal dolfmals sie,  zu
4989 3651 6420 3878 nen wir leider nichtule...
4232 3857 6565 4095 kenn. Ich habe den getrag nicht flüssig, den
4432 4017 5837 4258 xxxgül se tafäd baugelast
