6979 4520
2453 908 2661 1043 145
493 989 2620 1358 eine Hand wie abwehrend und nahm nun die
507 1234 2623 1461 zweite zu Hilfe, als wollte er den Neffen
522 1369 2724 1580 bewegen nur endlich aufzuhören. Jetzt erhob
576 1559 1539 1680 obgleit dans ce vie en
522 1559 2845 1799 er sich wieder mit einem so heftigen Ruck, dass
525 1755 2652 1954 Willy unwillkürlich innehielt. „Bedauere
2075 1810 2361 1917 wch ll
527 1902 2721 2113 sagte er mit einer ungewohnt hohen Stimme,
553 2029 2790 2254 bedauere aufrichtig, ich kann dirbeiubesten
1709 2104 2692 2234 in atNilt eber d Aepas(A)
551 2185 2854 2430 Willen nicht helfen, lieber Willy, jedesweites
548 2390 1678 2586 Wort ist überflüssig.
971 2482 2658 2707 Willy war zuerst wie vor denKopf
1505 2586 2012 2707 bei in ƒ
559 2620 2721 2859 geschlagen, dann fiel ihm ein, dass er doch
556 2793 2672 3030 keineswegs hatte hoffen dürfen den Onkel
585 2937 2825 3182 im ersten Ahsturm zu besiegen und so begann
579 3099 2750 3303 er nochmals: „Ich weiss ja, Onkel, dass (nein
585 3254 2779 3496 Verlangen) meine Bitte eine Unverschämtheit
574 3422 2810 3629 bedeutet,-ich hätte auch nie und nimmer ge-
908 3531 1574 3655 mich es at it; we
565 3545 2637 3793 wagt,wenn nur die geringste Möglichkeit
2113 3571 2932 3773 in dreilet assi – at
643 3724 2802 3952 bestände von anderer Seite/-versetz dich
1182 3819 2652 3949 [illegible] which mit a Albert.
424 3802 628 3975 -as:
493 3880 2802 4116 nur einmal in meine Lage, Onkel. Alles, alles
585 4033 2891 4252 steht für mich auf dem Spiel, nicht nur meine
5805 179 6068 404 170
5586 700 5831 911 V.
4255 764 4451 960 Tæpf
6238 862 6434 1064 146
4312 945 4817 1084 ewsmedssel
5229 951 6275 1144 dom A. Josmeri gebindo
4263 960 6264 1283 Existenz als Offizier.Was soll ich, was
4214 1214 6307 1424 kann ich denn anderes anfangen? Ich habe
6082 1355 6292 1450 G.H.F.P
4208 1355 6252 1582 ja sonst nichts gelernt, ich verstehe ja
4453 1461 4615 1539 G.C.H.F.P.
5116 1479 5333 1574 2281
4191 1505 6301 1758 sonst nichts. Und ich kann doch überhaupt
4194 1680 6373 1868 nicht als weggejagter Offizier - Grad ges-
4197 1819 6353 2024 tern hab ich zufällig einen früheren Kame
4180 1995 6356 2196 raden wieder getroffen, der auch -Nein, nein
4237 2145 6365 2361 lieber eine Kugel vor den Kopf...Sei mir
4214 2248 6324 2505 night bösönkel“, kügte er rasch hinzu, da
4171 2421 6416 2675 dieser sich nun vom Schreibtisch wieder ent¬
4157 2548 6356 2787 fernt hatte und (das Zimmer nach allen Sei-
4154 2741 6393 2983 ten durchmass und) in grossen Schritten bald
4145 2900 6290 3122 den Divan,bald den Schreibtisch umkreiste
5315 3021 5831 3153 will such
4142 3018 6292 3251 „Sei mir- nicht bös), ich bin ja kein Erpres
4649 3153 4929 3237 dee ne
5289 3165 6203 3277 wenn so lieb
4125 3197 6238 3424 ser.Aber du musst dir nur vorstellen. Der
5589 3341 5866 3436 efw.
4131 3361 6261 3589 Vater (war Offizier, der Grossvater auch, oder
5549 3491 5722 3571 edi
4131 3508 6258 3718 kann doch so nicht mit mir enden-Das wäre
4110 3667 6307 3860 doch eine zu harte strafe für einenleicht-
4110 3822 6405 4044 sinnigen streich. Ich bin ja kein Gewohnheits
4087 3984 6145 4234 spieler, das weisst du doch, ich habe nie
