7160 4536
4018 277 4434 478 241-
3886 452 4189 703 5/5.24
2685 581 2903 755 100
4918 719 5760 950 ihr auflet iha -
742 729 2962 1069 doch undankbar, dass ihm der die Summe ver-
4506 689 4806 904 et âgere
6152 719 6353 914 101
5723 775 6096 960 a e e b e
6165 802 6561 996 8th
4335 864 6489 1135 der Augenblick-? Aber wie begginnen-? Wär
765 934 2942 1224 weigern würde,wenn die Exiseenz, das Leben,
4381 1069 6433 1267 es nicht das Beste ganz ehrlich einzuge
788 1105 2966 1369 ja, das Leben, des Neffen, des einzigen Sohns
4364 1178 6340 1405 stehen, dass man nicht in der Lage war
788 1217 3018 1531 seiner verstorbenen Schwester auf dem Spiel
4354 1320 6413 1517 dass man sich in eine Sache eingelassen
808 1385 2844 1663 stand. Fin Mensch, der von seinen Renten
4351 1465 6588 1672 dass man den ropf verlören, ja dass man ei-
825 1451 2969 1837 lebte, recht bescheiden zwar, aber doch von
4335 1633 6528 1841 ne Viertelstunde gewissermassen unzurech
1415 1682 2316 1828 in Cemblirt weg
825 1646 3295 1986 seinen peuten. Und man konnte statt um wie man
5839 1788 6221 1890 leif un
2632 1768 2844 1877 brt
4341 1758 6545 1976 nungsfähig gewesen war.- Und hätte er sich
406 1818 3058 2164 Auswalt, gleich um zwölftausend Gulden bitten. Das
4325 1930 6598 2167 denn je so weit vorgewagt,so weit vergessen,
844 1999 2923 2283 kàmeschon auf eins heraus. Und damit wäre
4813 2039 5093 2144 Her on
1963 2101 2471 2220 n'en guerre
4308 2068 6466 2336 wenn diser Konsul nicht unaufgefordert, ja
851 2157 2985 2415 auch Bogner gerettet.-Dieser gute vorsatz
4315 2223 6485 2454 ohne dass Willy die leiseste Aspielung ge-
861 2270 3005 2576 machte Willy zugleich hoffnungsvoller. Als
887 2365 1207 2471 stimmte
2530 2395 2801 2504 unor
4302 2375 6413 2629 wagt,das Geld zur Verfügung gestellt, ihm
871 2461 3055 2712 hätte Gott die Verpflichtung ihn sofort zu
4282 2527 6400 2768 geradezu hingeschoben, ihm gewissermassen
874 2593 2979 2883 belohnen, dass er in seiner verweifelten
2692 2649 3312 2791 in the case
4275 2639 6113 2870 aufgedrängt hatte.
6103 2712 6568 2857 at the l
891 2764 3150 3025 Situation des alten Kameraden nicht vergass.
6103 2814 6581 2933 wot ber
5189 2840 6700 3012 une méritable abesinéglice.
1075 2873 2441 3055 ab... Fait-Frau du Com
4651 2867 6495 3084 (Ist es nicht wundervoll",sagte der
973 2939 2949 3183 Mit einem raschen Seitenblick
4262 3008 6482 3243 Consul,.eine solche spazierfahrt am frühen
917 3071 3124 3368 streifte er den vonsul. Der schön in Prinne-
4259 3154 6294 3404 Morgen?“-„Herrlich“, erwiderts der Leut-
917 3210 3078 3493 rungen versunken, er hatte den Hut auf dem
4242 3276 6274 3556 nant.-„Nurs chade, fügte der Consullä
940 3352 3074 3681 ochosa liegen,seine Lippen waren halbge-
4203 3457 6304 3704 chelnd hinzu, dass man immer glaubt sich
917 3523 3088 3790 öffnet wie zu einem Lächeln,er sah älter
4222 3592 6340 3827 so etwas um den Preis einer durchwachten
940 3681 2979 3945 und milder aus, als er Willy bisher er-
4206 3747 6330 4001 Nacht erkaufen zu müssen um spieltisch
967 3840 3058 4176 schienen war. Wäre jetzt jicht der
