7192 4520
906 994 3063 1191 ein Laster“,behauptete Flegmann ernsthaft.
966 1208 3077 1340 Man lachte, aber Wimmer hatte Lust die Be¬
949 1331 3139 1492 merkung krumm zu nehmen. „Was bei Advokaten
951 1514 2930 1644 vielleicht ein Laster sei, sei es darum
954 1636 3111 1810 noch nicht bei Offizieren. Flegmann erklär-
890 1773 3150 1934 te, dass man zugleich ein lasterhafter Mensch
937 1940 2928 2117 und ein Ehrenmann sein könne, wofür zum
2396 2063 2697 2159 in deux
912 2077 2914 2224 Beispiel Don Juan und viele seiner Art
921 2258 3032 2396 glänzende Beispiele bedeuteten. Der Kon-
966 2384 2984 2562 sul meinte, ein Laster sei das Spie l'nur,
909 2525 3049 2759 wenn man seine Spielschulden nicht zahlen
1087 2632 1461 2742 stande u
2328 2669 2790 2773 - in is
2891 2671 3051 2790 be
892 2657 3046 2888 könne. Da s sei eigentlich nicht vielbes¬
2001 2804 3043 2914 I have in a worke klan
892 2860 2866 3040 ser als Betrug. Man schwieg dam ufgin.
836 3004 2992 3173 („Wisst's Ihr wen ich neulich gesehen ha-
878 3153 2990 3341 be? “bemerkte Wili. „Bogner.“.-Diese Tatsa¬
875 3330 3049 3522 che interessierte nicht weiter,da nur Wim-
867 3465 2922 3654 mer ihn persönlich gekannt. „Hast du ihn
873 3595 2846 3831 gesprochen?“ fragte er Wili. - „Nein“,er-
859 3764 2947 3918 widerte dieser, es ist mir vorgekommen,er
847 3924 2854 4132 hat weggeschaut.- Herr Elrief erschien
6337 642 6508 783 63
4324 811 6551 1019 in lichtem Ueberzieher mit einer Blume im
4366 940 6303 1126 Knopfloch. „Den Ovationen entzogen?"
4363 1098 6480 1270 fragte Greising.-Ich bin im vierten Akt
4366 1258 6396 1405 nicht beschäftigt, erwiderte xxx
4434 1388 4757 1486 arretn
4375 1379 6601 1571 sachlich, und-streifte langsam seinen Hand¬
4377 1551 6503 1717 schuh herunter in der Art, wie er es vor
5793 1658 6241 1737 in ce home
4372 1720 6610 1844 hatte bei nächster Gelegenheft als Vicomte,
4386 1869 6596 2001 Graf, Marquis, Baron in irgald einer Novität
4386 2024 6590 2201 zu tun. Greising zündete sich eine Zigarre
4386 2162 6489 2303 an. „Wer g scheidter, du tätst nicht rau¬
5289 2283 5486 2410 mit.
4397 2345 6472 2511 chen“, sagte Tugut/. „Aber,Herr Regiments-
4397 2469 6446 2618 arzt, ich hab ja nix mehr im Hals“, sagte
4389 2612 6401 2829 Greising. -- (Willi hatte ein schlechtes
4397 2815 6331 2930 Gewissen und bemerkte zu Wimmer: „Ich
4391 2959 6410 3077 hätt ihn gern gesprochen den Bogner,es
4391 3074 6584 3234 muss ihm nicht gut gehen, nach seinam Aus-
4403 3215 6514 3389 sehen zu schliessen.“ Der Konsul, hatte
4349 3417 6601 3544 einige Flaschen Somlauer bestellt.Der Welt-
5973 3491 6303 3586 in and
4414 3572 6567 3716 ner schenkte ein, man trank sich gegensei-
4403 3685 6494 3854 tig zu.Wili sah auf die Uhr..O, ich muss
4400 3831 6657 4006 mich leider verabschieden.Um zehn fünf und-
