6935 4440
2657 672 2862 872 165
2001 772 2708 929 de la valeur d'e
601 862 2940 1058 Aringste von dem plane ahnte, den Willygefasst
865 997 2518 1090 Ab de Bon Cante du voit de tuss enze
425 1020 2850 1190 alt: hatte. Er erklärte einzusehen, dass er nach
627 1177 2879 1383 den Mitteilungen des Onkels dieser irgend
531 1344 2772 1531 welche Schritte bei seiner Frau weder un-
614 1508 2702 1679 ternehmen solle noch dürfe. Er sah sogar
669 1618 2805 1843 ein, dass unter diesen umständen) sogar ein
637 1820 2862 1943 -Versuch beim vonsul Schnabel noch eher Aus
650 1959 2721 2120 sicht auf Erfolg habe und einen solchen
595 2094 2927 2239 wollte er ohne weiteres Säumuis unternehmen.
685 2235 2917 2390 „Und wenn a nicht hilft?“ fragte RobertWil-
727 2403 2785 2557 ram. Zu Willy zuckte die Aachseln. „Keine
334 2444 627 2608 Au 5
306 2547 2788 2721 Unter-Uebereilung,Willy,rief der Onkel, Es ist
717 2666 1248 2795 auch dann
1849 2673 2007 2763 ur
306 2679 572 2817 al in
322 2698 2837 2927 nach nichts verloren). Man hat schliesslich
2017 2814 2898 2920 Kopfte. Mitelwerk
531 2834 2891 3036 auch Kameraden".Da wäre einer, der invorigen
425 3014 2772 3184 Jahr eine unverhoffte erbschaft von fünf-
460 3152 2779 3348 zigtamend Gulden gemacht; ein seelenguter
428 3287 2911 3506 Kerl, der würde ihm unmöglich verweigern-Son-
531 3490 2927 3641 derbar, dass ihm das nicht früher eingefallen
984 3593 2467 3683 hier stellt nicht unzuklen an, als er
431 3647 2821 3779 — xxxet. Er sah auf die Uhr. „Es ist Zeit“,sagte
1039 3740 1894 3847 iel im 8. Herzen geburet.
428 3763 2766 3930 eben, daas ich anfange wenn du erlaubst,
637 3911 2772 4159 Onkel, und wenn es dich interessiert, so
5857 87 6079 347 170
5095 219 5738 386 not de her
6285 547 6513 810 166
4191 682 4361 830 of
4200 724 6378 997 erstatte ich Bericht schaldich etwas er¬
4184 949 6156 1139 reicht habe.°
4265 1055 6580 1296 „Also viel Glück“, sagte der Onkel und
4017 1274 6597 1502 mit einem unruhigen Blick, keine Dummheiten,
4069 1393 6246 1647 willg. (wi woll hoff & her
4387 1547 6545 1730 Adieu, Onkel“.Er nahm die dargereichte
4101 1711 6513 1914 Hand,schnallte den mäbel fester und ging.
4339 1878 6619 2091 + Er begab sich unverzüglich zur Polizei.
4236 2029 6478 2226 Nun kam es nur mehr darauf an Leopoldines
4117 2158 6568 2370 Adresse zu erfahren. Dass sie ihm die verlang
4271 2316 6568 2496 te summe weigern könnte) seine Bitte abschla¬
4268 2467 6449 2637 gen könnte, sobald er sie überzeugt hatte,
4284 2618 6394 2817 dass sein Leben, ja so war es nun einmal,
4081 2785 6426 2956 sein Leben auf dem spiele stand, erschien
4249 2953 6503 3129 ihm unmöglich. Ihr Bild, wenn auch im Laufe
4249 3075 6568 3248 dieser fünf Jahre kaum jemals in seiner See-
4262 3223 6519 3467 le aufgetaucht, erstand allmählig in voller
5699 3380 5911 3454 lick
4152 3367 6471 3593 Deutlichkeit vor ihm. Auch sah er dasklei¬
4123 3593 6439 3760 — ne. etwas armaelige Zimmer vor sich, indem
5648 3667 5809 3773 nicht meinlich.
4117 3721 6513 3917 kleinen vorstadthotel,das ihm nnkeksan ja
4178 3863 6461 4081 denfalls aber ihr von früheren Abentauern
