6957 4488
2479 592 2680 740 173
583 703 2811 874 Was verschafft mir das Vergnügen?“ Sie wies
608 879 2825 1058 ihm den Stuhl an, der neben dem Schreibtisch
2384 949 2696 1080 nahm
611 983 2627 1206 stand,sie selbst nahm auf dem be setzte
628 1183 890 1290 me. I
595 1237 2657 1440 sich auf ihren offenbar gewohnten Platz
2610 1262 2850 1382 noses
608 1373 2800 1608 hinter dem Schreibtisch nieder. Willy kam
625 1504 2833 1764 sich vor wie bei einem Arzt, Advokaten oder
689 1605 2861 1834 Notar..Womit kann ich dienen?” fragte sie
857 1814 1181 1918 ment.
706 1772 2903 1979 und es klang nicht sehr ermutigend. -„Gnädi-
706 1915 2889 2141 ge Frau, begann er,.ich möchte vor allem
960 2110 1267 2213 ment.
659 2060 2677 2289 bemerken, dass nicht etwa mein onkel mir
667 2239 2004 2462 Ihre „dresse gegeben hat."
1183 2395 1890 2585 „Ihr -Onkel?“
1195 2534 2258 2727 „Herr Robert Wilram.
1979 2643 2654 2791 de héff et un le
1717 2688 1943 2791 und
1206 2727 2671 2970 „Ach ja“, lächelte sie undsah
670 2839 1373 3157 vor sich hin.
1211 2917 2696 3241 „Er weiss selbstverständlich
678 3135 2861 3444 nichts von diesem Besuch. Ich habe ihnlange
729 3305 2808 3587 nicht gesehen, es war nicht meine Schuld.
742 3447 2777 3654 Eine wichtige Angelegenheit führte mich
698 3590 2749 3899 heute zu ihm und im Laufe des Gesprächs
1122 3791 1306 3880 dee
687 3763 2855 4109 teilte er mir mit, dass er sich indess ver-
6132 675 6370 823 1.74
4212 756 5644 1022 mählt hätte.
4681 999 6283 1170 „Eine Zigarette,Herr Leutnant?“
4848 1100 5281 1209 be verteit in
4167 1167 6412 1295 Sie seichte ihm die offene schachtel hin,
4167 1281 6314 1496 sie bedienten sich beide.er gab ihr Feuer
4215 1443 6280 1622 und zündete sich auch die Zigarett an.
5273 1563 5901 1675 von hefft a d
4131 1574 6252 1758 „Und was führt Sie zu mir, Herr
4173 1756 4709 1937 Leutnant?“
4748 1859 6328 2082 „Die gleiche Angelegenheit,gnä
4167 2060 6319 2241 dige Frau, die mich- zu meinem Onkelgeführt
4162 2216 6289 2375 hat. Ich will Ihre zeit nicht allzu sehr
4209 2350 6303 2537 in Anspruch nehmen(Also, ohne Umschweife.)
5337 2487 5493 2562 tev
5038 2476 5248 2599 door Sir
4123 2504 6266 2680 Ich komme mit einem sonderbaren Anliegen
4167 2666 6300 2833 ich würde Sie nämlich bitten, gnädie Frau,
4215 2833 6211 2989 mir auf drei Monate eine gewisse Summe
5719 2978 6213 3118 ergebängen
4179 2970 5035 3146 vorzustrecken.
5529 3087 6188 3174 w ich schwerk
4229 3112 6266 3305 Ihr Vertrauen ehrt mich. Herr
4187 3285 6325 3456 Leutnant - obwar ich nicht weiss, wie ich
4179 3419 6364 3609 zu dieser Ehre komme. Darf ich in jedem Fall
4179 3592 6258 3760 fragen,um welche Jumme es sich handelt?“
4162 3679 6370 3933 Sie trommelte mit ihrem Zwicker leicht auf
4089 3913 5066 4137 raum niea nedölige
