6792 5944
3080 1250 3323 1468 12
426 1314 3069 1551 Um er konnt nicht verüber, wenn er wollt
440 1544 3173 1830 S dar. Sf. Kgln. Stadt an dic
491 1812 3173 2045 cſt. Qu de Nope..., n. a
476 1937 3234 2217 de veil un cinqe t'lle... Eben... o6.
423 2109 3126 2457 verstorben werden so d wie ihn
458 2385 3341 2643 tell - in vntifleten.
412 2539 2915 2872 es... sine Januilie Garten Kro
426 2700 3116 3134 deve mens ne dort ce yur Tall gelegen
480 3005 3305 3331 kunnen. Un crie c'est  lebbe. ib céled
1980 3255 2271 3370 20
476 3255 3327 3603 lebte er verd.... es einen der gedachte
1536 3381 3012 3613 ev - Testament, autor
476 3520 3259 3810 an dies au deese édele Houde; usetre
2904 3606 3212 3728 jean
566 3642 3162 4065 daß... de alt keven hilb. I de alt
584 3810 3345 4222 Reve Rayd T huys en fleitj. a
541 4147 3019 4434 knt. gede Beweinngs or
620 4272 3470 4677 Hichgelehreit.. ich gar am Heylenheit.
573 4595 3248 4878 mehrere that. das de die die
