7128 4488
6111 631 6287 802 25
2995 736 3151 859 24
4617 799 6147 1032 Otto schwieg.
904 847 3043 1071 einer Operettensängerin,bessere Choristin
4617 976 6236 1155 „Also“fragte Wilhelm
910 1041 3232 1227 eigentlich, das ist die Hauptwurzen. Der Tugut
4447 1122 6323 1275 „Ich danke dir,ich sag natürlich
898 1191 2998 1380 hat ihm vor vierzehn Tagen nicht weniger
4130 1242 5339 1457 nicht Nein - obwohl —
898 1335 3109 1478 als dreitausend Gulden auf einen Sitz abge-
4620 1421 6581 1592 „Ja“, unterbrach ihn Wilhelm mit über-
910 1490 2954 1649 nommen. Bis sechs Uhr Früh haben wir ge-
4166 1535 6377 1736 triebener Lebhaftigkeit, garantiereh kann
892 1628 3151 1804 spielt,auf der offenen Veranda;die Vögel ha
4190 1706 6581 1903 ich natürlich nichts. Aber was ich gewinn -res
904 1778 3016 1945 ben dazu gesungen.Die hundertzwanzig,die
4184 1864 6431 2011 paktive von dem was ich gewinn gehören dir
898 1909 3118 2086 ich heute hab, verdank ich übrigens auch nur
4190 2008 6395 2226 tausend,mindetena tausend. Und wenn ich zu-
892 2110 2995 2244 meiner Ausdauer.sonst wär ich heute ganz
4184 2149 6377 2364 fällig einen besonderen Riss mache -
892 2253 3241 2412 blank. Also, weisst du was? Die hundert Gulden
4585 2367 6512 2484 „Versprich nicht zu viel“, sagte Otto
904 2397 2987 2592 rikiere ich heute für dich.-Ich hab dir
5294 2412 6736 2559 sollte auch nicht so dienste, als die
4184 2517 6461 2663 mit trübem Lächeln. Und jetzt will ich dich
892 2571 3130 2720 gsagt,du sollst mich nicht auslachen, Otto
4172 2612 6521 2774 nicht länger aufhalten. Morgen Früh werde ich
892 2708 3214 2858 Ich weiss,die Chance ist nicht überwältignd.
4172 2795 6467 2960 mir erlauben - aber es wäre dir - vielleicht
886 2843 3130 3004 Aber der Tugut hat sich neulich gar nur mit
4166 2939 6452 3169 unbequem, wenn ich wieder hieherkäme - Also,
898 2995 3046 3172 fünfzig Gulden hingesetzt.-Und dann kommt
1816 3106 2415 3205 oute ce lachaleur &
4175 3085 6347 3268 wie machen wir das?“
892 3151 3172 3361 noch etwas dazu, dass ich seit ein paar Mona-
2819 3247 3229 3355 da sieb
4219 3250 6515 3456 Es ist nicht wegen dem - Aber, wenn
904 3280 3244 3471 ten so nicht das geringste Glück bei den Wei-
4166 3364 6311 3591 du mir deine Adresse geben wolltest, der
898 3468 2909 3630 bern habe.-Also vielleicht ist auf ein
4142 3570 6518 3777 fährst du's vielleicht geschwinder. Es wär ja
892 3618 3256 3797 Sprichwort mehr Verlase als auf die Menschen.'
4172 3723 6578 3878 möglich, dass ich schon heute Abend ein reicher
892 3800 3001 3926 Er lachte kurz auf.
4160 3887 6545 4064 Mann bin, Ich könnte dich sofort in irgend ei-
709 3905 2998 4112 tim neaausb sindlädneV nie isd nef. Iodando2
