7128 4488
4321 703 6472 932 und vorsichtig. Noch war die Bank zurHäfte
5778 862 6679 1011 plok - un encheel,  de
2770 830 2936 987 78
4321 909 6655 1167 unberührt..Hopp,sagte Will.Was war ihm
900 961 3066 1202 trieben,hatte der Regimentsarzt dem Konsul
4327 1069 6429 1260 denn nur eingefallen.Es war zu spätes zu-
903 1193 2956 1327 zum Weiterspielen zu animieren versucht.
5880 1220 6449 1336 nun ich -
4335 1214 6472 1408 rückzunehmen. Der Konsul deckte seine gros
889 1321 3032 1542 Regungslos lageh die Karten auf dem Tisch
5256 1362 5961 1478 es in Mlln hebt
4321 1411 6310 1539 sen Schlager auf. Fünfzehnhundert waren
5761 1466 6719 1623 in qui in rlagh yor
906 1455 2915 1646 herum.Elrief, als wäre er der Gastgeber,
4327 1516 6661 1705 verloren. Zu dumm Nun setzte Wili einen letzten
854 1617 2892 1792 schenkte Cognac ein.Er selbst trank das
5828 1664 6353 1768 Et or put tall.
4315 1699 6539 1838 kleinen getrag-und gewann. Zu dumm, dachte er
912 1751 3002 1983 achte Glas.Fräulein Rihoschek wiegte den
1792 1896 2187 2006 in and
4315 1873 6551 1977 wieder,warum war er so feig gewesen. Wieder
1159 1934 1516 2041 McHark
923 1911 3124 2166 Körper mit einer inneren Melodie. Der Konsul
4309 1969 6316 2155 hopp.Er verlor. „Noch einmal hopp“.Der
915 2120 3081 2239 liess zwei neue, unberührte Spiele bringen,
5517 2114 6136 2242 Mitrund Rad
4321 2126 6571 2320 Konsul zögerte. „Was fällt dir denn ein
915 2242 3104 2390 sah auf die Uhr und sagte: „Punkt halb drei
4327 2277 6455 2457 rief der Regimentsarzt unwillkürlich. Wil
4597 2433 4942 2532 ment en
926 2375 2642 2541 Schluss ohne Pardon. Es war zwei.
5688 2419 6504 2515 de m, de Reim¬
1954 2491 2175 2613 legly
4309 2518 6432 2631 schwindelte es. War das der Coghae? O, er
482 2483 796 2744 76
1327 2520 3014 2700 Der Konsul gab eine Bank,wie sie
5468 2581 5767 2680 tabl
4303 2576 6385 2770 hatte sich geirrt. Er dachte ja natürléh
935 2637 3072 2851 in diesem Kreise noch nicht erhört worden
4263 2738 6539 2968 nicht daran drei oder viertausend auf einmal
1162 2828 1475 2933 eine
926 2817 3078 2991 war:dreitausend Gulden (Ausser der Spielge-
5050 2889 5569 3008 wir die „
4309 2901 6417 3116 zu setzen. (Wissen sie denn, wieviel drin
932 2979 3032 3177 sellschaft und einem Kellner, befand sich
5331 3052 6359 3171 so - nicht mit ich konnte, wie
4257 3052 6426 3206 sind,Herr Leutnant? fragte der Consul,-
941 3119 3078 3328 kein Mensch mehr im Café. Von draussen über
4902 3203 6443 3302 mir de indem in til; - wahil, ob
4309 3255 6397 3461 Ja, nun war/der Moment den Satz zurückzu¬
944 3270 3052 3455 die Terrasse durch die offea Tür drangan
6234 3322 6545 3458 min
5172 3354 5421 3464 talt
1095 3429 1658 3545 morsiedleiten
4315 3368 6461 3543 ziehen Niemand konnte es ihm übel nehmen.
944 3450 3075 3615 helle Vogelstimmen.Der Konsul verlor,aber
4425 3511 4875 3621 not as
1362 3566 2256 3711 verleitet u. mit den Band
4315 3502 6577 3711 „Hopp ist hopp „sagte Wil i. War erdas selbst
909 3557 3090 3816 er hielt sich Elrief hatte sich erholt und
2085 3720 2523 3824 er zu ertnende
4364 3670 6525 3836 Wer sprach denn aus ihm? Wenn e jetzt ver-
1919 3749 3000 3955 Blick von Fräulin
909 3752 1934 3946 anscheinand auf ein
1626 3885 1931 4019 wenn
4300 3821 6551 4059 lor, dann war es ja aus mit Waffenrock, Porte
918 3879 3188 4100 Rihoschek zog er sich auf zurück. Die Andern all
926 4059 3162 4309 alle in mässigem Gewinn, setzten bescheiden
4286 4083 5947 4309 glück. Und die Tausend wandert.
