6984 4536
2823 839 3007 966 161
1009 836 1584 1073 Licit.
2039 916 2374 1089 sleut
886 984 3053 1184 Du wirst dich vielleicht noch an sie erin-
1021 1141 2189 1252 Ihr in erfuhr sich erkennet,
2595 1132 2894 1245 Ain
932 1168 2912 1322 nern. -Willy schüttelte den Kopf. - „Wir
932 1307 2881 1473 waren in einer grösseren Gesellschaft
879 1461 3109 1602 dort.Es war ein Jubiläum vomKribaum". - Jetzt
886 1614 2915 1827 nickte Willy.-.Wir haben ihr alle ihre
889 1762 3112 1946 Blumen abgekauft. Erinnerst dich nicht? Einen
1780 1873 3382 1996 in ei kullur klar, et A Stleif et de Het
3100 1937 3281 2036 leurs
944 1900 2958 2094 blonden Wuschelkopf hat sie gehabt. Zwei
3044 2020 3263 2091 um¬
2309 2036 2746 2128 but in its
1464 2042 2134 2146 ohne est né uni
932 2066 2915 2214 Jahre drauf beim Ronacher war sie kaum
2239 2183 2691 2285 [illegible]
1082 2202 1799 2306 falls er dies auszuste.
944 2211 3032 2377 mehr zu erkennen. Hat sich sehr heraus ge¬
1670 2349 2605 2451 Decruat — auf einen Kind
938 2359 3023 2543 macht. Zu haben war sie näürlich auch da
922 2522 2912 2715 mals. Aber sie hat sich ihreLeute schon
938 2675 2940 2854 ausgesucht. Ich aber hab kein Glück ge-
922 2829 3060 3047 habt bei ihr Mir hat sie immererklärt,sie
2331 2955 3287 3097 Ich bin ich nal weit hineingste
932 2964 3023 3176 sei eigentlich für ein solides Leben. Ich
932 3146 3075 3324 habe natürlich gewusst, dass das einSchwin
1384 3272 2042 3386 wilauche Wort: -
578 3281 3050 3576 16ß del ist) dass ich ihr - im Verhältnis zu +
913 3429 2958 3653 meinen Jahren nicht zahlungsfähig genug
873 3570 3007 3788 war.-Na,und dann ist es eben so gekommen,
1747 3730 2066 3838 allé a
886 3733 3023 3927 wenn sich ein älterer Herr von einem jun
1707 3887 2023 4001 relant.
907 3905 2952 4084 gen Mädel den Kopf verdrehen lässt -und
1325 4047 1667 4191 adresse
5898 178 6098 314 170
5317 224 5790 440 ide her
6279 381 6482 612 162
4225 550 6611 763 Er vor zwei Jahren habe ich das Fräulein Lee-
4446 704 6092 895 poldine Lebus zur Frau gewommen,
5683 741 6470 901 ne la 2 prou.
4188 775 4382 935 a5.
4812 864 6488 1039 Also Lebus hat sich geheissen,
4130 870 4754 1055 neile auss oe
4428 987 6556 1190 dachte Willy. (Komischer Name) Dass es keine
4434 1178 6408 1362 Andere sein konnte als die Leopoldine-
4923 1261 5184 1362 né; ici
4434 1285 6464 1519 obwohl er auch diesen Namen längst ver-
4440 1485 6402 1636 gessen hatte — das war Willyven demAu-
5941 1516 6497 1664 M Blimener.
4428 1599 6396 1808 genblick an klar gewesen, da der Onkel
5520 1700 6488 1808 Ou Hove du 40e klt.
4434 1774 6408 1950 den blonden Wuschelkopf erwähnt hatte.
5347 1848 5707 1950 we have a letter in the
4428 1870 6322 2088 Natürlich hatte er sich wohl gehütet
6153 1980 6451 2097 des V.
4674 2008 5504 2149 peut une drie biente
4443 2026 6657 2242 sich zu verrateh, denn wenn sich Robert
5993 2146 6344 2251 ihren
5271 2165 5443 2260 Ihr
5929 2211 6580 2414 duux Ruf vunt.
4394 2223 5944 2411 Wilram auch über das Wesen und
4560 2319 5944 2408 J'ai vu plusieur mais -
4376 2362 6620 2565 damals wenigstens im Klaren zu sein schien,
6135 2460 6362 2568 & unto
4394 2515 6599 2728 oder wenigstens so tat es wäre ihmdoch pein
5464 2626 5698 2728 Ihn
5636 2611 6390 2832 ,dass Willy an
5092 2688 5646 2811 zu erfahren
4403 2684 5101 2860 lich gewesen
5092 2774 5655 2872 me d'un cite
5643 2768 6085 2860 zu sein.
4406 2857 6390 3010 jenem Abend beim Hornig die Leopoldine
4434 2915 6482 3164 nach Hause begleitet oder vielmehr (wie
4434 3060 6528 3333 er sich jetzt erst erinnerte, dass er sie
6132 3229 6442 3321 sein
4416 3306 6445 3487 (nachdem sie ihm im Geheimenund zu ihrer
4483 3364 6577 3632 Ueberraschung ihre Adresse zugeflüstert,
4207 3481 4576 3665 Kedovn
4637 3545 5095 3653 wieder
4434 3549 6559 3804 Nach ts gegen drei wiedergetroffen,sobald
4446 3742 6491 3945 er den onkel, wie er das gewöhnlich tat,
