7160 4664
2644 795 2845 984 141
2199 905 2480 1048 geasdeil
515 893 688 1084 0:1
713 1011 2912 1209 Schreibtisch lagen Papiere wie gewöhnlich,
755 1145 2739 1371 der grüne Vorhang vor der Bibliothek
2199 1273 2410 1353 schon
1892 1273 2068 1368 ur
731 1322 2751 1517 war halb zugezogen und die guten alten
792 1465 2848 1669 Lederbände waren (zumTeil) sichtar. Ueber
1505 1584 1727 1685 ter so
789 1560 3211 1819 den Divan lag der Perserteppich gebseitet (dux)
2099 1721 2516 1813 verschlessen
1523 1727 1907 1825 a de Mon
801 1785 2897 1950 an der Wand über der Kommode hingen zwei
1950 1867 2431 2004 du etal. de
792 1953 2851 2099 vergilbte Kupferstiche, Landschaften aus
2087 2029 2641 2114 Familienxistre
728 2071 2818 2254 dem Salzkammergut.. Ein-paar Porträts in
734 2209 2985 2388 mattgoldenem Rahmen das Bid der Schwester,
765 2364 3004 2534 Willy's Mutter, kleiner als die andern, stand
731 2528 1124 2626 wie im
722 2538 2976 2708 auf dem Schreibtisch.Willy erkannte es von
1797 2635 2154 2729 Nun Slab
816 2675 2894 2851 rückwärts..Willst du dich nicht setzen,
2611 2772 3004 2854 bels stone
765 2839 3077 3022 Willy?“ -.Danks sehr, lieber Oakel”. -Er hielt
804 2985 3098 3159 die Kappe in der Hand, (stand mit umgeschnall-
813 3122 2994 3314 ten Säbel stramm, wie zu einerdienstlichen
1608 3259 2126 3348 en mitd. die
819 3266 2836 3473 Meldung. Und so begann er auch: „Lieber
822 3470 3034 3622 Onkel Robert, ohne viel Umschweife (ich kom-
1155 3558 2020 3677 out teint nicht
783 3592 3016 3780 me heute nicht nur, um mich nahh deinem Be-
743 3738 2879 3966 finden zu erkundigen.) Es handelt sich um
801 3881 2827 4112 eine sehr ernste sache). Ganz kurz, meine
664 4012 2851 4313 maganzo Existenz steht auf demspiel”.-Ras
6001 225 6257 423 120
3802 335 4173 533 31/5.24.
6227 484 6440 637 142
4225 561 6431 786 „Was du nicht sagst“, meinte Robert
5048 725 5629 826 all it she
4231 740 6580 935 Wilram mit einer gewissen Teilnahmslosigkeit,
4274 893 6492 1097 aber doch nicht mit der von Willy gefürch-
4064 1020 6382 1240 teten völlig ablehnenden Haltung (So fuhr
4219 1200 6397 1426 dieser ohneweiters fort. Ich habe einen
4207 1356 6434 1572 sträflichen Leichtsinn begangen,zum ersten
4268 1487 6345 1739 und zum letzten Mal in meinm Leben.-Ich
4256 1645 6467 1858 habe-gespielt und habe mehr xxxxxx ver-
4243 1800 6415 2035 spielt, als ich besass. Und wenn ich meine
4246 1919 6315 2166 Schuld bis heute sieben Uhr abend nicht
5130 2090 5361 2178 his it.
4250 2084 6613 2343 bezahlt habe (ist meine Existenz vernichtet.")
4438 2215 4685 2297 du dell
5943 2251 6254 2370 ahr. for.
4192 2285 6446 2480 Robert Wilram schüttelte bedauernd den wopf
5849 2400 6473 2547 (curs Schried
4225 2388 6257 2550 (und erwiderte nichts). In Hilley an seine
4377 2538 6281 2641 so wille ### sch Will, of it was - by
4396 2586 6330 2787 Willy berichtete nun (mit) hastigen
4173 2726 6364 2930 Worten sein getriges Erlebnis: Er sei nach
4207 2854 6376 3086 Baden gefahren, um einen kranken Kameraden
4959 3001 5401 3098 gel mit ein
4195 3013 6370 3235 zu besuchen, sich dann in Gesellschaft an¬
4195 3177 6330 3406 derer Offiziere xxx zu einer Spielpartie
3963 3333 6412 3561 verleiten lassen, die anfangs ganz solid, im
4167 3485 6318 3726 weiteren verlauf ohne sein Dazutunin ein
4173 3628 6312 3917 wildes Hazar ausgeartet sei.Dée. Namender
