7192 4504
1605 742 3074 1024 In we do Jent d - nr ce Munt 82
2295 925 2759 1042 in dit ou m
925 925 3232 1231 mögen vor Wut. Und, mit einem plötzlichen küh-
925 1098 3222 1395 nen Einfall wandte er sich an Elrief, der auf-
925 1286 3111 1466 fallend nah bei Fräulein Rehöaschek stand,
949 1426 3219 1617 und sagte: „Herr von Elrief, möchten Sie jetzt
996 1590 3154 1825 vielleicht so freundlich sein mir zweihun-
1005 1735 2205 1942 dert Gulden zu laihen?“
1385 1859 3148 2094 „Tut mir unendlich leid“,erwiderte
1005 2001 3151 2233 Elrief vornehm, „Sie haben ja gesehen,Herr
974 2214 3256 2403 Leutnant, ich habe alles verloren bis auf den
980 2332 3127 2545 letzten Kreutzer. Es war eine Lüge, jeder
1017 2483 3253 2694 wusste es. Aber es schien, als fänden es alle
1948 2632 2397 2743 chr cundam
1017 2622 3179 2854 ganz in Ordnung, dass Herr Elrief den heut-
2799 2740 3157 2882 den Mr
1030 2777 3170 2990 nant anlog. Da schob ihm der Konsul einige
1039 2978 3272 3157 Banknoten hinüber scheinbar ohne zu zählen;
1024 3062 3352 3331 der Regimentsarzt räusperte vernehmlich.Grei-
990 3225 3204 3457 sing sagte (ruhig; „Ich möcht jetzt aufhören
1051 3417 3371 3612 an deiner Stelle Kasda.” Willi zögerte.-xx
1051 3519 3386 3754 „Ich will Ihnen keine swegs zureden,Herr Leut-
1055 3723 3306 3909 nant, sagte Schnabel. Er hatte noch die Hadd
1055 3866 3229 4073 leicht auf dem Gelde liegen. Da griff Will
1954 3983 2703 4094 weis, den Zeit er¬
1055 3983 3371 4227 nach den Banknoten, als wollte er sie zählen.
1070 4200 1698 4339 med! vw eidä
5013 374 5715 550 1 1
5369 615 6185 813 Kamme uit dies
4206 755 6423 937 Fünfzehnhundert sind's sagte der Konsul.
4206 912 6479 1101 Wünschen Sie Karten?“. - Wili lachte. Na, was
4271 1095 6572 1268 denn!“ — „Ihr Einsatz?“ - „Oh, nicht das Ganze;
4277 1246 6510 1404 rief Will aufgeräumt, arme Leut müssen spa-
4277 1385 6538 1512 ren. Nur xx Tausend".-Er gustierte, der Kon-
4258 1534 6609 1692 sul desgleichen mit seiner gewohnten Langsam-
4231 1685 6401 1865 keit.Wili musste eine Karte kaufen, bekam
4277 1855 6473 2019 zu seiner Karovier eine Pickdrei.De Konsil
4286 1998 6445 2146 deckte auf, auch er hatte sieben.-Ich tät
4271 2137 6649 2307 auf hören", sagte nun der Oberleutnant, Wämmer.
5180 2276 5403 2369 und
3943 2276 4206 2474 was a
4283 2304 6769 2483 „Es ist ja wahr“, mainte der Regimentsarzt, xxx
4280 2446 6479 2610 „jetzt wo giaxxx du so ziemlich auf gleich
4274 2632 6470 2786 bist". -Auf gleich, dachte Will Das nennt er
5359 2728 5811 2823 reiche Hei
4271 2796 6485 2926 auf gleich. Ein wohlhabender Mensch war ich
4283 2898 6500 3065 vor einer Vijertelstund und jetzt -en Habre -
4667 2994 6831 3154 [illegible] - We do me, and that I
4283 3080 6420 3238 nichts. Neue Karten lagen vor ihm. Sieben,
6315 3133 6732 3300 martite
4265 3182 6482 3392 hein, er kaufte nichts. Aber der Konsulfrage
5610 3349 5854 3426 nen
4098 3349 5075 3467 et mille à jeunir
4271 3371 6528 3547 nicht darnach, er deckte seine Schlager auf.
4261 3529 6522 3705 Tausend verloren,brummte es in Willis Hirn.
3996 3683 6470 3844 Aber ich gewinne sie zurück. Und wenn nicht,
4224 3835 6439 4033 ist ja doch egal.Kann zweitausend  quid so
4261 4119 6259 4299 glück. Und die Tausend wanderten wieder
