7336 4616
1040 732 2736 923 i Sie hab gedrott, it by Toldy
1033 869 2507 1118 nage - Th Heer Colls he
1074 1019 2377 1214 Ich schwer Ihre sehr schon
1166 1105 2558 1344 to me, in he mobles.
1235 1153 2869 1447 sei uwermals als kein bey
1166 1419 1799 1590 en stellet est
1334 1464 2350 1689 or fahr was than
1255 1512 3078 1792 n' et volles Ordonn - ik bleib hier
3676 99 4874 349 of you have m
5274 89 5821 321 it of the
4350 239 4740 369 sapr
4012 315 5233 578 Gattel, Meck. R. W.
6337 318 6549 513 or
5592 407 6023 609 s..,
6484 540 6741 746 112
3930 780 6344 1067 Und né un nous fort... C'est pour luyer bleibe ou
3940 982 6289 1176 dass er wie den. Das in erstellte
3923 1194 6276 1409 u. mitte.  Aus is..  No
3906 1361 6272 1614 werk in der netten ich, dass er dieses
3936 1604 6108 1902 Hand. zu wenigekämpft t,el
4131 1857 6614 2066 Zue zukmitteln immer iten beweisigt
3895 2045 6645 2295 ich es immer noch drei zubei theil Sonberte
3967 2281 4815 2500 feiltele.....
4918 2315 6508 2500 (mille mich xxx)
3988 2517 6337 2685 Es nouvell um Thut den de febri.
3995 2698 6433 2914 wuft alhil mitt, ob u desen Leopold
3977 2825 6272 3088 dens laut den sein fort an, eben als
3988 3044 6354 3307 weler Stichsel. Sie dürst¬
3977 3266 6183 3519 2 Teuil, -offel wie auf -
3964 3475 6324 3745 wollle. de lui... but theend.
3947 3711 6204 3947 it was, -    We
3974 3885 6365 4186 Entjug zu - durch den - dort zur
