7209 4488
4049 304 4508 468 241- in
2743 595 2949 753 100
5975 662 6193 914 103
2834 884 3031 1018 102
3770 860 4098 1066 25.24.
4243 899 6209 1200 zuvorkommenden Ton. Das darf ich wohl
854 1008 2946 1224 gesessen oder noch was Dümmeresange tellt
4298 1060 6257 1346 sagen“, entgegnete der Konsul, „ich war
854 1145 3274 1376 hat.“- „O,was mich anbelangt“, sagte Willy,
4335 1236 6324 1504 nahezu überall, nur in dem Land, von dem
933 1327 3080 1510 bei mir kommt es gar nicht so selten vor,
4347 1361 6409 1637 ich konsul bin, war ich nicht, in Eguador.
850 1428 2907 1643 dass ich mich in einer so frühen Stunde
4344 1519 6394 1810 Aber ich habe die Absicht nächstens auf
929 1570 2922 1792 unter freiem Himmel befinde. Vorgestern
4350 1677 6436 1953 den Konsultitel- zu verzichten und hinzu-
890 1713 3071 1944 erst hatten wir Ausrückung in den Praterum
4356 1813 6251 2114 fahren.“Er lachte und Willy lächelte
923 1898 3150 2069 halbvier bin ich schon im Kasernhof gestan-
945 1999 3171 2214 den mit meinem Aug; allerdings bin ich nicht
4377 1980 6336 2269 gl ichfalls, wenn auch etwas mühselig.
4845 2102 6528 2394 Sie fuhran durch eine armselige,
948 2151 2989 2372 im Fiaker hinuntergefahren".-Der Konsul
4359 2302 6446 2573 langgestreckte Ortschaft hin, neben eben-
951 2321 3116 2506 lachte herzlich, was willy wohltat, trotzdem
1959 2442 2154 2539 e hl
4413 2415 6491 2719 ordigen,wenig gepflegten Häuschen;in ei-
966 2469 3098 2706 es etwas künstlich/klang. „Ja so was Aehn“
4420 2564 6522 2864 nem Vorgärtchen begoss ein hemdärmeliger
963 2594 3007 2807 liches hab ich auch einmal mitgebracht",
4435 2722 6555 3013 alter Mann Sträuche und Wiesen, ein Milch-
951 2785 3041 2992 sagte der Consul, ich hab freilich nicht
4447 2870 6518 3165 laden war (schon) geöffnet und ein junges
963 2925 2995 3123 das Glück gehabt Offizier zu sein,nicht
2454 3041 2694 3123 were
1983 3056 2135 3144 ter
4477 3053 6558 3323 Weib in ziemlich abgerissenem Kleid trat
957 3065 3004 3305 einmal Freiwilliger war ich/ Ja, ich habe
6105 3141 6613 3284 auf die Straße
1938 3189 2764 3314 seiner -   in in Fidre
4483 3202 6461 3487 eben mit einer gefüllten vanne heraus,
957 3238 3110 3426 meine drei Jahre abgedient, denken Sie, ein
4492 3344 6543 3642 Willy verspürte einen lächerlichen Neid
1218 3390 1765 3490 Wm Ker
1273 3387 3007 3575 Hebildeter Mensch bin ich oder war
960 3481 1282 3596 so ung
1267 3545 1662 3648 and she -
4499 3505 6564 3815 auf Beide, den alten mann, der sein Gärt-
954 3527 3028 3791 ich. Nun, ich habe einiges nachgeholt im
5036 3566 5231 3678 A
4520 3672 6549 3952 chen begoss, und die Frau, die ihren Kin-
866 3672 3305 3921 dolauf der Zeit,auf Reisen hat man ja dazu Ce-
4523 3815 6619 4098 dern Milch brachte.Er wusste, dass Beiden
820 3861 3244 4058 nejlegenheit? - Herr Consul sind viel in der
802 4022 3059 4298 ###elt herumgekommen?“fragte Wily in sehr
