7144 4536
2066 815 2556 988 is had a
2149 922 2360 1043 till
934 991 3017 1167 zum Konsul hinüber. Aber er hatte ja noch
991 1144 3051 1294 einiges. Oder war er schon ganz ruiniert?
974 1288 3060 1461 Ach, keine Idee.Da lagen shhon wieder ein
980 1426 2982 1596 paar Tausend. Nobel der Konsul.Nun ja,er
974 1582 2948 1752 war sicher, dass er sie zurückbekam.Ein
789 1749 2956 1945 Offizier musste ja seine Spielschulden
2461 1902 3051 2026 ab der Herr
985 1861 2354 2020 zahlen. So ein Herr Elrief
2461 1991 3017 2083 Boré-Moyen
1714 1994 2354 2118 ab in oft
1006 2057 3048 2158 Elrief in jedem Fall. Und wieder setzte
1346 2149 2409 2253 Dergleich. Her kommt, und
991 2155 2953 2383 er tausend.Sieben Hm.Herr Konsul.wieder
2308 2233 3322 2394 sulle dule une keure
985 2366 3086 2538 ein Schlager? Nein, der gute Konsul musste
980 2504 3126 2616 kaufen. Und diesmal gustierte er nicht ein¬
974 2654 3017 2829 mal, so eilig hatte er s. Und or bekam zu
977 2803 3123 2956 seiner Eins eine Acht. Pickacht! Das waren
980 2985 3123 3092 neun, ganz ohne Zweifel. Acht wären ja auch
962 3057 2962 3308 genug gewesen. Und wieder wanderte ein
1743 3210 2227 3322 civril his;
974 3210 2976 3411 Tausender zu ihm, aber gleichswieder zu-
968 3423 2916 3579 rück. Oder waren es mehr? Wieviel? Ein
962 3567 2913 3720 oder zwei oder drei Tausender? Besser
951 3682 3094 3887 gar nicht hinsehen, das brachte vielleicht
951 3872 2899 4025 Unglück. Oh, der Konsul würde ihn nicht
945 4040 3045 4178 betrügen. Auch standen ja alle die Andern
1291 4152 1951 4325 pebnew bneais
2484 4186 2682 4333 Holl.
4907 366 5388 617 1 do 1
6307 735 6474 902 87
4431 798 6549 1069 da. Und da er ohnehin nicht wusste wieviel
4186 919 4342 1057 G.H.F.P.
4437 957 6500 1242 er schon schuldig war, setzte er meitau
4426 1127 6552 1406 send. Piokvier! Ja, da musste nau. wohl kau-
4763 1219 5031 1308 st was
4405 1271 6466 1518 fen. Und nun war es um eins zu viel. Der
4400 1400 6509 1639 Konsul musste sich gar nicht bemühen und
4394 1513 6382 1835 hatte dar drei gehabt. Drüben waren die
5653 1590 6566 1758 me werdich die
4388 1737 6468 1988 zweitausend und gleich wieder bei ihm. Es
4371 1876 6376 2112 war beinahe zum Lachen. Hin und her.Her
4365 2031 6445 2259 und hin. Ha, da schlug, wieder die Kirch-
4359 2187 6342 2440 turmuhr.Halb.Aber niemand hatte es ge-
4328 2331 6494 2608 hört offenbar. Nur er. Der Konsul gab ruhäg
4328 2469 6483 2729 die varten aus. Im Halbkreis fehlte einer.
4310 2625 6336 2858 Der Regimentsarzt war verschwunden. Ja,
4299 2769 6333 3008 Wili hatte schon früher bemerkt, wie er
4060 2930 6373 3204 Mütend den vopf schüttelte. Er konnte es
5711 2968 6091 3069 in meern
4264 3077 6307 3351 wohl nicht mitansehen wie der Leutnant
3973 3201 4221 3360 Jasn
4282 3256 6342 3515 Kasda um seine Existenz spielte. Wie ein
4264 3403 6411 3656 Doktor nur so schwache verven haben konn-
4253 3561 6241 3806 te. Da lagen wieder die Karten vor ihm
4650 3679 4915 3757 de me
4238 3688 6359 3970 und hier der Einsatz.Er wusste nicht ge-
3991 3821 6310 4132 nau wieviel.Eine Handvohl Banknoten.Das
