6840 4488
2620 744 2790 875 20
5788 724 6146 947 scht an
3874 715 5705 908 test natürlich nicht sagen - - Ich
5872 881 6053 1060 re
753 840 2972 1057 * Du kannat dir denken, Willi, sagte Otto
3868 908 5705 1069 deiner Stelle nur von dem kranken
5636 1012 5833 1167 1
256 917 485 1206 21
771 1072 3037 1191 ruhig, dass es auch mit meinem Cousin nichts
3892 1033 5529 1218 den. Weisst du,Aerzte,Apotheker
5467 1131 5884 1239 - yours
771 1209 2846 1361 ist. Kurz und gut, dass es auf der ganzen
4124 1218 5985 1364 Otto runzelte die Stirn, An Högster
3853 1265 4020 1390 G.H.F.P.
771 1355 3025 1516 weiten Welt keinen Menschen gibt, an den ich
3844 1367 6026 1527 habe ich - wie's weniger dringend war, vor
795 1516 2995 1685 nur mit der geringsten Aussicht auf Erfolg
3892 1474 6041 1667 drei Wochen, geschrieben. Er hat mir nicht
816 1644 3028 1810 herantreten könnte. Du weisst nicht, was das
3862 1644 6009 1831 einmal geantwortet. Er warf den Arm ver
813 1775 2948 1959 heisst, niemanden mehr haben - - ausser
3886 1825 6083 1986 ächtlich vor sich hin. „Ich wiederhole dir,
1596 1894 2099 2007 Caille Tiller
810 1918 2983 2150 Frau und Kind Dxxiehst doch, dass auch du,
3892 1950 6107 2138 überlegt habe ich alles Betteln könnte ich
801 2102 2861 2251 Willi, der heut anders dasteht wie ich -
3898 2111 6208 2322 ja noch da und dort, und es wär ja viel.
1125 2230 2650 2439 „Aber wie steh ich denn da-!“
3886 2284 6015 2462 leicht denkbar, dass ich bis morgen Abend
1128 2403 2885 2558 „Dass auch du im Augenblick keinen
3892 2436 6160 2593 die neunhundertsechzig Gulden zusammenbräch
750 2528 2978 2707 Menschen weisst,der dir einen Tausender zur
3904 2570 6059 2772 te, aber sicher ist auch das nicht). Und ich
804 2662 2203 2900 Verfügung stellen würde.)
3874 2769 6157 2957 bleibe dabei, dein Onkel ist der einzige Aus-
5479 2846 5878 2945 ce with it.
756 2849 2906 3067 Willi hob plötzlich den Finger als
3915 2858 6131 3088 weg. Ich kenn ihn ja doch. (Vor sieben oder
5109 3001 5598 3100 wil viel in
798 3019 2436 3219 wäre er auf eine Idee gekommen.
3909 3034 6172 3237 acht Jahren war ich ja auch ein paar Mal mi
846 3162 2844 3341 „Nun?'fragte. Otto erwartungsvoll.
3886 3153 6154 3400 ihm beisammen. So ein gutmütiger, charmanten
637 3290 2918 3493 „Wenn du's beim Rudi Högster versu-
3898 3344 6107 3573 Mensch. (Und reich und nobel. Ja,um Gottes-
816 3448 2855 3662 ohan würdest'. Du weisst doch,er hat eine
3927 3522 6214 3701 willen,er kann doch nicht plötzlich ein ganz
807 3603 3082 3778 Eabschaft gemacht vor ein paar Monaten von
3924 3683 5103 3892 anderer geworden sein.
616 3767 3007 3969 zwanzig oder fünfund zwanzigtausend Gulden.
5351 3805 6184 4014 amal so, Otto,vnn
4359 3832 5023 4049 Aber os ist
801 3877 3022 4160 Es ist sicher noch was davon übrig. Du dürf-
