7064 4568
2646 552 2825 646 a no
3692 606 4077 879 11/6.1924.
6226 612 6447 903 180
4171 749 6335 985 ohelte. Dann sagte sie: „Om halb acht werde
2768 909 2995 1109 179
4168 940 6341 1140 cich jedesfalls schon wissen, ob ichin der
4165 1128 6290 1331 Lae bin oder - - -   Sie überlegte.
803 1085 1240 1403 habe h.
4192 1194 6384 1449 Dann sagte sie: „Ich werde Ihnen dieAntwort
1206 1300 3310 1525 („Wenn du das für-mich tun wolltest—“) Leipen
788 1388 1161 1582 afgemeld
1385 1446 1804 1540 he is in
4241 1419 6305 1604 vielle icht auch das meld durch eine Ver-
1228 1458 2934 1673 Ich habe heute ohnedies eine Be¬
5047 1552 5711 1679 nkreuillet Cess.
4180 1546 6347 1788 trauensperson" Es zuckte ganz unmerklich
797 1625 3028 1843 sprechung mit ihm um fünf Uhr in der Kanz¬
4177 1737 6278 1907 um ihre Lippen, da sie seine Enttäuschung
973 1785 2810 1967 leiy. Ich will sehen, was sich machen
4180 1858 6187 2149 merkte..Adieu,Herr Leutnant",sagte sie
824 1937 3062 2140 lässt. Jedesfalls rate ich dir,verlass dich
4183 2040 5671 2207 und begleitete ihn zur Türe.
815 2064 2962 2280 nicht darauf, nicht im geringsten.Denneine
4808 2134 6438 2358 „Auf Wiedersehen“, erwiderte er.
809 2252 2904 2407 sogenannte Kabinetsfrage werde ich nicht
4777 2319 6166 2522 Darauf antwortete sienicht
4026 2352 4368 2504 Noilem
834 2364 2855 2583 daraus machen. Ich wüsste wirklich nicht
6114 2434 6450 2574 Seidell.
4198 2470 6253 2725 einmal). Ihr Blick war kalt und fremd.Als
834 2552 2874 2758 warum, setzte sie mit plötzlicher Härte
4204 2631 6344 2822 ihm das 8:nhuMädchen, dem sie geklingelt,
821 2728 3116 2892 hinzu. Dann aber lächelte sie und erhob sihh.
4171 2798 6405 3001 (ohne dass er es bemerkt)die Türe ins Stie-
861 2834 2971 3046 Er fühlte,die Audienz wan zu Ende.Er er-
4201 2919 6432 3152 genhaus öffnete, war Frau Leopoldine Wilram
834 2989 3040 3225 griff ihre Hand.Nun erlaubte sie ihm einen
4210 3077 6108 3304 schon in ihrem Zimmer verschwunden.
873 3168 2089 3377 Kuss darauf zu drücken.
4110 3237 6235 3456 Während der wenigen Minuten, die
1406 3283 3174 3531 „Und wann darf ich mir die Antwort
6223 3313 6717 3471 merkseln de
3037 3425 3246 3571 was
4071 3383 6457 3622 bei Leopoldine verbracht,war er durch so ver-
2771 3453 2971 3613 Ahin
800 3492 1188 3662 holen?“
2531 3519 2698 3644 G.H.F.P.
2995 3544 3189 3634 un
4071 3525 6199 3734 schiedene Stimmungen der Entmutigung, der
737 3574 3083 3807 Sie dachte eine Weile nach. Bist
4074 3707 6217 3910 Hoffnung, der Geborgenheit und neuer Ent-
640 3774 2886 3968 - du um acht Uhr zuhause?“ Er nickte. „Du
1240 3862 2416 3980 we he sent you to a Novee.
4044 3841 6481 4138 täuschung gegangen, dass er die Treppe in einer
791 3956 2980 4153 wohnst in der Alserkaserne?“ Er erwiderte
1237 4044 1522 4156 Cossin
764 4065 2919 4338 rasch: Dritte Stiege. Zimmer vier. Seelä-
