<?xml version="1.0" encoding="UTF-8" standalone="yes"?>
<PcGts xmlns="http://schema.primaresearch.org/PAGE/gts/pagecontent/2013-07-15" xmlns:xsi="http://www.w3.org/2001/XMLSchema-instance" xsi:schemaLocation="http://schema.primaresearch.org/PAGE/gts/pagecontent/2013-07-15 http://schema.primaresearch.org/PAGE/gts/pagecontent/2013-07-15/pagecontent.xsd">
    <Metadata>
        <Creator>prov=READ-COOP:name=TrHtr:version=2.1.0:model_id=51170:date=14_08_2023_21:42</Creator>
        <Created>2023-05-10T14:46:16.779+02:00</Created>
        <LastChange>2023-08-14T21:42:46.124+02:00</LastChange>
        <TranskribusMetadata docId="1428676" pageId="55425850" pageNr="131" tsid="132826996" status="IN_PROGRESS" userId="64420" imgUrl="https://files.transkribus.eu/Get?id=NTRZZAVKPBBUTCBKTULZHGHM&amp;fileType=view" xmlUrl="https://files.transkribus.eu/Get?id=CUWLEHSEEPFEHNGMLAJUNWHH" imageId="44699927"/>
    </Metadata>
    <Page imageFilename="1428676_0131.jpg" imageWidth="6760" imageHeight="5928">
        <ReadingOrder>
            <OrderedGroup id="ro_1711812494894" caption="Regions reading order">
                <RegionRefIndexed index="0" regionRef="tr_1"/>
            </OrderedGroup>
        </ReadingOrder>
        <TextRegion id="tr_1" custom="readingOrder {index:0;}">
            <Coords points="423,1191 6465,1191 6465,4905 423,4905"/>
            <TextLine id="tr_1_tl_1" custom="readingOrder {index:0;}">
                <Coords points="6213,1284 6256,1287 6305,1319 6330,1316 6351,1298 6447,1312 6440,1131 6405,1135 6394,1124 6334,1156 6298,1138 6209,1149"/>
                <Baseline points="6232,1241 6322,1247 6411,1247 6453,1247"/>
                <TextEquiv>
                    <Unicode>11</Unicode>
                </TextEquiv>
            </TextLine>
            <TextLine id="tr_1_tl_2" custom="readingOrder {index:1;}">
                <Coords points="1188,1369 1606,1358 1858,1426 2131,1344 2819,1348 2819,1273 2663,1231 1865,1294 1575,1181 1192,1231"/>
                <Baseline points="1211,1343 1301,1337 1390,1337 1480,1331 1570,1331 1659,1331 1749,1331 1838,1331 1928,1331 2017,1331 2107,1325 2196,1319 2286,1325 2375,1319 2465,1319 2555,1319 2644,1313 2734,1313 2823,1307"/>
                <TextEquiv>
                    <Unicode>fith mit in der Nächl. at offern</Unicode>
                </TextEquiv>
            </TextLine>
            <TextLine id="tr_1_tl_3" custom="readingOrder {index:2;}">
                <Coords points="3738,1355 3784,1358 3802,1376 3833,1376 3858,1355 3901,1387 3936,1376 3972,1383 3986,1255 3965,1252 3926,1220 3887,1252 3869,1241 3780,1277 3748,1273"/>
                <Baseline points="3760,1343 3808,1343 3898,1337 3987,1319"/>
                <TextEquiv>
                    <Unicode>14.</Unicode>
                </TextEquiv>
            </TextLine>
            <TextLine id="tr_1_tl_4" custom="readingOrder {index:3;}">
                <Coords points="2993,1422 3011,1418 3060,1454 3092,1447 3103,1458 3114,1447 3192,1497 3231,1472 3259,1489 3287,1479 3273,1294 3231,1305 3167,1273 3121,1301 3068,1255 2982,1259"/>
                <Baseline points="3008,1379 3098,1384 3187,1390 3277,1396 3289,1402"/>
                <TextEquiv>
                    <Unicode>125</Unicode>
                </TextEquiv>
            </TextLine>
            <TextLine id="tr_1_tl_5" custom="readingOrder {index:4;}">
                <Coords points="2153,1454 2192,1450 2238,1475 2252,1461 2298,1461 2376,1482 2401,1504 2468,1450 2497,1450 2500,1337 2447,1333 2436,1344 2394,1330 2365,1348 2337,1337 2302,1362 2231,1340 2192,1372 2153,1372"/>
                <Baseline points="2173,1426 2238,1426 2328,1426 2417,1420 2507,1420"/>
                <TextEquiv>
                    <Unicode>sills.</Unicode>
                </TextEquiv>
            </TextLine>
            <TextLine id="tr_1_tl_6" custom="readingOrder {index:5;}">
                <Coords points="1592,1518 1628,1518 1674,1482 1716,1479 1731,1465 1777,1493 1819,1489 1823,1397 1794,1397 1780,1411 1762,1411 1692,1369 1660,1387 1631,1369 1596,1376"/>
                <Baseline points="1611,1438 1653,1438 1743,1444 1832,1432"/>
                <TextEquiv>
                    <Unicode>her</Unicode>
                </TextEquiv>
            </TextLine>
            <TextLine id="tr_1_tl_7" custom="readingOrder {index:6;}">
                <Coords points="3642,1578 4759,1489 6405,1575 6454,1316 3638,1348"/>
                <Baseline points="3659,1486 3749,1498 3838,1498 3928,1492 4017,1492 4107,1486 4196,1486 4286,1492 4375,1486 4465,1486 4554,1480 4644,1480 4734,1486 4823,1486 4913,1480 5002,1486 5092,1486 5181,1486 5271,1486 5360,1486 5450,1492 5539,1492 5629,1504 5719,1498 5808,1504 5898,1510 5987,1510 6077,1516 6166,1528 6256,1534 6345,1540 6435,1540 6465,1546"/>
                <TextEquiv>
                    <Unicode>gens der Tag.. a deu un Repetur</Unicode>
                </TextEquiv>
            </TextLine>
            <TextLine id="tr_1_tl_8" custom="readingOrder {index:7;}">
                <Coords points="404,1560 1585,1631 2167,1525 2291,1606 3007,1567 2954,1443 2663,1411 2394,1500 1929,1387 1624,1518 1160,1394 408,1383"/>
                <Baseline points="423,1528 513,1528 602,1534 692,1540 782,1546 871,1552 961,1552 1050,1552 1140,1546 1229,1546 1319,1546 1408,1546 1498,1546 1587,1546 1677,1540 1767,1534 1856,1528 1946,1528 2035,1522 2125,1522 2214,1522 2304,1522 2393,1522 2483,1522 2572,1522 2662,1516 2752,1522 2841,1522 2931,1522 3014,1528"/>
                <TextEquiv>
                    <Unicode>Nun âtes rechte u a été un conseil lui</Unicode>
                </TextEquiv>
            </TextLine>
            <TextLine id="tr_1_tl_9" custom="readingOrder {index:8;}">
                <Coords points="3578,1798 4209,1844 4468,1723 5490,1702 6415,1816 6415,1645 5351,1532 5146,1614 4216,1528 3575,1592"/>
                <Baseline points="3599,1719 3689,1725 3778,1719 3868,1713 3957,1713 4047,1713 4137,1713 4226,1713 4316,1713 4405,1713 4495,1713 4584,1713 4674,1707 4763,1707 4853,1701 4942,1707 5032,1707 5122,1701 5211,1695 5301,1695 5390,1701 5480,1701 5569,1701 5659,1707 5748,1707 5838,1713 5928,1719 6017,1725 6107,1731 6196,1737 6286,1749 6375,1755 6423,1755"/>
                <TextEquiv>
                    <Unicode>Nellfra l cœur.... Aber mit nachmitt</Unicode>
                </TextEquiv>
            </TextLine>
            <TextLine id="tr_1_tl_10" custom="readingOrder {index:9;}">
                <Coords points="465,1833 2968,1801 2972,1667 2195,1578 1582,1723 1145,1567 465,1674"/>
                <Baseline points="483,1719 573,1725 662,1725 752,1731 841,1737 931,1743 1020,1743 1110,1743 1199,1743 1289,1749 1379,1749 1468,1743 1558,1749 1647,1749 1737,1743 1826,1737 1916,1737 2005,1725 2095,1725 2184,1725 2274,1725 2364,1713 2453,1719 2543,1713 2632,1719 2722,1719 2811,1725 2901,1731 2978,1737"/>
                <TextEquiv>
                    <Unicode>so is jeige, je fern je ankeur</Unicode>
                </TextEquiv>
            </TextLine>
            <TextLine id="tr_1_tl_11" custom="readingOrder {index:10;}">
                <Coords points="500,1947 1801,1919 1936,2004 2543,1904 2837,1968 2809,1816 2688,1876 1876,1784 496,1833"/>
                <Baseline points="519,1886 608,1892 698,1898 788,1898 877,1898 967,1904 1056,1904 1146,1910 1235,1910 1325,1910 1414,1904 1504,1892 1593,1892 1683,1898 1773,1892 1862,1892 1952,1892 2041,1898 2131,1904 2220,1898 2310,1898 2399,1898 2489,1898 2578,1910 2668,1916 2758,1922 2841,1922"/>
                <TextEquiv>
                    <Unicode>in M lage in here by</Unicode>
                </TextEquiv>
            </TextLine>
            <TextLine id="tr_1_tl_12" custom="readingOrder {index:11;}">
                <Coords points="3635,1965 4631,2057 5926,1926 6405,2043 6408,1819 6220,1777 5897,1880 5124,1762 3890,1904 3638,1819"/>
                <Baseline points="3659,1958 3749,1952 3838,1946 3928,1946 4017,1946 4107,1946 4196,1946 4286,1952 4375,1952 4465,1958 4554,1952 4644,1946 4734,1940 4823,1934 4913,1928 5002,1922 5092,1916 5181,1910 5271,1910 5360,1904 5450,1898 5539,1904 5629,1904 5719,1904 5808,1910 5898,1916 5987,1916 6077,1928 6166,1928 6256,1940 6345,1946 6417,1964"/>
                <TextEquiv>
                    <Unicode>3    d'est de Josephine, été à cette</Unicode>
                </TextEquiv>
            </TextLine>
            <TextLine id="tr_1_tl_13" custom="readingOrder {index:12;}">
                <Coords points="475,2106 1092,2160 1890,2092 2263,2177 2812,2121 2766,1968 2553,2043 1848,1954 1078,2050 819,1922 472,1972"/>
                <Baseline points="495,2059 585,2065 674,2071 764,2077 853,2077 943,2083 1032,2089 1122,2089 1211,2095 1301,2089 1390,2089 1480,2083 1570,2077 1659,2083 1749,2083 1838,2089 1928,2095 2017,2095 2107,2089 2196,2089 2286,2089 2375,2101 2465,2107 2555,2107 2644,2113 2734,2113 2817,2119"/>
                <TextEquiv>
                    <Unicode>of him &amp; lass.. Edler feet- a</Unicode>
                </TextEquiv>
            </TextLine>
            <TextLine id="tr_1_tl_14" custom="readingOrder {index:13;}">
                <Coords points="3596,2181 6408,2216 6447,2007 6131,2067 5600,1961 3599,2114"/>
                <Baseline points="3617,2178 3677,2184 3766,2173 3856,2173 3946,2161 4035,2167 4125,2161 4214,2161 4304,2161 4393,2161 4483,2161 4572,2155 4662,2155 4751,2149 4841,2143 4931,2131 5020,2131 5110,2119 5199,2119 5289,2113 5378,2113 5468,2107 5557,2101 5647,2101 5736,2101 5826,2101 5916,2101 6005,2107 6095,2107 6184,2101 6274,2107 6363,2113 6453,2113"/>
                <TextEquiv>
                    <Unicode>" - "    "  F. a.   in derkreiche</Unicode>
                </TextEquiv>
            </TextLine>
            <TextLine id="tr_1_tl_15" custom="readingOrder {index:14;}">
                <Coords points="482,2270 2933,2333 2933,2216 2571,2170 1486,2220 1184,2106 482,2206"/>
                <Baseline points="501,2256 591,2268 680,2268 770,2262 859,2268 949,2268 1038,2268 1128,2268 1217,2268 1307,2268 1396,2268 1486,2262 1576,2262 1665,2268 1755,2274 1844,2274 1934,2286 2023,2286 2113,2280 2202,2280 2292,2280 2381,2274 2471,2280 2561,2280 2650,2286 2740,2280 2829,2286 2919,2286 2943,2292"/>
                <TextEquiv>
                    <Unicode>is so than tell... _.. Ab und</Unicode>
                </TextEquiv>
            </TextLine>
            <TextLine id="tr_1_tl_16" custom="readingOrder {index:15;}">
                <Coords points="3532,2369 6089,2383 6217,2351 6220,2202 5752,2177 5355,2294 3536,2259"/>
                <Baseline points="3552,2334 3641,2334 3731,2340 3820,2346 3910,2346 3999,2346 4089,2340 4178,2340 4268,2340 4357,2340 4447,2340 4537,2346 4626,2346 4716,2340 4805,2340 4895,2340 4984,2340 5074,2340 5163,2340 5253,2340 5342,2334 5432,2334 5522,2328 5611,2328 5701,2322 5790,2316 5880,2322 5969,2322 6059,2322 6148,2322 6226,2334"/>
                <TextEquiv>
                    <Unicode>er nimmt mit ein wen, wel weht Rut. c.</Unicode>
                </TextEquiv>
            </TextLine>
            <TextLine id="tr_1_tl_17" custom="readingOrder {index:16;}">
                <Coords points="4064,2458 4107,2450 4149,2486 4206,2450 4220,2465 4234,2454 4280,2465 4298,2486 4330,2468 4397,2482 4451,2465 4451,2376 4419,2369 4362,2383 4302,2358 4227,2397 4185,2355 4142,2348 4107,2380 4064,2383"/>
                <Baseline points="4083,2435 4101,2435 4190,2441 4280,2435 4369,2429 4459,2429"/>
                <TextEquiv>
                    <Unicode>leur</Unicode>
                </TextEquiv>
            </TextLine>
            <TextLine id="tr_1_tl_18" custom="readingOrder {index:17;}">
                <Coords points="493,2539 1468,2465 2833,2553 2989,2419 489,2362"/>
                <Baseline points="513,2441 602,2435 692,2441 782,2441 871,2447 961,2447 1050,2453 1140,2453 1229,2453 1319,2453 1408,2459 1498,2459 1587,2459 1677,2459 1767,2465 1856,2465 1946,2465 2035,2459 2125,2465 2214,2465 2304,2465 2393,2471 2483,2471 2572,2465 2662,2477 2752,2477 2841,2477 2931,2477 2996,2471"/>
                <TextEquiv>
                    <Unicode>tres. agrendre enfrai ou de    u feu</Unicode>
                </TextEquiv>
            </TextLine>
            <TextLine id="tr_1_tl_19" custom="readingOrder {index:18;}">
                <Coords points="3646,2557 6366,2585 6366,2468 5848,2351 5557,2475 5039,2387 4837,2482 4670,2408 4493,2486 3646,2458"/>
                <Baseline points="3665,2507 3754,2519 3844,2525 3934,2537 4023,2537 4113,2543 4202,2543 4292,2537 4381,2537 4471,2537 4560,2537 4650,2537 4740,2537 4829,2543 4919,2543 5008,2543 5098,2537 5187,2543 5277,2543 5366,2537 5456,2537 5545,2531 5635,2531 5725,2531 5814,2531 5904,2537 5993,2537 6083,2543 6172,2543 6262,2543 6351,2531 6375,2531"/>
                <TextEquiv>
                    <Unicode>as does Beyschus dachte -; nillemt</Unicode>
                </TextEquiv>
            </TextLine>
            <TextLine id="tr_1_tl_20" custom="readingOrder {index:19;}">
                <Coords points="465,2677 2894,2677 2894,2539 2358,2606 1869,2504 1592,2582 1443,2500 1174,2603 851,2507 465,2606"/>
                <Baseline points="483,2632 573,2632 662,2632 752,2632 841,2638 931,2638 1020,2632 1110,2632 1199,2632 1289,2626 1379,2626 1468,2632 1558,2632 1647,2638 1737,2644 1826,2644 1916,2650 2005,2650 2095,2650 2184,2656 2274,2650 2364,2650 2453,2644 2543,2644 2632,2644 2722,2650 2811,2650 2901,2650"/>
                <TextEquiv>
                    <Unicode>an teste....  .  the unter. Ort si warte</Unicode>
                </TextEquiv>
            </TextLine>
            <TextLine id="tr_1_tl_21" custom="readingOrder {index:20;}">
                <Coords points="3663,2766 4167,2724 4702,2841 4897,2731 5401,2794 5695,2734 5983,2819 5983,2653 5667,2557 5050,2685 4731,2578 4422,2649 3663,2610"/>
                <Baseline points="3683,2704 3772,2716 3862,2716 3952,2722 4041,2722 4131,2722 4220,2728 4310,2722 4399,2722 4489,2728 4578,2728 4668,2728 4757,2728 4847,2728 4937,2728 5026,2722 5116,2722 5205,2728 5295,2728 5384,2728 5474,2728 5563,2722 5653,2722 5742,2722 5832,2722 5922,2722 5987,2722"/>
                <TextEquiv>
                    <Unicode>to get in the den Ruh in com</Unicode>
                </TextEquiv>
            </TextLine>
            <TextLine id="tr_1_tl_22" custom="readingOrder {index:21;}">
                <Coords points="475,2876 1046,2833 1791,2954 2426,2844 2752,2876 2748,2759 2397,2716 1805,2805 1684,2738 475,2752"/>
                <Baseline points="495,2817 585,2823 674,2817 764,2817 853,2823 943,2829 1032,2829 1122,2841 1211,2841 1301,2847 1390,2847 1480,2853 1570,2847 1659,2853 1749,2859 1838,2859 1928,2859 2017,2859 2107,2853 2196,2853 2286,2853 2375,2847 2465,2841 2555,2841 2644,2841 2734,2835 2758,2835"/>
                <TextEquiv>
                    <Unicode>is/c i/c in re-</Unicode>
                </TextEquiv>
            </TextLine>
            <TextLine id="tr_1_tl_23" custom="readingOrder {index:22;}">
                <Coords points="3716,2904 4553,2997 5192,2915 6319,2982 6319,2777 3716,2844"/>
                <Baseline points="3737,2901 3826,2907 3916,2907 4005,2907 4095,2907 4184,2907 4274,2907 4363,2907 4453,2913 4543,2913 4632,2913 4722,2913 4811,2913 4901,2913 4990,2901 5080,2901 5169,2901 5259,2895 5348,2895 5438,2895 5528,2895 5617,2895 5707,2895 5796,2895 5886,2895 5975,2901 6065,2901 6154,2901 6244,2907 6327,2907"/>
                <TextEquiv>
                    <Unicode>nicht wie ers sein. Calchlossenheit...</Unicode>
                </TextEquiv>
            </TextLine>
            <TextLine id="tr_1_tl_24" custom="readingOrder {index:23;}">
                <Coords points="468,3099 2599,3032 2848,3099 2901,2958 2550,2862 2287,2958 472,2908"/>
                <Baseline points="489,3014 579,3020 668,3020 758,3026 847,3032 937,3032 1026,3044 1116,3044 1205,3044 1295,3038 1384,3038 1474,3032 1564,3026 1653,3026 1743,3026 1832,3026 1922,3008 2011,3002 2101,3002 2190,3002 2280,3008 2370,3008 2459,3008 2549,3014 2638,3008 2728,3020 2817,3026 2907,3026 2913,3020"/>
                <TextEquiv>
                    <Unicode>I am donft...  J. d in Res will and</Unicode>
                </TextEquiv>
            </TextLine>
            <TextLine id="tr_1_tl_25" custom="readingOrder {index:24;}">
                <Coords points="3724,3149 4621,3117 5043,3227 5468,3110 6362,3213 6426,2965 5787,2911 5348,3046 4695,2954 4284,3071 3724,3043"/>
                <Baseline points="3743,3110 3749,3116 3838,3116 3928,3110 4017,3110 4107,3116 4196,3110 4286,3110 4375,3110 4465,3110 4554,3110 4644,3110 4734,3104 4823,3104 4913,3098 5002,3098 5092,3098 5181,3092 5271,3092 5360,3092 5450,3092 5539,3092 5629,3092 5719,3092 5808,3092 5898,3092 5987,3092 6077,3086 6166,3086 6256,3092 6345,3098 6435,3098"/>
                <TextEquiv>
                    <Unicode>sondern in töcher, auch dann dass</Unicode>
                </TextEquiv>
            </TextLine>
            <TextLine id="tr_1_tl_26" custom="readingOrder {index:25;}">
                <Coords points="482,3263 2004,3287 2369,3199 2624,3252 2628,3167 2195,3075 1887,3163 1202,3156 1114,3092 826,3188 596,3078 486,3110"/>
                <Baseline points="501,3211 573,3223 662,3229 752,3229 841,3223 931,3223 1020,3223 1110,3223 1199,3229 1289,3217 1379,3223 1468,3217 1558,3223 1647,3217 1737,3217 1826,3217 1916,3217 2005,3217 2095,3205 2184,3199 2274,3199 2364,3193 2453,3193 2543,3193 2632,3199"/>
                <TextEquiv>
                    <Unicode>Auf das xxx wollt keu</Unicode>
                </TextEquiv>
            </TextLine>
            <TextLine id="tr_1_tl_27" custom="readingOrder {index:26;}">
                <Coords points="3787,3312 4557,3390 4848,3330 5021,3429 5447,3323 6117,3440 6358,3394 6358,3220 6075,3146 5688,3138 5401,3263 4614,3174 3787,3277"/>
                <Baseline points="3808,3301 3898,3301 3987,3307 4077,3307 4166,3307 4256,3307 4346,3307 4435,3301 4525,3307 4614,3301 4704,3307 4793,3307 4883,3313 4972,3307 5062,3301 5151,3295 5241,3295 5331,3295 5420,3295 5510,3295 5599,3295 5689,3289 5778,3289 5868,3289 5957,3289 6047,3295 6136,3301 6226,3301 6316,3307 6369,3313"/>
                <TextEquiv>
                    <Unicode>Ces ciderts noch ganz in den altenis</Unicode>
                </TextEquiv>
            </TextLine>
            <TextLine id="tr_1_tl_28" custom="readingOrder {index:27;}">
                <Coords points="482,3440 2259,3419 2422,3504 2748,3461 2748,3284 2390,3355 2138,3280 1901,3369 1631,3266 482,3355"/>
                <Baseline points="501,3396 591,3414 680,3420 770,3420 859,3420 949,3426 1038,3426 1128,3420 1217,3420 1307,3426 1396,3426 1486,3420 1576,3420 1665,3420 1755,3420 1844,3420 1934,3414 2023,3414 2113,3408 2202,3408 2292,3408 2381,3408 2471,3408 2561,3414 2650,3408 2740,3414 2758,3420"/>
                <TextEquiv>
                    <Unicode>and will do lernst fp  for l</Unicode>
                </TextEquiv>
            </TextLine>
            <TextLine id="tr_1_tl_29" custom="readingOrder {index:28;}">
                <Coords points="3706,3546 6224,3621 6227,3419 5905,3348 5550,3351 5302,3465 5089,3394 4844,3458 4663,3341 4369,3475 3709,3429"/>
                <Baseline points="3725,3522 3814,3528 3904,3522 3993,3522 4083,3528 4172,3528 4262,3522 4351,3522 4441,3522 4531,3522 4620,3522 4710,3522 4799,3522 4889,3528 4978,3528 5068,3528 5157,3528 5247,3522 5336,3516 5426,3516 5516,3510 5605,3498 5695,3498 5784,3492 5874,3492 5963,3498 6053,3504 6142,3510 6232,3516"/>
                <TextEquiv>
                    <Unicode>it in Numerits.  beg to can</Unicode>
                </TextEquiv>
            </TextLine>
            <TextLine id="tr_1_tl_30" custom="readingOrder {index:29;}">
                <Coords points="2720,3560 2791,3575 2844,3557 2940,3575 3011,3610 3124,3624 3096,3479 2989,3479 2965,3493 2848,3461 2816,3475 2766,3458 2759,3472 2734,3458 2699,3468"/>
                <Baseline points="2734,3534 2823,3546 2913,3557 3002,3575 3092,3605 3128,3605"/>
                <TextEquiv>
                    <Unicode>Dr Kean</Unicode>
                </TextEquiv>
            </TextLine>
            <TextLine id="tr_1_tl_31" custom="readingOrder {index:30;}">
                <Coords points="429,3709 2454,3621 2901,3706 2904,3578 1936,3507 433,3578"/>
                <Baseline points="453,3617 543,3623 632,3623 722,3629 811,3629 901,3635 990,3641 1080,3635 1170,3641 1259,3635 1349,3629 1438,3623 1528,3629 1617,3623 1707,3623 1796,3623 1886,3623 1976,3617 2065,3617 2155,3617 2244,3617 2334,3617 2423,3617 2513,3617 2602,3623 2692,3617 2781,3623 2871,3629 2913,3635"/>
                <TextEquiv>
                    <Unicode>eingegen Nacht zu uit befällen, bien</Unicode>
                </TextEquiv>
            </TextLine>
            <TextLine id="tr_1_tl_32" custom="readingOrder {index:31;}">
                <Coords points="3706,3773 4458,3833 5617,3727 5972,3819 6415,3770 6415,3621 3706,3624"/>
                <Baseline points="3725,3749 3814,3749 3904,3749 3993,3754 4083,3754 4172,3754 4262,3749 4351,3749 4441,3743 4531,3743 4620,3737 4710,3743 4799,3737 4889,3731 4978,3731 5068,3725 5157,3719 5247,3719 5336,3719 5426,3719 5516,3719 5605,3725 5695,3725 5784,3725 5874,3725 5963,3725 6053,3731 6142,3737 6232,3743 6322,3754 6411,3760 6423,3760"/>
                <TextEquiv>
                    <Unicode>No with.. (Nie alles veille us it..</Unicode>
                </TextEquiv>
            </TextLine>
            <TextLine id="tr_1_tl_33" custom="readingOrder {index:32;}">
                <Coords points="422,3858 1773,3904 2106,3826 2748,3897 2748,3798 2337,3699 1234,3809 957,3727 422,3766"/>
                <Baseline points="441,3832 531,3832 620,3832 710,3832 799,3838 889,3838 979,3838 1068,3844 1158,3844 1247,3838 1337,3832 1426,3826 1516,3826 1605,3820 1695,3820 1784,3820 1874,3820 1964,3826 2053,3826 2143,3826 2232,3838 2322,3838 2411,3844 2501,3844 2590,3856 2680,3862 2758,3862"/>
                <TextEquiv>
                    <Unicode>wollt wiss daf u. in Freien</Unicode>
                </TextEquiv>
            </TextLine>
            <TextLine id="tr_1_tl_34" custom="readingOrder {index:33;}">
                <Coords points="3759,4011 4309,3979 4713,4053 5046,3961 5766,4060 5929,3990 5933,3873 5468,3830 4110,3929 4007,3869 3759,3936"/>
                <Baseline points="3778,3981 3790,3981 3880,3969 3969,3969 4059,3975 4149,3975 4238,3975 4328,3975 4417,3975 4507,3969 4596,3969 4686,3969 4775,3969 4865,3963 4954,3957 5044,3952 5134,3946 5223,3940 5313,3940 5402,3934 5492,3934 5581,3940 5671,3946 5760,3952 5850,3952 5939,3946"/>
                <TextEquiv>
                    <Unicode>Ugeräwelt, wann ich die Gerichte</Unicode>
                </TextEquiv>
            </TextLine>
            <TextLine id="tr_1_tl_35" custom="readingOrder {index:34;}">
                <Coords points="457,4107 2911,4099 3064,4071 3064,3961 457,3968"/>
                <Baseline points="477,4053 567,4059 656,4059 746,4059 835,4059 925,4065 1014,4059 1104,4059 1193,4059 1283,4053 1373,4041 1462,4041 1552,4041 1641,4035 1731,4035 1820,4035 1910,4041 1999,4035 2089,4041 2178,4041 2268,4041 2358,4041 2447,4041 2537,4041 2626,4047 2716,4053 2805,4059 2895,4065 2984,4071 3074,4077"/>
                <TextEquiv>
                    <Unicode>bei und gehabt halt in der letzteilt.</Unicode>
                </TextEquiv>
            </TextLine>
            <TextLine id="tr_1_tl_36" custom="readingOrder {index:35;}">
                <Coords points="3926,4181 5110,4170 5451,4245 5748,4156 6139,4177 6139,4043 5876,4011 5280,4096 4858,4011 3926,4039"/>
                <Baseline points="3946,4131 4035,4137 4125,4143 4214,4149 4304,4149 4393,4149 4483,4149 4572,4149 4662,4154 4751,4149 4841,4154 4931,4149 5020,4149 5110,4143 5199,4137 5289,4137 5378,4131 5468,4131 5557,4131 5647,4137 5736,4137 5826,4137 5916,4143 6005,4143 6095,4143 6148,4149"/>
                <TextEquiv>
                    <Unicode>- - un feuil en de feit -... Enfant. Orts</Unicode>
                </TextEquiv>
            </TextLine>
            <TextLine id="tr_1_tl_37" custom="readingOrder {index:36;}">
                <Coords points="447,4330 1397,4259 2872,4323 2872,4234 2408,4131 2167,4206 1929,4121 1156,4202 447,4128"/>
                <Baseline points="465,4280 555,4274 644,4280 734,4274 823,4274 913,4268 1002,4274 1092,4274 1182,4274 1271,4268 1361,4262 1450,4256 1540,4256 1629,4256 1719,4250 1808,4256 1898,4250 1987,4256 2077,4262 2167,4262 2256,4262 2346,4256 2435,4262 2525,4256 2614,4262 2704,4268 2793,4280 2877,4280"/>
                <TextEquiv>
                    <Unicode>Welhelm de Burd-t-</Unicode>
                </TextEquiv>
            </TextLine>
            <TextLine id="tr_1_tl_38" custom="readingOrder {index:37;}">
                <Coords points="3685,4369 4720,4323 5163,4422 5387,4337 6192,4348 6213,4177 3681,4256"/>
                <Baseline points="3701,4304 3790,4304 3880,4304 3969,4310 4059,4316 4149,4322 4238,4316 4328,4316 4417,4316 4507,4316 4596,4316 4686,4322 4775,4322 4865,4328 4954,4322 5044,4316 5134,4316 5223,4310 5313,4310 5402,4310 5492,4310 5581,4310 5671,4316 5760,4316 5850,4322 5939,4322 6029,4322 6119,4328 6208,4322 6220,4322"/>
                <TextEquiv>
                    <Unicode>in the own heives... I may a ball in the</Unicode>
                </TextEquiv>
            </TextLine>
            <TextLine id="tr_1_tl_39" custom="readingOrder {index:38;}">
                <Coords points="528,4465 1855,4475 2046,4550 2947,4497 2947,4337 2646,4298 1606,4415 1458,4341 528,4341"/>
                <Baseline points="549,4441 638,4447 728,4447 817,4453 907,4453 996,4453 1086,4453 1176,4453 1265,4447 1355,4447 1444,4441 1534,4441 1623,4441 1713,4447 1802,4447 1892,4447 1981,4453 2071,4453 2161,4447 2250,4447 2340,4447 2429,4453 2519,4459 2608,4465 2698,4465 2787,4471 2877,4471 2955,4465"/>
                <TextEquiv>
                    <Unicode>3int de xxx w'est j. ƒ bimid</Unicode>
                </TextEquiv>
            </TextLine>
            <TextLine id="tr_1_tl_40" custom="readingOrder {index:39;}">
                <Coords points="4014,4521 4869,4486 5213,4596 5600,4507 6146,4539 6142,4376 5834,4323 5163,4422 4791,4334 4011,4394"/>
                <Baseline points="4035,4489 4125,4483 4214,4477 4304,4471 4393,4477 4483,4477 4572,4483 4662,4483 4751,4483 4841,4483 4931,4483 5020,4489 5110,4495 5199,4495 5289,4495 5378,4501 5468,4495 5557,4495 5647,4501 5736,4501 5826,4513 5916,4513 6005,4519 6095,4519 6154,4513"/>
                <TextEquiv>
                    <Unicode>le f huies - abe ongeblut, et n'en</Unicode>
                </TextEquiv>
            </TextLine>
            <TextLine id="tr_1_tl_41" custom="readingOrder {index:40;}">
                <Coords points="3926,4628 4653,4646 5036,4752 5206,4678 5387,4748 6092,4745 6057,4582 5522,4560 5330,4642 4787,4532 4465,4596 3926,4543"/>
                <Baseline points="3946,4614 4035,4620 4125,4626 4214,4626 4304,4632 4393,4632 4483,4638 4572,4638 4662,4644 4751,4650 4841,4656 4931,4656 5020,4650 5110,4656 5199,4668 5289,4674 5378,4668 5468,4668 5557,4674 5647,4674 5736,4674 5826,4668 5916,4674 6005,4668 6095,4662"/>
                <TextEquiv>
                    <Unicode>vut abwastrolle. Je...  Ao feil - for</Unicode>
                </TextEquiv>
            </TextLine>
            <TextLine id="tr_1_tl_42" custom="readingOrder {index:41;}">
                <Coords points="475,4653 1309,4642 1660,4805 2064,4646 2855,4709 2855,4511 2585,4582 2408,4486 1819,4575 1408,4475 748,4582 475,4521"/>
                <Baseline points="495,4626 585,4632 674,4632 764,4638 853,4638 943,4638 1032,4638 1122,4638 1211,4638 1301,4644 1390,4638 1480,4638 1570,4638 1659,4638 1749,4638 1838,4644 1928,4644 2017,4644 2107,4644 2196,4644 2286,4644 2375,4644 2465,4644 2555,4650 2644,4650 2734,4650 2823,4656 2865,4662"/>
                <TextEquiv>
                    <Unicode>when — er hall it j in de like week.</Unicode>
                </TextEquiv>
            </TextLine>
            <TextLine id="tr_1_tl_43" custom="readingOrder {index:42;}">
                <Coords points="3926,4805 4848,4791 5674,4894 5830,4826 5826,4766 5660,4731 4791,4738 4653,4646 4419,4759 4089,4670 3922,4709"/>
                <Baseline points="3946,4757 4035,4769 4125,4769 4214,4769 4304,4775 4393,4787 4483,4769 4572,4781 4662,4787 4751,4793 4841,4793 4931,4799 5020,4811 5110,4811 5199,4817 5289,4817 5378,4823 5468,4817 5557,4823 5647,4823 5736,4823 5826,4817 5838,4817"/>
                <TextEquiv>
                    <Unicode>a have. And inseder - again</Unicode>
                </TextEquiv>
            </TextLine>
            <TextLine id="tr_1_tl_44" custom="readingOrder {index:43;}">
                <Coords points="3954,4890 4068,4904 4142,4951 4195,4929 4277,4943 4376,5004 4465,4968 4465,4826 4429,4826 4401,4798 4280,4816 4231,4787 4181,4823 4117,4834 4032,4798 3954,4826"/>
                <Baseline points="3975,4883 4065,4889 4154,4889 4244,4895 4334,4895 4423,4889 4471,4895"/>
                <TextEquiv>
                    <Unicode>de still.</Unicode>
                </TextEquiv>
            </TextLine>
        </TextRegion>
    </Page>
</PcGts>
