<?xml version="1.0" encoding="UTF-8" standalone="yes"?>
<PcGts xmlns="http://schema.primaresearch.org/PAGE/gts/pagecontent/2013-07-15" xmlns:xsi="http://www.w3.org/2001/XMLSchema-instance" xsi:schemaLocation="http://schema.primaresearch.org/PAGE/gts/pagecontent/2013-07-15 http://schema.primaresearch.org/PAGE/gts/pagecontent/2013-07-15/pagecontent.xsd">
    <Metadata>
        <Creator>prov=READ-COOP:name=TrHtr:version=2.1.0:model_id=51170:date=14_08_2023_21:42</Creator>
        <Created>2023-05-10T14:46:07.099+02:00</Created>
        <LastChange>2023-08-14T21:42:23.802+02:00</LastChange>
        <TranskribusMetadata docId="1428676" pageId="55425211" pageNr="62" tsid="132826926" status="IN_PROGRESS" userId="64420" imgUrl="https://files.transkribus.eu/Get?id=MXJSIVKMPPVPCYBVQTCGXFCG&amp;fileType=view" xmlUrl="https://files.transkribus.eu/Get?id=GHDKZXIDJNEIDFUWBWLVOGGO" imageId="44699288"/>
    </Metadata>
    <Page imageFilename="1428676_0062.jpg" imageWidth="7144" imageHeight="4600">
        <ReadingOrder>
            <OrderedGroup id="ro_1711812155700" caption="Regions reading order">
                <RegionRefIndexed index="0" regionRef="tr_1"/>
            </OrderedGroup>
        </ReadingOrder>
        <TextRegion id="tr_1" custom="readingOrder {index:0;}">
            <Coords points="406,386 6583,386 6583,4257 406,4257"/>
            <TextLine id="tr_1_tl_1" custom="readingOrder {index:0;}">
                <Coords points="3969,485 4123,471 4194,502 4298,493 4317,510 4375,488 4422,513 4512,507 4498,370 4460,387 4397,359 4274,370 4180,323 4095,351 4049,334 3999,370 3958,370"/>
                <Baseline points="3978,436 4068,436 4157,448 4247,448 4337,460 4426,483 4516,483"/>
                <TextEquiv>
                    <Unicode>24/5.1924.</Unicode>
                </TextEquiv>
            </TextLine>
            <TextLine id="tr_1_tl_2" custom="readingOrder {index:1;}">
                <Coords points="3194,620 3265,606 3331,628 3372,603 3402,628 3416,628 3416,488 3394,488 3383,477 3350,482 3317,450 3194,452"/>
                <Baseline points="3208,573 3297,567 3387,567 3423,573"/>
                <TextEquiv>
                    <Unicode>1</Unicode>
                </TextEquiv>
            </TextLine>
            <TextLine id="tr_1_tl_3" custom="readingOrder {index:2;}">
                <Coords points="5006,765 5170,773 5249,724 5340,754 5504,762 5581,735 5584,669 5367,663 5332,683 5236,630 5008,628"/>
                <Baseline points="5024,728 5054,728 5143,728 5233,722 5322,728 5412,728 5502,722 5591,716"/>
                <TextEquiv>
                    <Unicode> Am 1 " " " 11</Unicode>
                </TextEquiv>
            </TextLine>
            <TextLine id="tr_1_tl_4" custom="readingOrder {index:3;}">
                <Coords points="5027,853 5091,863 5112,877 5121,872 5132,883 5140,877 5151,883 5159,877 5181,877 5175,809 5143,809 5091,776 5080,779 5069,768 5058,773 5038,765 5022,768"/>
                <Baseline points="5042,830 5131,836 5185,842"/>
                <TextEquiv>
                    <Unicode>No</Unicode>
                </TextEquiv>
            </TextLine>
            <TextLine id="tr_1_tl_5" custom="readingOrder {index:4;}">
                <Coords points="6395,927 6453,910 6497,921 6505,913 6519,921 6538,905 6552,916 6576,913 6576,814 6546,817 6541,811 6532,817 6508,795 6483,789 6458,809 6447,803 6420,809 6395,800"/>
                <Baseline points="6410,896 6499,896 6583,896"/>
                <TextEquiv>
                    <Unicode>115</Unicode>
                </TextEquiv>
            </TextLine>
            <TextLine id="tr_1_tl_6" custom="readingOrder {index:5;}">
                <Coords points="2796,992 2815,995 2834,979 2848,984 2878,968 2892,981 2922,984 2933,976 2950,990 2972,990 2977,847 2955,847 2939,858 2911,853 2892,866 2881,858 2859,874 2851,866 2829,872 2821,863 2802,869"/>
                <Baseline points="2813,949 2891,949 2981,943"/>
                <TextEquiv>
                    <Unicode>114</Unicode>
                </TextEquiv>
            </TextLine>
            <TextLine id="tr_1_tl_7" custom="readingOrder {index:6;}">
                <Coords points="389,1028 493,1001 535,1020 589,1006 674,1014 702,1044 765,1028 811,1039 814,858 759,858 729,883 661,842 620,839 562,842 510,869 491,858 463,877 436,863 392,877"/>
                <Baseline points="406,955 495,955 585,943 675,943 764,949 818,955"/>
                <TextEquiv>
                    <Unicode>1715.1924.</Unicode>
                </TextEquiv>
            </TextLine>
            <TextLine id="tr_1_tl_8" custom="readingOrder {index:7;}">
                <Coords points="4438,1028 5123,1036 5315,1107 6475,1083 6469,959 6044,891 5148,965 4775,850 4433,910"/>
                <Baseline points="4450,979 4540,979 4629,979 4719,979 4809,985 4898,991 4988,997 5077,997 5167,1003 5257,1009 5346,1015 5436,1015 5525,1015 5615,1015 5705,1015 5794,1021 5884,1021 5974,1027 6063,1033 6153,1033 6242,1039 6332,1039 6422,1045 6481,1045"/>
                <TextEquiv>
                    <Unicode>peinlich wäre es jetzt Kameraden an der</Unicode>
                </TextEquiv>
            </TextLine>
            <TextLine id="tr_1_tl_9" custom="readingOrder {index:8;}">
                <Coords points="803,1184 2919,1124 2966,1033 1697,981 806,1055"/>
                <Baseline points="818,1170 908,1176 997,1176 1087,1170 1176,1170 1266,1164 1356,1158 1445,1158 1535,1158 1624,1152 1714,1152 1804,1147 1893,1141 1983,1141 2072,1141 2162,1135 2252,1135 2341,1129 2431,1129 2521,1123 2610,1117 2700,1111 2789,1105 2879,1099 2969,1093"/>
                <TextEquiv>
                    <Unicode>Was kümmert mich Herr Elrief? Und was kün-</Unicode>
                </TextEquiv>
            </TextLine>
            <TextLine id="tr_1_tl_10" custom="readingOrder {index:9;}">
                <Coords points="4413,1179 6524,1239 6519,1129 6343,1077 5617,1132 5121,1044 4408,1066"/>
                <Baseline points="4426,1141 4516,1135 4605,1135 4695,1135 4785,1141 4874,1141 4964,1147 5054,1152 5143,1158 5233,1158 5322,1164 5412,1164 5502,1164 5591,1170 5681,1170 5770,1176 5860,1182 5950,1182 6039,1188 6129,1188 6218,1194 6308,1194 6398,1194 6487,1200 6529,1200"/>
                <TextEquiv>
                    <Unicode>Spitze ihrer Compagnien zu begegnen.Aber</Unicode>
                </TextEquiv>
            </TextLine>
            <TextLine id="tr_1_tl_11" custom="readingOrder {index:10;}">
                <Coords points="795,1365 2695,1308 2996,1258 3002,1160 800,1239"/>
                <Baseline points="812,1332 854,1332 943,1332 1033,1332 1123,1326 1212,1326 1302,1320 1391,1320 1481,1320 1571,1314 1660,1308 1750,1302 1840,1302 1929,1296 2019,1296 2108,1290 2198,1290 2288,1284 2377,1278 2467,1278 2556,1272 2646,1272 2736,1266 2825,1260 2915,1254 3004,1254"/>
                <TextEquiv>
                    <Unicode>mert mich das Fräulein Rihoschek? Wäre ich</Unicode>
                </TextEquiv>
            </TextLine>
            <TextLine id="tr_1_tl_12" custom="readingOrder {index:11;}">
                <Coords points="4367,1327 6546,1398 6519,1242 5389,1275 4361,1192"/>
                <Baseline points="4378,1284 4468,1284 4558,1284 4647,1284 4737,1290 4827,1290 4916,1290 5006,1296 5095,1302 5185,1302 5275,1314 5364,1314 5454,1314 5543,1314 5633,1320 5723,1326 5812,1326 5902,1332 5991,1338 6081,1332 6171,1338 6260,1338 6350,1344 6440,1344 6529,1344 6547,1344"/>
                <TextEquiv>
                    <Unicode>es war kein Militär, ein Zug von Knaben war</Unicode>
                </TextEquiv>
            </TextLine>
            <TextLine id="tr_1_tl_13" custom="readingOrder {index:12;}">
                <Coords points="880,1516 2752,1456 3051,1412 3054,1316 2174,1313 1609,1420 1530,1335 885,1354"/>
                <Baseline points="896,1487 908,1481 997,1481 1087,1475 1176,1475 1266,1475 1356,1469 1445,1469 1535,1469 1624,1463 1714,1457 1804,1457 1893,1451 1983,1445 2072,1445 2162,1445 2252,1439 2341,1439 2431,1433 2521,1427 2610,1427 2700,1421 2789,1415 2879,1415 2969,1403 3058,1403"/>
                <TextEquiv>
                    <Unicode>liebenswürdiger mit ihr gewesen, vielleicht</Unicode>
                </TextEquiv>
            </TextLine>
            <TextLine id="tr_1_tl_14" custom="readingOrder {index:13;}">
                <Coords points="4397,1505 5077,1530 5175,1472 5866,1571 6552,1521 6530,1395 4391,1338"/>
                <Baseline points="4408,1433 4498,1439 4588,1439 4677,1439 4767,1439 4856,1439 4946,1445 5036,1445 5125,1451 5215,1451 5304,1457 5394,1463 5484,1469 5573,1469 5663,1475 5752,1475 5842,1481 5932,1481 6021,1481 6111,1487 6201,1487 6290,1487 6380,1493 6469,1493 6559,1499"/>
                <TextEquiv>
                    <Unicode>es, offenbar eine Schulklasse, die sich mit</Unicode>
                </TextEquiv>
            </TextLine>
            <TextLine id="tr_1_tl_15" custom="readingOrder {index:14;}">
                <Coords points="858,1664 2596,1576 2873,1620 2933,1505 1996,1464 1861,1560 1593,1582 1420,1483 863,1516"/>
                <Baseline points="872,1636 878,1636 967,1636 1057,1630 1147,1630 1236,1630 1326,1624 1415,1624 1505,1618 1595,1624 1684,1612 1774,1612 1863,1607 1953,1601 2043,1601 2132,1595 2222,1589 2311,1589 2401,1583 2491,1583 2580,1577 2670,1577 2760,1571 2849,1565 2939,1559"/>
                <TextEquiv>
                    <Unicode>hätte sie ein gutes Wort für mich einge-</Unicode>
                </TextEquiv>
            </TextLine>
            <TextLine id="tr_1_tl_16" custom="readingOrder {index:15;}">
                <Coords points="4397,1639 6475,1683 6472,1560 6338,1541 5052,1573 4394,1505"/>
                <Baseline points="4408,1577 4498,1583 4588,1583 4677,1589 4767,1595 4856,1595 4946,1601 5036,1601 5125,1607 5215,1612 5304,1612 5394,1612 5484,1612 5573,1618 5663,1624 5752,1624 5842,1630 5932,1636 6021,1636 6111,1642 6201,1642 6290,1648 6380,1642 6469,1642 6481,1642"/>
                <TextEquiv>
                    <Unicode>ihrem Lehrer auf einen Ausflug begab.Der</Unicode>
                </TextEquiv>
            </TextLine>
            <TextLine id="tr_1_tl_17" custom="readingOrder {index:16;}">
                <Coords points="880,1793 1047,1886 1297,1782 2645,1776 2969,1727 2972,1647 885,1697"/>
                <Baseline points="896,1792 914,1792 1003,1792 1093,1786 1182,1792 1272,1780 1362,1774 1451,1774 1541,1774 1630,1768 1720,1762 1810,1762 1899,1756 1989,1750 2078,1750 2168,1744 2258,1744 2347,1738 2437,1732 2527,1732 2616,1732 2706,1726 2795,1726 2885,1714 2975,1708"/>
                <TextEquiv>
                    <Unicode>legt.- Und einen Augenblick überlegte er</Unicode>
                </TextEquiv>
            </TextLine>
            <TextLine id="tr_1_tl_18" custom="readingOrder {index:17;}">
                <Coords points="4342,1790 5154,1787 5285,1861 6431,1828 6428,1730 6346,1702 4337,1642"/>
                <Baseline points="4355,1738 4444,1738 4534,1738 4623,1744 4713,1744 4803,1750 4892,1756 4982,1756 5071,1762 5161,1762 5251,1768 5340,1768 5430,1774 5520,1774 5609,1774 5699,1780 5788,1780 5878,1786 5968,1786 6057,1792 6147,1792 6236,1792 6326,1798 6416,1792 6434,1798"/>
                <TextEquiv>
                    <Unicode>Lehrer, ein junger,blasser Mensch, strafte</Unicode>
                </TextEquiv>
            </TextLine>
            <TextLine id="tr_1_tl_19" custom="readingOrder {index:18;}">
                <Coords points="888,1955 2925,1913 3062,1878 3065,1787 888,1891"/>
                <Baseline points="902,1941 920,1935 1009,1935 1099,1935 1188,1935 1278,1929 1368,1929 1457,1923 1547,1923 1636,1917 1726,1917 1816,1911 1905,1911 1995,1905 2084,1899 2174,1899 2264,1893 2353,1893 2443,1887 2532,1887 2622,1881 2712,1881 2801,1875 2891,1869 2981,1863 3070,1869"/>
                <TextEquiv>
                    <Unicode>wirklich, ob er nicht noch rasch nach Baden</Unicode>
                </TextEquiv>
            </TextLine>
            <TextLine id="tr_1_tl_20" custom="readingOrder {index:19;}">
                <Coords points="4317,1949 5965,2029 6456,1971 6415,1867 4312,1831"/>
                <Baseline points="4331,1887 4420,1887 4510,1893 4600,1893 4689,1899 4779,1899 4868,1905 4958,1905 5048,1911 5137,1911 5227,1917 5316,1917 5406,1917 5496,1923 5585,1923 5675,1929 5764,1935 5854,1935 5944,1941 6033,1941 6123,1941 6212,1947 6302,1947 6392,1947 6463,1941"/>
                <TextEquiv>
                    <Unicode>mit einem Blick unwillkürlicher Hochach-</Unicode>
                </TextEquiv>
            </TextLine>
            <TextLine id="tr_1_tl_21" custom="readingOrder {index:20;}">
                <Coords points="880,2103 2541,2037 2804,2092 3059,2056 3065,1946 883,2029"/>
                <Baseline points="896,2096 920,2096 1009,2090 1099,2090 1188,2084 1278,2084 1368,2084 1457,2078 1547,2072 1636,2072 1726,2067 1816,2067 1905,2061 1995,2061 2084,2055 2174,2049 2264,2049 2353,2043 2443,2043 2532,2037 2622,2037 2712,2037 2801,2031 2891,2025 2981,2019 3070,2019"/>
                <TextEquiv>
                    <Unicode>hinausfahren sollte, sie um ihre Fürsprache</Unicode>
                </TextEquiv>
            </TextLine>
            <TextLine id="tr_1_tl_22" custom="readingOrder {index:21;}">
                <Coords points="4326,2086 6173,2177 6368,2122 6343,1996 4323,1982"/>
                <Baseline points="4337,2037 4426,2043 4516,2049 4605,2049 4695,2049 4785,2055 4874,2055 4964,2061 5054,2061 5143,2067 5233,2067 5322,2067 5412,2072 5502,2078 5591,2078 5681,2078 5770,2084 5860,2090 5950,2090 6039,2090 6129,2096 6218,2096 6308,2102 6368,2102"/>
                <TextEquiv>
                    <Unicode>tung die beiden Herren, die zu so früher</Unicode>
                </TextEquiv>
            </TextLine>
            <TextLine id="tr_1_tl_23" custom="readingOrder {index:22;}">
                <Coords points="899,2272 2760,2223 2919,2174 2919,2114 902,2185"/>
                <Baseline points="914,2252 955,2252 1045,2240 1135,2240 1224,2234 1314,2234 1403,2234 1493,2234 1583,2228 1672,2228 1762,2222 1851,2216 1941,2210 2031,2210 2120,2204 2210,2204 2300,2204 2389,2198 2479,2192 2568,2186 2658,2186 2748,2186 2837,2180 2927,2168"/>
                <TextEquiv>
                    <Unicode>zu bitten. Aber sie würde xxx ja ins Ge-</Unicode>
                </TextEquiv>
            </TextLine>
            <TextLine id="tr_1_tl_24" custom="readingOrder {index:23;}">
                <Coords points="4372,2229 5910,2330 6415,2281 6409,2182 6299,2144 4693,2155 4367,2083"/>
                <Baseline points="4384,2186 4474,2192 4564,2198 4653,2192 4743,2198 4832,2204 4922,2204 5012,2204 5101,2210 5191,2216 5281,2216 5370,2222 5460,2228 5549,2222 5639,2228 5729,2234 5818,2234 5908,2246 5997,2246 6087,2246 6177,2246 6266,2246 6356,2252 6416,2258"/>
                <TextEquiv>
                    <Unicode>Stunde im Fiaker vorüerfuhren besonders</Unicode>
                </TextEquiv>
            </TextLine>
            <TextLine id="tr_1_tl_25" custom="readingOrder {index:24;}">
                <Coords points="899,2415 2802,2360 2930,2347 2933,2281 2275,2264 2157,2319 1850,2248 1579,2341 902,2327"/>
                <Baseline points="914,2401 967,2395 1057,2395 1147,2395 1236,2389 1326,2389 1415,2383 1505,2377 1595,2371 1684,2371 1774,2365 1863,2359 1953,2359 2043,2359 2132,2353 2222,2353 2311,2353 2401,2347 2491,2341 2580,2341 2670,2335 2760,2335 2849,2335 2939,2329"/>
                <TextEquiv>
                    <Unicode>sicht lachen. Sie kannte ja den Konsul.</Unicode>
                </TextEquiv>
            </TextLine>
            <TextLine id="tr_1_tl_26" custom="readingOrder {index:25;}">
                <Coords points="4364,2404 6502,2440 6500,2327 6398,2314 4361,2281"/>
                <Baseline points="4378,2353 4468,2347 4558,2353 4647,2353 4737,2353 4827,2359 4916,2359 5006,2365 5095,2365 5185,2371 5275,2371 5364,2377 5454,2377 5543,2377 5633,2383 5723,2383 5812,2389 5902,2395 5991,2395 6081,2401 6171,2401 6260,2407 6350,2407 6440,2407 6505,2407"/>
                <TextEquiv>
                    <Unicode>den Leutnant. Willy hätte nie geshnt,dass</Unicode>
                </TextEquiv>
            </TextLine>
            <TextLine id="tr_1_tl_27" custom="readingOrder {index:26;}">
                <Coords points="1439,2451 1475,2473 1508,2448 1623,2470 1828,2437 1949,2445 2007,2415 2042,2423 2045,2377 1839,2388 1804,2363 1776,2382 1691,2371 1587,2396 1543,2382 1505,2407 1472,2382 1442,2390"/>
                <Baseline points="1457,2437 1511,2437 1601,2437 1690,2437 1780,2431 1869,2425 1959,2413 2049,2413"/>
                <TextEquiv>
                    <Unicode>ni compte en</Unicode>
                </TextEquiv>
            </TextLine>
            <TextLine id="tr_1_tl_28" custom="readingOrder {index:27;}">
                <Coords points="894,2571 1340,2547 1458,2626 1867,2514 2873,2525 3076,2492 3078,2410 896,2484"/>
                <Baseline points="908,2550 931,2550 1021,2538 1111,2538 1200,2538 1290,2538 1380,2532 1469,2532 1559,2527 1648,2527 1738,2521 1828,2515 1917,2515 2007,2509 2096,2509 2186,2503 2276,2497 2365,2497 2455,2497 2544,2491 2634,2491 2724,2485 2813,2485 2903,2479 2992,2479 3082,2479"/>
                <TextEquiv>
                    <Unicode>Sie wusste, dass er ein unerbittlicher,dass</Unicode>
                </TextEquiv>
            </TextLine>
            <TextLine id="tr_1_tl_29" custom="readingOrder {index:28;}">
                <Coords points="4353,2569 6105,2634 6409,2571 6404,2418 6269,2484 5578,2489 4350,2426"/>
                <Baseline points="4367,2491 4456,2497 4546,2497 4635,2503 4725,2503 4815,2509 4904,2509 4994,2515 5083,2521 5173,2521 5263,2521 5352,2527 5442,2527 5531,2532 5621,2532 5711,2532 5800,2538 5890,2544 5980,2544 6069,2550 6159,2550 6248,2550 6338,2556 6416,2562"/>
                <TextEquiv>
                    <Unicode>es einen Moment erleben würde,in dem ar</Unicode>
                </TextEquiv>
            </TextLine>
            <TextLine id="tr_1_tl_30" custom="readingOrder {index:29;}">
                <Coords points="1001,2634 1020,2640 1028,2632 1066,2634 1080,2623 1116,2618 1129,2629 1160,2621 1168,2629 1190,2623 1201,2629 1223,2621 1223,2571 1165,2580 1149,2563 1129,2569 1094,2563 1058,2574 1022,2552 1001,2549"/>
                <Baseline points="1015,2604 1105,2610 1194,2604 1230,2604"/>
                <TextEquiv>
                    <Unicode>en haut</Unicode>
                </TextEquiv>
            </TextLine>
            <TextLine id="tr_1_tl_31" custom="readingOrder {index:30;}">
                <Coords points="894,2700 2887,2681 2941,2588 2837,2530 894,2667"/>
                <Baseline points="908,2700 973,2700 1063,2700 1152,2700 1242,2694 1332,2688 1421,2682 1511,2682 1601,2676 1690,2676 1780,2676 1869,2670 1959,2664 2049,2664 2138,2658 2228,2658 2317,2658 2407,2652 2497,2646 2586,2646 2676,2640 2765,2640 2855,2634 2945,2634"/>
                <TextEquiv>
                    <Unicode>er ein böser Mensch war. Und er wusste es</Unicode>
                </TextEquiv>
            </TextLine>
            <TextLine id="tr_1_tl_32" custom="readingOrder {index:31;}">
                <Coords points="4356,2725 6409,2741 6406,2643 6228,2615 4350,2566"/>
                <Baseline points="4367,2646 4456,2646 4546,2652 4635,2658 4725,2658 4815,2664 4904,2664 4994,2664 5083,2670 5173,2676 5263,2676 5352,2682 5442,2682 5531,2682 5621,2682 5711,2688 5800,2694 5890,2700 5980,2700 6069,2700 6159,2706 6248,2706 6338,2706 6416,2700"/>
                <TextEquiv>
                    <Unicode>ihm ein armer Schullehrer als beneidens</Unicode>
                </TextEquiv>
            </TextLine>
            <TextLine id="tr_1_tl_33" custom="readingOrder {index:32;}">
                <Coords points="894,2892 2919,2813 3040,2793 3043,2711 896,2813"/>
                <Baseline points="908,2855 985,2849 1075,2849 1164,2849 1254,2843 1344,2843 1433,2837 1523,2837 1612,2831 1702,2831 1792,2825 1881,2825 1971,2819 2061,2819 2150,2813 2240,2807 2329,2801 2419,2801 2509,2801 2598,2795 2688,2795 2777,2789 2867,2783 2957,2783 3046,2783"/>
                <TextEquiv>
                    <Unicode>auch und wusste, dass er verloren war, wenn</Unicode>
                </TextEquiv>
            </TextLine>
            <TextLine id="tr_1_tl_34" custom="readingOrder {index:33;}">
                <Coords points="4356,2845 5699,2928 5883,2856 6341,2859 6338,2744 5732,2799 4353,2719"/>
                <Baseline points="4367,2795 4456,2801 4546,2801 4635,2807 4725,2813 4815,2819 4904,2819 4994,2819 5083,2819 5173,2825 5263,2831 5352,2831 5442,2831 5531,2837 5621,2837 5711,2843 5800,2843 5890,2843 5980,2849 6069,2849 6159,2849 6248,2855 6338,2855 6344,2855"/>
                <TextEquiv>
                    <Unicode>wertes Geschöpf erscheinen könnte. Eine</Unicode>
                </TextEquiv>
            </TextLine>
            <TextLine id="tr_1_tl_35" custom="readingOrder {index:34;}">
                <Coords points="2272,2906 2300,2903 2316,2914 2363,2884 2388,2889 2410,2878 2442,2884 2451,2815 2431,2813 2412,2823 2404,2810 2379,2810 2363,2802 2330,2813 2308,2834 2278,2834"/>
                <Baseline points="2288,2891 2359,2879 2449,2873"/>
                <TextEquiv>
                    <Unicode>bre</Unicode>
                </TextEquiv>
            </TextLine>
            <TextLine id="tr_1_tl_36" custom="readingOrder {index:35;}">
                <Coords points="5872,2914 6033,2958 6108,2922 6294,2952 6346,2925 6423,2955 6535,2928 6535,2889 6478,2865 6442,2887 6324,2859 6272,2895 6168,2859 6075,2851 5995,2878 5968,2854 5869,2854"/>
                <Baseline points="5884,2897 5974,2903 6063,2915 6153,2921 6242,2921 6332,2927 6422,2927 6511,2927 6541,2921"/>
                <TextEquiv>
                    <Unicode>not hapermit en</Unicode>
                </TextEquiv>
            </TextLine>
            <TextLine id="tr_1_tl_37" custom="readingOrder {index:36;}">
                <Coords points="916,3013 2834,2972 3002,2961 3004,2881 918,2941"/>
                <Baseline points="931,3004 949,3004 1039,2998 1129,2998 1218,2998 1308,2992 1397,2992 1487,2987 1577,2987 1666,2981 1756,2981 1845,2981 1935,2975 2025,2969 2114,2969 2204,2963 2294,2957 2383,2957 2473,2951 2562,2951 2652,2945 2742,2945 2831,2945 2921,2939 3010,2933"/>
                <TextEquiv>
                    <Unicode>er nicht Dienstag spätestens ein Uhr dem</Unicode>
                </TextEquiv>
            </TextLine>
            <TextLine id="tr_1_tl_38" custom="readingOrder {index:37;}">
                <Coords points="4342,3032 6094,3098 6491,3037 6489,2933 4337,2876"/>
                <Baseline points="4355,2957 4444,2951 4534,2957 4623,2963 4713,2963 4803,2969 4892,2969 4982,2975 5071,2975 5161,2981 5251,2981 5340,2981 5430,2987 5520,2987 5609,2992 5699,2992 5788,2998 5878,2998 5968,2998 6057,3004 6147,3010 6236,3016 6326,3016 6416,3016 6499,3016"/>
                <TextEquiv>
                    <Unicode>erste Strassenbahn überholte sie ein paar</Unicode>
                </TextEquiv>
            </TextLine>
            <TextLine id="tr_1_tl_39" custom="readingOrder {index:38;}">
                <Coords points="902,3180 2988,3128 3106,3106 3109,3007 907,3087"/>
                <Baseline points="920,3160 961,3160 1051,3160 1141,3154 1230,3148 1320,3148 1409,3142 1499,3136 1589,3136 1678,3130 1768,3130 1857,3124 1947,3124 2037,3112 2126,3112 2216,3106 2305,3106 2395,3106 2485,3100 2574,3100 2664,3100 2754,3094 2843,3094 2933,3094 3022,3088 3112,3088"/>
                <TextEquiv>
                    <Unicode>Konsul elftausend Gulden bar auf den Tisch</Unicode>
                </TextEquiv>
            </TextLine>
            <TextLine id="tr_1_tl_40" custom="readingOrder {index:39;}">
                <Coords points="4334,3163 5705,3251 6003,3240 6108,3161 6500,3215 6497,3073 6417,3048 5913,3103 4331,3035"/>
                <Baseline points="4349,3106 4438,3106 4528,3112 4617,3112 4707,3112 4797,3118 4886,3124 4976,3124 5065,3130 5155,3130 5245,3136 5334,3142 5424,3142 5514,3142 5603,3142 5693,3142 5782,3154 5872,3154 5962,3154 6051,3160 6141,3160 6230,3166 6320,3166 6410,3166 6499,3166 6505,3166"/>
                <TextEquiv>
                    <Unicode>Arbeiter und eine alte Frau waren die Pas-</Unicode>
                </TextEquiv>
            </TextLine>
            <TextLine id="tr_1_tl_41" custom="readingOrder {index:40;}">
                <Coords points="1713,3205 2451,3199 2495,3191 2500,3122 1965,3125 1911,3158 1859,3131 1719,3139"/>
                <Baseline points="1732,3196 1786,3196 1875,3196 1965,3190 2055,3178 2144,3172 2234,3172 2323,3166 2413,3160 2503,3160"/>
                <TextEquiv>
                    <Unicode>Mais en mer mieuse.</Unicode>
                </TextEquiv>
            </TextLine>
            <TextLine id="tr_1_tl_42" custom="readingOrder {index:41;}">
                <Coords points="905,3320 1395,3298 1664,3372 1776,3292 3018,3259 3076,3183 907,3243"/>
                <Baseline points="920,3315 925,3315 1015,3315 1105,3309 1194,3303 1284,3303 1374,3297 1463,3291 1553,3291 1642,3291 1732,3291 1822,3279 1911,3279 2001,3273 2090,3273 2180,3267 2270,3267 2359,3261 2449,3261 2538,3255 2628,3249 2718,3249 2807,3243 2897,3243 2987,3237 3076,3231"/>
                <TextEquiv>
                    <Unicode>zählen konnte./Onkel Robert war seine ein-</Unicode>
                </TextEquiv>
            </TextLine>
            <TextLine id="tr_1_tl_43" custom="readingOrder {index:42;}">
                <Coords points="4326,3317 5033,3309 5307,3396 5521,3298 6469,3328 6439,3215 6373,3270 4504,3155 4323,3205"/>
                <Baseline points="4337,3273 4426,3267 4516,3267 4605,3267 4695,3273 4785,3273 4874,3279 4964,3285 5054,3285 5143,3285 5233,3291 5322,3291 5412,3297 5502,3297 5591,3297 5681,3303 5770,3303 5860,3309 5950,3309 6039,3315 6129,3315 6218,3315 6308,3321 6398,3321 6475,3321"/>
                <TextEquiv>
                    <Unicode>sagiere. Ein Spritzwagen kam ihnen entge-</Unicode>
                </TextEquiv>
            </TextLine>
            <TextLine id="tr_1_tl_44" custom="readingOrder {index:43;}">
                <Coords points="921,3487 1171,3547 1351,3451 2892,3438 2911,3339 924,3388"/>
                <Baseline points="937,3470 943,3464 1033,3470 1123,3464 1212,3458 1302,3452 1391,3452 1481,3447 1571,3447 1660,3447 1750,3441 1840,3435 1929,3429 2019,3429 2108,3423 2198,3423 2288,3417 2377,3417 2467,3411 2556,3411 2646,3405 2736,3405 2825,3405 2915,3411"/>
                <TextEquiv>
                    <Unicode>zige Rettung. Sonst blieb nichts übrig</Unicode>
                </TextEquiv>
            </TextLine>
            <TextLine id="tr_1_tl_45" custom="readingOrder {index:44;}">
                <Coords points="4268,3462 5935,3544 6341,3490 6417,3399 6154,3311 5894,3413 4265,3342"/>
                <Baseline points="4283,3429 4372,3423 4462,3423 4552,3423 4641,3429 4731,3429 4821,3429 4910,3435 5000,3441 5089,3441 5179,3447 5269,3452 5358,3447 5448,3452 5537,3452 5627,3452 5717,3452 5806,3458 5896,3464 5985,3464 6075,3470 6165,3470 6254,3476 6344,3470 6422,3464"/>
                <TextEquiv>
                    <Unicode>gen und ein wild aussehender Kerl mit hi-</Unicode>
                </TextEquiv>
            </TextLine>
            <TextLine id="tr_1_tl_46" custom="readingOrder {index:45;}">
                <Coords points="918,3703 1160,3734 1404,3610 2440,3591 2459,3539 2262,3490 1450,3520 1373,3564 924,3539"/>
                <Baseline points="937,3626 1027,3620 1117,3614 1206,3614 1296,3608 1385,3608 1475,3602 1565,3602 1654,3596 1744,3590 1834,3584 1923,3584 2013,3578 2102,3578 2192,3572 2282,3572 2371,3572 2461,3572"/>
                <TextEquiv>
                    <Unicode>als eine Kugel vor die Stirn.</Unicode>
                </TextEquiv>
            </TextLine>
            <TextLine id="tr_1_tl_47" custom="readingOrder {index:46;}">
                <Coords points="4265,3607 5759,3712 6445,3624 6442,3506 6124,3569 4263,3501"/>
                <Baseline points="4277,3572 4367,3572 4456,3572 4546,3578 4635,3578 4725,3584 4815,3590 4904,3590 4994,3590 5083,3596 5173,3596 5263,3596 5352,3602 5442,3608 5531,3608 5621,3608 5711,3614 5800,3614 5890,3620 5980,3626 6069,3632 6159,3632 6248,3632 6338,3626 6428,3626 6451,3620"/>
                <TextEquiv>
                    <Unicode>naufgekrempelten Hemdärmeln schwang in re-</Unicode>
                </TextEquiv>
            </TextLine>
            <TextLine id="tr_1_tl_48" custom="readingOrder {index:47;}">
                <Coords points="1313,3824 1935,3835 2275,3723 2357,3769 2796,3709 3109,3742 3114,3635 1319,3671"/>
                <Baseline points="1332,3757 1415,3757 1505,3757 1595,3751 1684,3751 1774,3745 1863,3739 1953,3739 2043,3733 2132,3733 2222,3733 2311,3721 2401,3721 2491,3721 2580,3715 2670,3715 2760,3709 2849,3709 2939,3703 3028,3697 3118,3703"/>
                <TextEquiv>
                    <Unicode>Ein regelmässiges Geräusch,wie von</Unicode>
                </TextEquiv>
            </TextLine>
            <TextLine id="tr_1_tl_49" custom="readingOrder {index:48;}">
                <Coords points="4307,3775 5269,3871 5814,3775 6475,3819 6439,3671 5329,3723 5118,3651 4301,3643"/>
                <Baseline points="4319,3739 4408,3733 4498,3733 4588,3739 4677,3739 4767,3745 4856,3745 4946,3745 5036,3745 5125,3751 5215,3757 5304,3757 5394,3757 5484,3763 5573,3769 5663,3769 5752,3769 5842,3775 5932,3775 6021,3781 6111,3787 6201,3787 6290,3787 6380,3787 6469,3787 6481,3793"/>
                <TextEquiv>
                    <Unicode>gelmässigen Stössen,wie eine Springsohnur</Unicode>
                </TextEquiv>
            </TextLine>
            <TextLine id="tr_1_tl_50" custom="readingOrder {index:49;}">
                <Coords points="918,3997 1453,4013 1626,3912 1933,3895 2873,3904 2952,3882 2955,3780 924,3862"/>
                <Baseline points="937,3930 991,3930 1081,3930 1170,3924 1260,3924 1350,3918 1439,3912 1529,3907 1618,3907 1708,3901 1798,3895 1887,3895 1977,3889 2067,3889 2156,3883 2246,3877 2335,3877 2425,3877 2515,3871 2604,3871 2694,3871 2783,3865 2873,3865 2963,3853"/>
                <TextEquiv>
                    <Unicode>dem herannahenden Schritt einer Kolonne</Unicode>
                </TextEquiv>
            </TextLine>
            <TextLine id="tr_1_tl_51" custom="readingOrder {index:50;}">
                <Coords points="4317,3931 6017,4032 6371,3934 6368,3851 4315,3802"/>
                <Baseline points="4331,3883 4420,3883 4510,3889 4600,3889 4689,3895 4779,3895 4868,3901 4958,3901 5048,3901 5137,3907 5227,3912 5316,3918 5406,3918 5496,3918 5585,3918 5675,3924 5764,3924 5854,3930 5944,3936 6033,3936 6123,3936 6212,3936 6302,3936 6374,3936"/>
                <TextEquiv>
                    <Unicode>den Wasserschlauch, aus dem das Nage die</Unicode>
                </TextEquiv>
            </TextLine>
            <TextLine id="tr_1_tl_52" custom="readingOrder {index:51;}">
                <Coords points="918,4148 1683,4158 2275,4032 3109,4065 3114,3939 924,3997"/>
                <Baseline points="937,4092 967,4092 1057,4086 1147,4086 1236,4086 1326,4074 1415,4074 1505,4068 1595,4062 1684,4062 1774,4056 1863,4050 1953,4050 2043,4044 2132,4044 2222,4038 2311,4032 2401,4032 2491,4026 2580,4026 2670,4026 2760,4020 2849,4020 2939,4014 3028,4014 3118,4008"/>
                <TextEquiv>
                    <Unicode>drang an sein Ohr. Hatten die Vierundsech-</Unicode>
                </TextEquiv>
            </TextLine>
            <TextLine id="tr_1_tl_53" custom="readingOrder {index:52;}">
                <Coords points="4293,4095 5192,4180 6335,4123 6330,4002 4290,3947"/>
                <Baseline points="4307,4038 4396,4044 4486,4044 4576,4050 4665,4050 4755,4056 4844,4056 4934,4056 5024,4056 5113,4062 5203,4068 5292,4068 5382,4068 5472,4074 5561,4074 5651,4080 5741,4080 5830,4086 5920,4092 6009,4092 6099,4092 6189,4098 6278,4092 6338,4092"/>
                <TextEquiv>
                    <Unicode>Strasse feuchtete. - Zwei Nonnen mit ge-</Unicode>
                </TextEquiv>
            </TextLine>
            <TextLine id="tr_1_tl_54" custom="readingOrder {index:53;}">
                <Coords points="929,4265 2103,4200 2560,4263 2911,4191 2917,4098 932,4148"/>
                <Baseline points="943,4247 949,4247 1039,4247 1129,4241 1218,4241 1308,4235 1397,4229 1487,4229 1577,4223 1666,4217 1756,4211 1845,4211 1935,4205 2025,4199 2114,4199 2204,4199 2294,4193 2383,4193 2473,4187 2562,4187 2652,4181 2742,4181 2831,4175 2921,4175"/>
                <TextEquiv>
                    <Unicode>ziger heute nicht eine Marschübung? Wie</Unicode>
                </TextEquiv>
            </TextLine>
        </TextRegion>
    </Page>
</PcGts>
