7112 4600
2569 571 2801 689 rue
2628 877 2821 1028 181
485 919 698 1070 0s1
756 1008 916 1151 G.C.F.P.
734 1053 2868 1333 Art von Benommenheit hinabstieg. Allmählig
1560 1188 1955 1289 tien it.
969 1216 1286 1328 et en ce
731 1230 2793 1473 erst gewann er seine puhe wieder. Und so
742 1353 3000 1630 schien ihm die Bache im Ganzen nicht ungün¬
2048 1459 2605 1614 ever in a will
801 1493 2852 1751 stig zu stehen [Dass] sie in der Lage war
824 1686 2910 1908 sich und ihm das Geld zu verschaffen war
501 1614 782 1910 185
1818 1773 2227 1880 is it of
779 1812 2776 2090 zweffellos; dass es in ihrer Macht lag
1608 1947 1894 2067 nay j'y
804 1978 3014 2157 ihren Advokaten zu bestimmen,wie es ihr be-
1513 2101 1983 2207 Bewer
787 2118 2978 2317 liebte,dafür sprach ihr ganzes Wesen; -dass
812 2283 2953 2530 irgend etwas in ihrem Herzen noch für ihn
804 2423 3006 2675 (sprach)das hatte er in manchmal Augenblick
2073 2516 2782 2619 Dr. Verlussin
812 2580 3065 2829 so deutlich gespürt (dass ihm diese ganze uh-
818 2740 3056 2978 ter so seltsamen Umständen erfolgte Wieder-
868 2880 3011 3137 begegnung wie das Vosspiel zu einem klei-
821 3048 3079 3308 nen Abenteuer hätte erscheinen ökönnen,wenn
868 3191 3079 3448 nicht gar als die Aus sicht auf eine inni-
882 3291 3076 3574 gere, dauerndere Beziehung;-und diesen (je-
891 3499 3095 3748 denfalls nicht unangenehmen Gedanken, spann
1692 3622 2258 3731 in en servinden
880 3642 2958 3905 er weiter, bis er sich endlich, im Geiste
826 3801 2967 4053 eine lange Frist überspringend, als Gatte
882 3964 2958 4235 der verwitweten Frau Leopoldine Wilram,
4031 504 4216 737 se 1
4518 602 4681 737 me
5757 557 6519 798 Ablick 182
4454 717 6555 952 nunmehr Frau Majorin Kasda sah.Aber die-
4090 706 4331 880 M.M.
4384 888 6544 1081 ses Traumbild verblasste bald wieder (umso
6583 896 6745 1050 1
4306 1042 6370 1252 mehr als sich das gefühl der Sicherheit
4306 1191 6415 1403 immer mehr verlor, während er im schwülen
4348 1336 6502 1560 Sommermittag durch unbelebte Gassen ziem-
4700 1429 4855 1518 be re
4286 1471 6437 1667 lich ziellos dem Ring zu spazierte.Er sah
6216 1482 6762 1684 accumée le
4348 1644 6524 1852 nun wieder den (kalten) Bureauraum vor sich,
4283 1787 6280 2017 in dem sie ihne empfangen hatte und ihr
4883 1891 5051 1994 be;
4328 1930 6392 2143 Bild, das eine Weile von einer gewissen
4258 2095 6306 2319 weiblichen Ahmut umflossen gewesen war,
4656 2179 4950 2283 mieder
4314 2247 6334 2443 nahm einen immer strengeren harten Aus-
5011 2373 5213 2451 in it
4300 2389 6378 2580 druck an; er sah sie mit dem Zwicker auf
4280 2549 6381 2742 der Nase, die Schnur hinter dem Ohr über
4230 2720 6376 2927 die Geschäftsbücher gebeugt, (den Kopf er-
4221 2835 6381 3067 füllt von Ziffern, von geldgier das Herz,
4252 3028 6401 3244 gleichgültig gegen das Begehren von Män -
4205 3165 6216 3401 nern ein kleines Dirnchen, das sich von
4205 3331 6454 3530 seinem frühereh Beruf zurückgesogen,nachdem
4252 3474 6384 3709 es einen Narrn gefunden, der es geheiratet
4235 3639 6415 3846 und das nun, wie e bei Weibern solcher Ver-
4216 3796 6415 4009 gangenheit öfters vorkommt, seinem Erwerbs-
4045 3969 5048 4157 fürchtet, mit eng
5925 4073 6143 4252 dez
4238 4135 4664 4269 : enm! I am
