7176 4520
6260 568 6410 695 61
6396 741 6549 874 59
2857 812 3019 914 58
4418 863 6696 1027 fen inmitten einer grösseren etwas spiesser
922 942 3150 1090 lächelnde, ja sogar ermutigende Blick begeg¬
4475 1022 6609 1192 haften Gesellschaft Platz nahme. Auch Wil
965 1095 3013 1243 nete dem seinen. Trotzdem schien es ihm
4486 1175 6645 1359 tat nun, als suchte er irgend einen Bekann
970 1223 3152 1373 nicht geraten eine Annäherung zu versuchen,
4503 1325 6631 1495 ten auf der Terrasse und da er (wie zu er¬
902 1388 3127 1524 man konnte nicht wissen, ob nicht ein vater,
5834 1444 6662 1580 aheval or ueen
4480 1490 6492 1720 warteh war keinen fand, rettete er sich
970 1566 3110 1731 ein Bruder, ein Bräutigam gerade hinterher
5312 1615 5508 1717 crain
4475 1623 6631 1847 (durch das grosse Restaurant) in das Innere
3868 1654 4327 1859 from him
922 1705 3067 1830 ging und ### Offzier war doppelt und drei-
4055 1771 4239 1904 but
4486 1822 6583 1972 des Gebäudes. Die würe zum Festsaalstand
922 1799 3110 1998 fach zu Vorsight verpflichtet. (Und die weni¬
3961 1850 4273 1992 feyer
3924 1958 4270 2077 der M
4500 1952 6586 2088 offen,leere Sesselreihen verschwunden im
917 1989 3073 2151 gen einzelnen Damen lockten ihn nicht sehr.
3924 2057 4367 2225 steeland,
4497 2137 6628 2253 Dämmer. Will trat in den schon erleuchte-
951 2117 3104 2290 Gerade die jungen und hübschen sahen eben
3921 2182 4234 2330 in die
4492 2279 6543 2415 ten Lesesaal, an dem langen grünen Tisch
962 2287 3161 2469 nicht vertrauenerweckend aus.) Einer dunkel
3950 2327 4282 2457 ( wyr hin)
4475 2381 6572 2576 sass ein einziger alter Herr in uniform,
917 2381 3099 2639 äugigen schlanken,wohlgekleideten name, die
4492 2593 6657 2730 ein pensionierter General, sah auf,Wili sa-
956 2528 3045 2758 ein Kind an der Hand hielt und die sich
4486 2696 6552 2866 lutierte, schlug die Hacken zusammen, der
922 2741 2934 2894 ganz flüchtig nach wili umgeändt hatte,
4497 2897 6711 3036 General nichte und Will machte eiligst wie-
951 2897 2900 3025 folgte er eine ganze Weile durch eine
4483 3025 6543 3161 der Kehrt.- Draussen standen noch immer
956 3013 3181 3198 Seitenallee bis zum Kursalon; sie stieg die
4489 3175 6688 3309 der eine Fiaker und der Kutscher erklärte
945 3192 3164 3337 Treppe zu der Kaffeeterrasse hinauf, schien
6081 3286 6356 3379 d to
4492 3320 6592 3561 sich ungefragt bereit Will um den früher
970 3343 3104 3527 jemanden zu suchen, anfangs vergeblich, bis
956 3521 3144 3669 ihr von einem entlegenen Tisch aus lebhaft
4503 3507 6589 3638 von Wili gebotenen Preis)ins Helenenthal
6328 3615 6617 3706 men
4503 3632 6543 3782 zu fahren. „Ja,jetzt ist zu spät“,sagte
939 3598 3206 3816 zugewinkt wurde,worauf sie, nicht ohne einem
4486 3822 6719 3941 Wili und (aufatmend) wie im Bewusstsein einer
939 3811 3107 3961 freundlich-spöttischen Blick Wili zu strei-
5590 3919 5970 4009 wäre ich
4492 3970 6691 4146 erfüllten Pflboht raschen Schritts nahm er
4492 4069 5766 4310 den Weg zum Café Schopp.
