6921 4456
5849 97 6100 342 170
5100 238 5739 533 not de her
6034 477 6244 643 164
3964 665 6492 966 Ehefrauen würden,während imGegensatz dazu...
348 662 740 953 7/6.1924.
4331 797 5943 953 Quit nicht zu Haar,
2650 762 2885 960 163
3992 800 6448 1069 und er hatte ein Beispiel bei der Hand:die
1229 822 1897 1007 n'Hove
4221 988 6429 1189 Geschichte von einer Baronesse, die ein Ka-
906 928 2936 1107 bis zu dessen Haustür gebracht hatte. Es
4099 1129 6370 1411 merad geheiratet, also eine junge Dame aus
903 1091 3008 1292 machte ihm (einige) Mühe sich vorzustellen,
969 1239 3052 1408 dass das hübsche, frecka, ein bischen magre
4212 1283 6332 1552 feinster aristokratischer Familie und die
925 1411 3026 1549 Ding mit dem hellblonden Wuschelkopf und
4218 1399 6285 1722 einem anderen Kameraden kaum zwei Jahre
4268 1502 4475 1590 man
903 1565 2973 1778 die geizige böse Person, mit der derOnkel
4215 1556 6291 1894 nach der Heirat in einem „Salon“, wo, an-
919 1703 3086 1919 verheiratet war, dieselbe sein sollte;-ein
4246 1722 6332 2032 ständige Frauen" zu fixen Preisen zu ha-
1474 1844 1741 1941 nard de
919 1835 2274 2073 Zweifel war nicht möglich.
4237 1901 6426 2158 ben waren, zugeführt hatte. Der tragische
1427 1992 1753 2086 hütete
1207 1985 3086 2177 (Er hüttest sich weiter sich zu ver-
4024 2013 6432 2305 abschluss hatte viel aufsehen gemacht. Der
1421 2133 2013 2242 all the 4
957 2148 2992 2402 raten,ja er tat, als könnte er sich noch
4253 2208 6376 2468 ledige vamerad hatte sich als Ehrenmann
1995 2283 2854 2399 coupd. a.d. Wickel hor
913 2305 3174 2490 immer nicht recht erinnern. Er wusste noch,
4212 2377 6379 2572 verpflichtet gefühlt den Ehemann zu ver-
913 2453 2923 2647 dass damals auch ein Doktor Soundso mit
4275 2496 6348 2754 ständigen; es war trotzdem zu einem uell
969 2597 2929 2779 seiner Geliebten dabei gewesen war die
4287 2628 6448 2888 gekommen und der Gatte war gefallen) Willy
969 2747 3020 2926 ein auffallend rotes Kleid getragen, auch
4306 2791 6599 3030 erzählte sehr lebhaft, in erhöhter Stimmung, -
5416 2954 5859 3058 and in the
919 2904 3020 3080 eines Refrains aus einem Couplet vonkrie-
4300 2942 6498 3252 ja sogar mit nicht ganz angebachten humo-
903 3061 3114 3230 baum erinnerte er sich noch. Aber gerade der
4077 3121 6539 3356 ristischen Wendungen so dass der Onkel ihn
950 3208 3127 3359 blonde Wuschelkopf,der war, ihm ganzaus dem
4096 3262 6442 3585 mit einiger Verwundenung ansah.Nun hielt
2409 3359 2707 3453 benenl
897 3350 2917 3569 Gedächtn is geschwunden (Doch bemerkte er
4168 3384 6511 3732 es Willy an der Zeit zu dämpfen. So undenk-
891 3519 2914 3679 zugleich, wie zur Beruhigung des Onkels,
4215 3553 6574 3858 dar es war, dass der Onkel auch nur das Ge-
856 3660 2954 3880 dass manchmal gerade aus solchen Wuschel-
4215 3820 5009 4049 ca. dreisser ein.
906 3829 3055 4014 köpfen,die etwas erlebt hatten,vorzügliche
1016 3970 1675 4156 Kleidweg asb.
