7144 4600
1268 792 2261 1049 not in Overain (1) -
2594 844 2790 984 123
897 1028 2959 1154 hinauf, er war weder müde noch schläfrig.
1782 1113 2959 1215 Er entlehnt un de Karla, de
944 1139 1367 1233 nicht & im
891 1192 2778 1353 Der Kopf schmerzte ihn kaum, aber der
2217 1277 2425 1373 er en
909 1355 2819 1507 vragen erschien ihm zu eng; er öffnete
856 1458 2822 1656 den Waffenrock, wäkren noch im Vorraum,
897 1613 2863 1791 wo der Bursch sich oben anschickteden
894 1773 3015 1951 Schnellkocher anzuzünden. „Herr Leutnant,
897 1928 2699 2080 melde gehorsamst, Kaffee ist gleich
909 2071 2930 2235 fertig".-„Gut ist-a“ „sagte Willy, trat
903 2217 2831 2393 in sein Zimmer, schloss die Tür hinter
1788 2343 2016 2433 lurden
856 2337 2889 2541 sich, machte sich's bequem und warf sich
909 2524 2948 2670 in Hosen und Schuhen aufs Bett. Vor neun
891 2717 2848 2863 kann ich nicht zu Onkel Robert, dachte
909 2816 3059 3044 er Hoffentlich ist er in Wien. Warum denn
891 2983 2977 3202 nicht? Ich werde ihn gleich um zwölftau-
891 3181 3006 3281 send bitten,kriegt der Bogner auch seine
1621 3246 2492 3348 is ine not here in Pa
897 3266 3032 3441 Tausend,wenn's nicht zu spät ist(.Die
862 3418 1353 3520 eyst Aug
885 3438 2866 3628 Sache sohien ihm in diesem Augenblick
952 3570 1537 3660 in deibere War
882 3593 3044 3760 gar nicht so schwer. Schlimm war nur, dass
903 3780 3026 3897 es noch mehr als drei stunden dauen soll-
949 3874 1531 3979 bis, und welschen
873 3891 2851 4072 te. Und um halb acht wollte (ja) Bogner
865 4046 2796 4277 vor der Alserkirche warten. Er würde
3938 336 4516 570 24/5.1924.
3257 435 3441 625 FJ
4265 549 5048 762 wie ihm
6187 695 6406 873 124
4242 923 6447 1163 den Burschen hinschicken mit der Meldung:
4300 1075 6389 1312 Leider kein Glück gehabt. Mochte der sel-
4309 1233 6357 1475 ber sehen, wie er fertig wurde
4323 1382 6471 1621 vielleicht hatte der beim Rennen gewonnen
4618 1539 5095 1642 en - in de Sys
4318 1534 6450 1767 und konnte gar ihm helfen.Ha,zehntausend,
4318 1694 6330 1910 die gewinnen sich nicht so leicht beim
5138 1764 6459 1919 tult aussi fale vi - (ohne qui
4329 1823 6500 2083 Totalisateur. Er schloss (unwillkürlich die
4925 1957 5694 2092 ihr in ausgeblokkeit Zeit
4344 1992 6476 2293 Augen Fächerartig zog es an ihm vorüber.
4329 2103 6485 2375 Pickneun, Karoass,drei Könige hintereinan-
4367 2226 6468 2495 der, Karoacht, Herzneun, Karovier, Pickeins,
4382 2378 6368 2676 immerschneller tanzten sie forbei, dass
4379 2544 6733 2854 er ihnen gar nicht zu folgen vermochte.
4388 2769 6383 2974 Der Bursche brachte den Kaffee, drückte
4402 2910 6348 3146 den Tisch zum Bett,schenkte ein,Willy
4540 3061 5369 3196 shilste wil out den Polst
4405 3056 6319 3304 setzte sich auf und trank. Soll ich
4405 3161 6611 3450 Herrn Leutnant vielleicht stiefelausziehn?
4467 3359 6532 3617 „Nein, nicht mehr der „Mühe wert."-„Soll
5463 3482 5685 3584 pale
4443 3532 6476 3760 ich Herrn Leutnant wocken? Melde gehor-
4452 3663 6593 3900 samst sieben Uhr Schul".-Willy schüttelte
4423 3809 6491 4052 den ropf.. Bin marod.Muss zum Doktor.Sie
4452 3935 6509 4256 meijden hich beim Herrn Hauptmann marod.
