6776 5928
6244 1105 6395 1292 1.
2962 1231 3242 1461 1.5
3581 1242 3897 1447 1e 2
363 1274 3113 1537 in Cul.. bishaft pass... and dear
3865 1285 6395 1565 viel zu entrefte, der das sich.
403 1497 3102 1814 of Mr Delend du in¬
3674 1522 6287 1900 beint wie ein ocrmitt Ciprem.
464 1756 3268 2033 den zugesagt.
3613 1756 6233 2091 wie wir je wie er Nettel im
529 1933 3016 2184 trebe in jein me. - - Doit
3656 1990 6082 2300 hier a....   Os
471 2116 3268 2364 kein hatt i de je mehr nicht geant
3646 2199 6165 2458 nul einmal bei de Leopolita
3124 2274 3293 2505 xx
468 2354 3030 2613 - is it de Aiguillud irgestellt
3685 2408 6305 2717 and Mr Kunt it will
450 2566 3142 2789 Mstelle vorsicht, wie
3610 2616 6298 2861 vuspreche.  V. ille  erwartet a
457 2695 2904 3009 a he is dert on d Klugel der Ne
3642 2829 6215 3095 ja weilt an elle.. V.illendet
450 2929 2998 3160 sich mal in lieh, wo ich ein
3610 3027 6485 3379 bofft en roga
446 3153 3188 3368 stosr in dea fiuwe was de land
2670 3322 3142 3476 sibutars
3620 3250 6287 3581 mogen alles, wenn ich
432 3361 3077 3635 Nail et elle - J - en ervie
3620 3440 6435 3761 weach de & ougang haubt cinuerte
410 3588 2991 3869 his in do fie korn -... Weg i
3674 3667 6305 3926 de Nous 10. deffes un valler
392 3807 3293 4074 bei der lieb nicht eilen er gut denkbr.
3682 3861 6402 4167 a si duift i sis
453 4059 2955 4369 of me ford H. Her cieland
3710 4092 6291 4336 Sif nur zur sehr mögte
439 4297 2731 4534 nicht zu sprechen. Un Korn
3653 4318 6049 4657 halte. Auf-wegülle mit
749 4444 1731 4599 soner 1:2end
2112 4441 2364 4585 leur
569 4531 3019 4797 Til fon d hin en je
3602 4516 6032 4833 en der wissel. Tf. der Hl
968 4678 3095 4901 all Mal jay. 1st
4466 4851 4660 5024 „
