7112 4488
1045 664 3084 869 müssen morgen vor halb neun Uhr prüh da
1100 834 3149 986 sein, sonst - na — Also, du erwiesest mir
1071 963 3225 1182 einen wirklichen Kreundschaftsdienst,Wili,
1106 1159 3283 1285 wenn du mir diese Summe“ - Er konnte plötz
1112 1293 3231 1434 lieh nicht weiter. Thränen waren in seiner
1094 1410 3274 1598 Stimme und Will schämte sich für Ihn, nicht
1118 1618 3274 1803 vielleicht weil er ein paar Gulden, wie man
1258 1721 1966 1829 m obl neues impt
1065 1762 3228 1964 das so nennt, veruntreut hatte, sondern weil
1100 1943 3222 2086 er weinte, weil der ehemalige Oberleutnant
1112 2051 3160 2224 Otto von Winter, der charmante, schneidige
1106 2195 3195 2408 Offizier, dem man eine grosse Carrière vo-
1112 2397 3119 2511 rausgesagt hatte, der überdies einer der
1094 2517 3178 2672 bestsituierten Kameraden gewesen war, ehe
1261 2639 1896 2739 das Unglück gehe
1106 2716 3172 2836 er in die kavaleristische Spielergesell-
2332 2806 2505 2885 in
2628 2789 2862 2879 eben
1504 2795 1800 2894 mit.
1033 2827 3216 2958 schaft geriet, weil der in einem fast abge-
1165 2961 2786 3032 Mognen  bless - ou huinterpkon i
1089 3023 3119 3166 schabten Anzug, in der Sophaecke lehnte,
1112 3128 3459 3274 hattelte und weinte, mit der herver so berichte
1112 3266 2806 3368 gekomen in or, daß er berich weinl
1451 3298 3228 3462 „Abor otto“, sagte er, was falltdir
1033 3435 1645 3608 dann ein?“.
3854 459 4354 655 13./10.1923.
5367 568 6806 758 E darauf, legte der Haar an
6186 711 6704 840 ein stille
4498 682 6631 942 „Aber Otto“, sagte er, „was fallt dir denn
4521 878 6622 1091 ein, es wird ja nicht so schlimm sein.Man
4509 1045 6564 1261 muss ja nicht gleich die Contenane ver¬
4539 1203 6508 1349 lieren" - Und da der Andere auf diese
4492 1358 6610 1489 nicht sehr hoffnungsvolle Einleitung hin
5598 1448 6069 1563 October 1855
4550 1522 6593 1700 mit etwas verzerrten Mundwinkeln
4542 1645 6388 1849 zu ihm aufsah - nämlich ich selber
4530 1794 6593 1949 bin so ziemlich auf dem Troekenen.Mein
4527 1964 6520 2162 ganzes Vermögen beläuft sich auf etwas
4533 2110 6485 2280 über hundert Gulden, hundertzwanzig, um
5463 2230 5800 2359 me de
4471 2201 5554 2432 ganz genau zu sein..
5633 2259 6487 2476 Die stehendirna
4951 2353 5993 2493 his alda letite kruge
4530 2402 6391 2642 türlich zur Verfügung;-aber wenn wir
4512 2572 6438 2818 uns ein bisl anstrengen,so müssen wir
4445 2718 6037 2912 ddoch auf einen wadus kommen.
4893 2833 6493 3096 oOtto unterbrach ihn. Dass ich
4445 3014 6490 3254 von dir am 27.nicht gleich ein Darlehen
4448 3169 6370 3418 von tausend Gulden verlangen dürfte-
4436 3345 6432 3570 selbst wenn du sie hättest" - Wilhelm
4427 3529 6476 3716 schüttelte lebhaft den wopf,ein Zeichen
4410 3637 6449 3857 d er Beteuerung, das Otto etwas ungedul-
4413 3804 6476 4029 dig abwehrte „ja, auch wenn du sie hät
4410 3909 6458 4211 test, das war mir ja klari-und über alle
