7192 4520
6326 204 6643 344 211
3756 276 6487 552 und er fielte nun plötzlich, wie zu verleit
3732 453 6463 715 er in ih dortam, in Hewed, weil nacht
3831 661 6313 872 Reiver - had vergeblich nicht er vak
2768 705 2993 878 209
2176 654 2663 923 an linterboe
851 872 3156 1076 ins Hotel geht, um sich ihr prot zu verdienen
4682 855 6330 1110 en Aubert auf de
3742 844 4641 1100 l'eux toutes
4627 998 5925 1161 "weill. de ait lt
851 1004 3082 1212 und dabei noch ihr Vergnügen hat, um sie
1723 1130 2033 1239 it in the
3865 1015 6320 1386 Beleistzig die er ihr das Gesich
1270 1188 3116 1359 Indes aber war der Schimmer wieder
930 1226 1192 1335 G.C.F.P.
5111 1246 5414 1410 liet
844 1325 3024 1512 in Leopoldinens Auge verloschen. Kalt und
3756 1314 6143 1600 jespren, auf die Karte, der nie
776 1423 3085 1679 grau starrte es in das seine, der aber (fühlte)
3800 1481 6170 1760 an it's certain -  for
1287 1590 1464 1706 26
814 1600 3068 1818 plötzlich, wie er (ohne Schuld und doch nicht
3746 1733 6204 1968 Mscrstiedue ja da hicondet
821 1760 3136 1978 ganz unschuldig recht erbärmlich da stand im
810 1934 3099 2121 Hemd und mit nackten Beinen und ehe er noch
3783 1880 6064 2183 dafus daß er ihr für ein Voigste.
817 2097 3184 2288 das rechte Wort zu finden vermochte,hatte sie
3803 2162 6374 2404 so is bei der du keur war, for c
800 2217 3068 2428 sich wieder von ihm fort gewandt, als wollte
2496 2326 3333 2435 Ce nécessait avec très
865 2414 3153 2588 sie nun doch wirklich gehen.) Es drängte ihn
3803 2373 6081 2581 lur ouil idis, das es der cid
1117 2499 1685 2605 ne festritell
4985 2530 5251 2649 Re-
875 2533 3150 2731 ihr zum Abschied irgend etwas zu sagen. Doch
1764 2635 2455 2748 in-  n'a draige
3817 2574 6105 2836 ke I bril leur; - difus, def -
834 2697 3058 2884 es war so vieles,so verschiedenes,dass die
4011 2758 4944 2939 in 3x & sehr
2094 2799 2349 2884 it in
875 2860 3160 3034 Worte sich verwirrten ehe sie zu seinen Kip-
3844 2867 6207 3068 damat will erter je n' gieses...
5533 2976 5724 3156 2:-
841 2962 3173 3194 pen gelabgten Beschimpfen wollte er sie (dass
3797 2976 6245 3337 me the a fortlickkert. In so
817 3146 3064 3371 sie (so tückisch Rache an ihm genommen, dass
1451 3282 1611 3381 the
3803 3214 6023 3507 en Cie. dreit e un ettille
834 3323 3190 3497 sie ihn nun behandelte, als hätte er die elf-
851 3436 3245 3626 tausend Gulden als Preis für eine Liebesnacht
3820 3487 6262 3776 trop. Siel si talte.
827 3602 3160 3803 verlangt. Und fühlte dabei, dass in diser ih-
817 3769 3204 3909 rer zumutung doch irgend eine Wahrheit steck-
1151 3878 3211 3991 diese hilte sie m ihn als Berlin diese Haubt schonviel
3088 3899 3330 4032 in me
3780 3780 6248 4079 I will tell it ange-
810 3912 3259 4137 te. Er wollte ihr sagen, dass er sie dagals
3047 4079 3327 4212 jurres.
