7150 4504
2304 943 2833 1113 Vu de 3,77
722 1058 2836 1300 du benötigst.Mein Gold ist, du weisst es
690 1231 2954 1484 ja wahrscheinlich, in verschiedenen Geschäf-
705 1409 2801 1642 ten fest gelegt. Ueber nennaswerte Barbe
719 1522 2833 1737 träge verfüge ich niemals. Sie zukte be-
716 1706 2942 1930 dauernd die Achsel, als wenn dafür die Sache
777 1844 2917 2094 erledigt wäre. Willy (aber fühlte, dass er
722 1985 2868 2212 nun doch wohl das pecht hatte sich weiter
791 2160 2787 2405 vor zu wagen und dass seine Aussichten
751 2313 2894 2551 günstig standen. Er erhob sich von seinem
762 2453 2954 2661 cessel, bat vorerst um Entschuldigung wegen
759 2571 2980 2804 seiner Zudringlinkeit und gab ihr zur Erwä-
782 2773 2873 3009 gung, ob nicht doch (mit Rücksicht auf den
733 2919 2934 3181 wahrscheinlich sehr günstigen stand ihrer
777 3057 2963 3296 geschäftlichen Unternehmungen eine Anleihe
811 3224 2928 3446 aus den Kassenbeständen oder dergleichen
779 3354 3092 3621 möglich sei. Und er sah, wie sich ihre Lippen
777 3535 2894 3782 ironisch kräuselten, als nähme sie seinen
1665 3644 2143 3756 Hefahrerkeit
782 3673 2896 3940 geschäftlichen Weitblick nicht besonders
834 3874 2744 4099 ernstebdoin gebiel tib dei aash..ei
1222 3946 3098 4234 Du stellst dir das einfacher vor, als
2085 4096 2318 4194 2sten
745 4079 1237 4268 geb. Tise
745 4122 2914 4375 es ist,sagte sie und hältst es fürganz
3719 659 4053 823 cette
6210 814 6592 984 - 178
4326 943 6500 1153 natürlich, dass ich mich in deinem interes-
4320 1119 6489 1314 se in irgend eine finanzielle Transaktion
4283 1280 6362 1478 einliesse, die ich mir für mich niemals
4674 1432 5287 1536 intenct with
4291 1424 6440 1637 einfallen liesse. Und noch dazu ohne jede
4303 1579 6460 1789 Sicherheit. Wie komm ich eigentlich dazu?“
4297 1714 6417 1913 Ihre Worte klangen so freundlich, als sei
4300 1907 6472 2091 sie eigentlich schon ganz bereit nachzuge-
4303 2005 6483 2235 ben und erwarte nur noch ein bittendes,be-
4314 2163 6221 2382 schwörendes Wort aus seinem Munde.Er
4314 2336 6339 2563 glaubte es gefunden zu haben undsagte:
4654 2482 6569 2666 „Du hast freilich keine Ursache,aber
4320 2632 6497 2847 bedenke, Leopoldine, dass du ein Menschenle-
4332 2822 5008 3026 ben rettest.
4680 2963 6489 3152 Sie zuckte ganz leicht zusammen(Er
4427 2977 4588 3164 G.
4337 3112 6365 3305 merkte, dass er zu (weit) gegangen war
4349 3279 6446 3457 und fügte leise hinzu: „Ich bitte um Ver-
6078 3405 6374 3555 ne lof
4340 3437 6474 3659 zeihung“.) M. Heil wenn xxx
4395 3587 6633 3794 Sie sah ihn mit einem undurchdringli-
4358 3693 6541 3929 ohen Bliok an.Dann sagte sie trooken: „Kei-
4375 3889 6610 4096 neswegs kann ich eine Entscheidung treffen,
4372 4009 6469 4225 ohne meinen Advokaten zu pate gezogen zu
