7128 4520
987 804 3134 890 dass ich im Finstern lesen kann? Licht ma-
993 913 2191 1091 "Rieter Aufgetrück
491 979 857 1085 Rönliau
508 1067 857 1215 auffricht.
1333 1135 3074 1218 Noch ehe der Befehl ausgesprochen
2365 1197 2637 1283 Fenste
981 1233 3352 1372 war, hatte Joseph die inneren Plügelgeöffnet und
1035 1457 3205 1525 zog den weisslich-grauen Vorhangindie Höhe
999 1573 3193 1673 und Wilhelm, sich im Bette halb aufrichtend,
2158 1653 3190 1759 Zu lesen
987 1673 1505 1759 vermochte nun
993 1726 3252 1865 las den Namen auf der Karte: (Otto von Winter.
976 1821 3234 1972 Er liess die Karte auf die Bettdecke sinken,
1117 1954 1670 2058 betrachleb ne
993 2019 3252 2120 blickte sie nochmals an, dann kraute er zich
993 2202 3160 2270 das blinde, kurz geschnitte, etwas zerraufte
1023 2347 3157 2436 Haar und überlegte rasch: Abweisen; unmög¬
1493 2424 1765 2525 la seuilleur
993 2480 3199 2581 lich. Auch / kein Grund. Wenn man wen empfängt,
981 2658 3116 2720 das heisst ja noch nicht,dass man mit ihm
2658 2714 2909 2814 wege
1035 2779 3151 2879 verkehrt. Oebrigens waren es nur Schulden.
1117 2882 1543 2968 Gurke mit
1029 2956 3199 3072 (Kann jedem passieren) Andere haben haltmehr
987 3110 3240 3184 Glück. Was kann er von mir wollen. Ich hab xxx
1035 3210 3066 3403 ihn gern gehabt. Schad um ihn. Eigentlich
987 3332 3089 3565 freu ich mich ihn wiederzusehen nach zwei
2551 3462 3216 3592 enfin, daß de
1709 3491 2155 3586 trante et
987 3562 3205 3663 Jahren.Und, als wäre der Bussch verpflichtet
2330 3639 2859 3749 felegt se c
1041 3663 3225 3855 gewesen seinen Gedankengang zu folgen,wandt
1035 3802 2010 3914 im Bürschen geweiset
701 3831 949 3926 prierly
1005 3879 3104 3964 er sich an ihn: „Im Hof unten steht er? Was
1345 3961 1558 4056 ohne
1023 4000 3122 4127 fallt der denn ein2. Heraufführen den Herrn
4136 222 4304 358 G.C.F.P
4349 671 6400 766 fuhr,wandte er sich wieder an den Bur¬
4402 831 6250 946 schen: „Also, ich lasse bitten. No ja,
5011 928 5218 1020 Rent
4402 993 6371 1082 zum Teufel der Herr - er möcht freund¬
4355 1141 6170 1236 lichst entschuldigen, wenn ich noch
4366 1301 6291 1466 nicht fertig angezogen bin. Und dann
4366 1407 4748 1493 martin
4355 1446 6406 1558 mach gle ich den Kaffee fertig, Joseph.
4355 1552 6524 1712 Und hören S. (für alle Fälle, wenn einer Korn
5703 1632 6799 1771 der Lieutent, Wengle de
4360 1768 6604 1874 von den andern Herrn fragt, ###
6255 1806 6699 1907 Heipelman
4372 1927 6161 2013 leicht hereinkommen möchte, ich bin
4360 2040 6208 2152 sehen fortg fahren.
6365 2004 6678 2123 Nau
4677 2223 6214 2315 Während Joseph die Türehinter
4355 2371 6220 2468 sich schloss, zog der Leutnant rasch
4355 2528 6312 2634 die Blouse an und mit dem Staubkammge
4904 2628 5469 2711 der Sereni
4360 2702 6388 2782 schwind seine Haare ordnend, trat er zum
5664 2735 6619 2856 noch meine unterstehlen
4402 2805 6306 2983 Fenster, blickte in den Kasernhof hi
4366 3018 6368 3104 nab,der an diesem Sonntagsmorgen noch
4366 3134 6391 3261 ganz war war und als er den alten ge-
4969 3228 5253 3338 aller
4360 3302 6371 3462 scheiterten/Kameraden auf und ab gehen
4414 3456 6179 3559 sah, den Kopf gesenkt, den steifen
4372 3583 6595 3743 schwarzen Hut in der Hand haltend, in offnem
5357 3695 6273 3784 mit brauver Schuher
4402 3760 6720 3923 hellemneberzieher, da wunderte er sich
4360 3920 6459 4029 ein wenig, wie rasch er dessen Scheiden
