7176 4648
6001 186 6246 385 170
4845 482 5006 721 5
4096 594 4276 774 le 1e
6162 799 6386 985 148
2629 833 2812 991 147
4173 954 6234 1227 Kravatten allerlei Schachteln zu sehen
696 957 2815 1193 Schulden gemacht. Auch in den letztenzwei
4214 1085 6464 1389 waren und keine Banknoten. Dann zog er sei-
752 1137 2666 1333 Jahren nicht, wo es mir manchmalrecht
4226 1271 6318 1538 ne Geldbörse aus der Tasche), warf sie auf
724 1305 2831 1495 schwer zusammengegangen ist. Und ich habe
4220 1392 6252 1709 den Tisch. Schau selber nach,Willy,und
709 1423 2915 1647 mich nie verleiten lassen, obwohl manmir es
2598 1548 2856 1672 more.
4245 1529 6467 1855 wenn du mehr findest als hundertGulden,so
771 1582 2784 1781 direkt angetragen hat - ich hätte doch
4245 1690 6495 1998 kannst du mich für einen Geizkragenhäleus?“
736 1756 3036 1952 auch jetzt zu einem Juden gehen können, aber
4462 1793 4643 1914 hall
2480 1880 2874 1976 en Umet
4310 1821 6781 2153 Und plötzlich sank er in den Stuhlvor dem
746 1886 2871 2098 was wäre da herausgekommen? In einem Jahr
5121 1948 6749 2157 und der xxx gegen Stift war keine xxx
4276 2060 6774 2312 Schreibtisch, brachte sie in Unordnung,so
6386 2088 6796 2188 an die B
746 2063 2797 2247 wär ich halt das Doppelte oder noch mehr
6355 2153 6821 2278 die ninkalz.
1725 2191 2427 2306 Mai den näher
6184 2222 6784 2324 and in to
4282 2194 5942 2467 dass einige herunterflatterten.
752 2172 2961 2411 schuldig gewesen. Hätte ich dann zu dir kom
6470 2284 6635 2449 d
4708 2309 6476 2573 Willy hob sie mechanisch auf, dann
743 2371 1361 2585 men sollen?
5444 2424 6662 2660 durch das Zimmer schwei-
1395 2483 1572 2626 in
1137 2452 3008 2716 „Hör auf, Willy, rief Wilrammit (noch )
4323 2523 5463 2775 lliess er die Blicke d
5870 2601 6286 2725 apostre
5444 2641 5690 2738 in
4319 2651 6560 2921 fon, als müsse er nun doch auch da Verände-
1470 2666 1998 2772 selham schuld
764 2672 3095 2878 schrillerer stimme. „Ich möchte dir ja helfen,
5360 2775 5938 2902 at die culons
4382 2781 6439 3073 rungen entdecken, wenn sich die Verhält-
758 2803 2896 3030 wenn ick könnte. Aber ich kann nicht.Ver-
4341 2893 6563 3229 nisse des Onkels so unbegreiflich geändert
820 2986 2927 3185 stehst du, ich kann nicht. Ich habe selber
6084 3024 6641 3188 unfegte.
4748 3111 5758 3272 Abm. elle s et où il en en
4363 3089 6678 3409 hatten. Die Frage war nur ob denn auch alles
1106 3148 1370 3244 -, hn
1607 3126 1914 3238 tin lei
764 3117 2856 3347 nichts.Nicht zuantig Gulden habe ich im
4360 3247 6712 3539 stimmte, was der Onkel erzählte. War der Mann,
768 3260 3011 3508 Vermögen, wie du mich da siehst. Nichts als
4369 3350 6600 3698 der ihn so plötzlich vor eineinhalb Jahren
758 3415 3095 3633 was ich selber jeden ersten und fünfzehnten
4394 3546 6476 3850 im stich gelassen hatte, ja nicht einmal
777 3564 2943 3835 kriege Da, da,“-ei riss eine Lade nach der
4419 3682 6585 3996 empfangen hatte, nicht auch imstande durch
777 3707 3067 3956 andern aus dem Schreibtisch, aus der Kommode,
4472 3825 6687 4117 eine solche Lüge, die er durch Komödiespie-
771 3887 3061 4105 als wäre es ein Beweis für die Wahrheit sei
783 3934 982 4040 einde
2595 4012 3070 4161 bei den Reze
4465 3993 6631 4270 lerei wahrsche inlicher machen wollte, sich
811 4030 2874 4323 ner Worte, dass in den Laden nur Papiere
