7128 4504
2642 645 3145 827 vie seul
1189 767 3123 1003 wahrscheinlich wieder so weit sein. Und
1201 953 1695 1145 was dann?
1654 1088 3302 1227 Musik klang (von weitem zu ihm.k.
2189 1198 2513 1293 reid.
1129 1249 3107 1431 Es war irgend eine verschollene Ouver-
1607 1340 2139 1440 du de encore
2730 1346 3025 1456 mehr
1135 1412 3170 1601 türe, wie man sie überhaupt nur von wur¬
1148 1569 3403 1714 orchestern hört. Doch Willi kannte sie gut. -
2903 1657 3475 1771 summe a-t-ll
1135 1654 2069 1742 Seine Mutter hatte
1170 1742 3252 1859 Erxhattaisie vor vielen Jahren unzählige
1161 1868 3205 2057 Malo mit vierhändig gespielt mit irgend
1129 1975 3249 2186 einer entfernten Verwandten. Er hatte es Wie
1956 2110 3516 2242 der Mutter in Pailen in Kl mélai ce
673 2104 3198 2374 35 m. so weit gebracht, obwohl er im samen rech
2060 2268 2327 2356 mark in
1104 2330 3265 2450 musikalisch war. Die Mutter war aber schon
1110 2491 3202 2632 vor zwölf Jahren gestorben und da hatkes
2705 2576 3110 2683 was poule
1098 2639 3246 2821 keine Klavierlektion mehr gegeben, wenn er
1101 2777 3576 2956 zu den Feiertagen von der Kadettenschuhe die Sine
1918 2897 3419 2994 so [illegible] - nkien nlaisses de
1088 2956 3085 3126 nach Hause kam. Wie hübsch es herklang
2324 3038 2573 3139 ewg
1088 3098 3136 3265 durch die zitternde Frühsennerluft.Er p
2057 3183 2242 3283 vnt
1135 3217 3136 3400 Überschritt (eben )die kleine prücke, die
1076 3346 3183 3548 auf die andere Seite des trüben seichten
796 3494 3271 3761 Jchst Baches führte und schon sah er das Kaffee-
1116 3708 3164 3919 haus und auf der Terrasse davor sahner
1195 4076 1450 4221 ==== =====
3956 447 4394 708 27/3. 1924
4409 714 6564 997 und nach wenigen Schritten (schon) stand er
5312 890 5564 994 roure
4400 915 6630 1173 vor der breiten,menschen überfüllten Terras-
4387 1044 6510 1264 se des Kaffeehauses. Es war das richtige
5063 1179 5809 1321 es ist hier zu aussi
4372 1217 6708 1459 Sonntagspublikum.Zum grösseren Teile Ausflüg¬
4368 1371 6633 1591 ler aus der Residenz.Familien,die an eng zu
4365 1547 6620 1752 sammengeschobenen Tischen Kaffee und Eis zu
4947 1629 5252 1739 Saare; -
4350 1676 6460 1896 sich nahmen.. Die gewöhnlichen Stammgäste
4280 1827 6592 2091 verschwanden fast unter der Menge. Nah (an) der
4334 1981 6661 2208 Strasse,an einem kleinen Tischchen aass Leut-
4309 2135 6560 2371 nant Greising, der Patent, fahl und hämisch,
4227 2290 6639 2582 und der dicke Theatersekretär Weiss. wie im-
4236 2415 6661 2686 mer mit einer Blume im Knopfloch, in gelbem zum
4280 2576 6680 2843 Flanellanzug (Sie begrüssten Willi kordial)
5655 2604 5900 2683 aion cres
4227 2761 6501 3007 er drängte sich nicht ohne Mühe zwischen den
4205 2856 6617 3154 Tischen und Sesseln zu ihnen durchh. Er reichte
4211 3032 6400 3287 Beiden die Hand. „Wir sind ja spärlich ge-
4186 3161 6454 3444 sät „heute“, sagte er und es war ihm eine Er-
4227 3365 6696 3604 leichterung zu denken, dass die spielpartie welle
4233 3466 6476 3774 nicht zusammengekommen war.Geising aber er-
4151 3658 6406 3969 klärte, dass sie,er und der Theatersekretär,
4211 3815 6416 4111 nur darum hier heraussen sässen, um sich zu
6387 3865 6598 4133 from
4290 4032 4497 4126 uos
4985 4164 5554 4350 — id,s ich
