7016 4504
686 780 2875 1020 eleganten Herren,die vor der Villa aus dem
689 966 2736 1198 Wagen gestiegen waren. Und Wili war mit
686 1108 2850 1351 dem Rücken zu ihnen gesessen,hatte von ih-
695 1309 2724 1475 rer Anwesenheit in Gasthausgarten nichts
701 1457 2739 1659 gewusst. Aergerlich! Welche Gelegenheit
722 1604 2796 1794 war da versäumt.) Man begrüsste ihn sehr
701 1743 2923 1917 freundlich,er blieb stehen, war heiter, unbe¬
701 1860 2760 2083 fangen, als ein junger Offizier, in recht
719 2026 2820 2224 behaglichen Verhältnissen überdies nach
1734 2167 1917 2258 st.
719 2200 2673 2402 drei Gläserneines starken ungarischen
725 2360 2784 2525 Weins und ohne Konkurrent in diesem Au¬
2381 2450 2577 2555 gene
734 2489 2784 2730 genblick (Und er erkundigte sich, ob s im
743 2673 2841 2878 Helenental sehr schön gewesen sei und ob
737 2823 2971 2992 das Eis in der Krainerhütte geschmeckt hät
749 2956 2832 3185 te.-Woher er denn wüsste?- - Es stellte
716 3109 2790 3263 sich heraus, dass von der Familie Kessner
759 3272 2905 3425 noch gar niemand zuhause gewesen war, dass
759 3449 2781 3588 man also weder von seinem missglückten
759 3594 2905 3738 Besuch noch von den Bonbons etwas wüsste.
752 3741 2974 3889 Er fragte sich, ob er des Geschenks, das der
759 3889 2989 4067 Damen zuhause wartete,Erwähnung tun sollte
6017 626 6170 786 67
4142 725 4632 882 habe noch
4057 795 6297 990 oder nicht. Ach, es sollte eine Ueberraschung
4070 963 6291 1165 séin. Man forderte ihn auf Platz zu nehmen,
4054 1120 6267 1315 er lehnte dankend ab. Draussen wartete der
4073 1261 6294 1457 Wagen eines-Freundes, der ihn zur Bahn brin-
5894 1336 6288 1430 I be aile
5012 1358 5779 1454 même telle a votre
4073 1351 6441 1616 gen sollte. Ob das lauter Offiziere seines
4091 1529 6222 1737 Regiments seien,mit denen er dort bei Ti-
4045 1692 6225 1914 sche gesessen war, fragte Fräulein Kessner.
4112 1857 6210 2035 Und der hübsche junge Mensch im gelben
5192 1987 5406 2059 in I
4094 2029 6261 2224 Ueberzieher J-Ah, ein Schauspieler, Elrief
4085 2122 6330 2366 man kannte nicht einmal den Namen. Das Thea-
4118 2309 6351 2501 ter hier sei nicht gut, höchstens die Operet
6035 2390 6192 2498 seep
4259 2456 4672 2601 saste fruin k
4118 2441 6354 2658 te. Und Frau Kessner mit einem vielverspre-
4109 2610 6351 2832 chenden Blick regte an, wenn der Herr Leut¬
4127 2709 6309 2953 nant nächstens wieder heraus käme, und man
5207 2884 5565 2986 wch wir
4079 2911 6363 3142 spielte eine Operette,da könnte man wohl ge
3934 3058 6357 3329 meinsam das Theater besuchen. Und nun hatte
4136 3227 6303 3410 Wili noch einige Fragen der jungen Damen
4133 3380 6267 3576 zu beantworten: Ob seine Kameraden liebe
4151 3525 6333 3747 Kerle seien? Ob er täglich mit seiner Com-
4154 3660 6276 3892 pagnie in den Prater marschierenmüsse? Ob
4163 3841 6393 4079 die Kaisermanöber heuer wieder in den Dolo-
