7128 4536
640 921 2866 1051 ein war eine neue Art es mit dem Schicksal
886 1068 2976 1259 auf zunehmen.Acht! Nun musste es sich wen
567 1126 837 1300 Witshe
874 1216 3014 1364 den. Es wendete sich nicht. Neun deckte der
347 1248 790 1459 (le schure)
400 1329 834 1563 innerling
886 1381 2970 1503 Konsul auf und schob zugleich die Karten
868 1491 2909 1659 weit von sich - Will riss die Augen auf.
897 1688 2964 1818 „Nun, bekomme ich nicht meine Karte?“ frag
886 1812 2881 1951 te er als hielte er den vonsul für zer
874 1960 2898 2142 streut. Der aber hob den Finger, deutete
874 2110 3031 2281 nach draussen. Es hat soeben halb geschla¬
868 2287 2886 2423 gen. „Wie?“ rief Will scheinbar erstaunt.
880 2458 2768 2574 Aber man könnte vielleicht noch ein
874 2597 2964 2718 Viertelstündchen zugeben.» Er schaute im
854 2721 2892 2898 Kreis herum, als suchte er Beistand. Alle
868 2866 2892 3022 aber schwiegen.Herr Elrief sah weg,sehr
1225 2982 1450 3077 Nimlet
868 3022 2936 3167 vornehm,Wimmer biss die Lippen zusammen,
837 3144 2892 3326 Greising pfiff nervös,fast unhörbar,der
1685 3251 3187 3480 aroh, at handell in as it in
848 3335 3017 3538 Sekretär aber bemerkte:.Der Herr Leutnant
837 3512 2889 3651 hat wirklich Pech gehabt“. Der Konsulwar
842 3651 2797 3833 aufgetanden, rief nach dem Kellner, als
837 3816 2933 3926 wäre es ein Abend, eine Macht gewesen, wie
782 3972 2881 4175 jede andere. Er hatte zwei Flaschengges
4869 382 5353 565 des de
3216 466 3416 651 29
5981 750 6140 895 89
3674 709 4024 1019 28/4. 24.
4056 900 6253 1199 Cognacs (zu zahlen) aber der Einfachheithal-
4120 1089 6242 1346 ber wünschte er die gesammte Zecha zu be-
4082 1199 6285 1474 gleichen.Greising verbat sich's wortlos- und
4120 1355 6158 1656 sagte seinen Kaffee und seine Zigarren
4177 1413 4383 1520 age
4131 1471 6352 1798 persönlich an. Die Andern liessen sich
4088 1665 6355 1919 die Bewirtung gefallen.Dann wandte sich der
4151 1824 6273 2087 Konsul an Willy, der immer noch sitzen ge
4114 1940 6331 2244 blieben war; und mit der rechten Hand nach
4157 2145 6198 2385 draussen weisend wie vorher, als er den
4128 2232 6465 2519 Schlag der Turmuhr nachträglich festgestellt
4183 2377 6462 2692 hatte,sagte er:-Wenn's Ihnen recht ist,Herr
4192 2548 6320 2854 Leutnant, nehm ich sie in meinem Wagn nahh
4209 2744 6216 3008 Wien mit. — „Sehr freundlich, erwidrte
4198 2892 6262 3147 Willy und in diesem Augenblick war ihm,
4169 3031 6285 3321 als sei diese letzte Viertelstunde, jadie
4230 3170 6438 3480 ganze Nacht (ein verworrener Traun) gewesen.
4232 3355 6355 3622 Der Konsul nahm die ganze Sache offenbar
4247 3477 6381 3758 auch so. Wie hätte er ihn sonst in seinen
4267 3625 6459 3917 Wagen laden können. „Ihre Schuld„Herr Leat-
5347 3784 5657 3891 ihren andern
4261 3816 6485 4096 nant“, fügte der Konsul hinzu, „beläuft sich
4285 3955 6473 4206 auf elftausend Gulden.-„Kawohl“,erwiderte
