6776 5944
1857 124 2076 335 17
1338 141 1786 409 11=11:11
6223 1137 6456 1348 ne
530 1348 1352 1507 Rein citt tifel
3657 1285 6107 1550 es vuehoient t.k...d/ ce jeder
2852 1274 3209 1518 165
374 1437 3124 1740 subryeo. Andort Stel. blid a Hen.
3685 1493 6153 1825 Coullut dei 100 J enfant cin
452 1687 3149 1881 Cront et un Peuil monté - une
3703 1709 6350 1963 Ich M hatt...  .    In der war
445 1885 3184 2139 dest. en ame Nro ein Royal
3650 1945 6082 2136 was been pithin in de... orreur
427 2054 3152 2319 duest el konf jege... Cette sollte.
3643 2100 6294 2337 meer ce thement... in een Grund
399 2280 3233 2524 de keil. wilt ood en klen wennet
3625 2309 6223 2577 das einzige un ernoit geht hebt.
1264 2520 3064 2771 I have auch zum
3692 2517 6280 2803 Testament ou fon... was a elle
325 2513 1821 2803 C rerter pferled
3604 2768 6199 3018 amt die x bich héttor, die
374 2718 3135 3029 éclambit un en lissel longueil)
417 2951 3071 3163 u. oben Sarg u Blommen
3622 2997 6121 3311 fort - his - - Tile Mill - no
1645 3128 2139 3279 médeciteur
1094 3142 1536 3279 to me.
399 3145 3078 3364 is in sre hasbare Reill or
3604 3223 6375 3474 Ungal   .. .   „ . J woclon
434 3368 3025 3590 de lvelt in getn
3576 3474 6234 3689 Nous at was i ciel juinl jure
417 3565 2972 3791 Stryvistes - bei T- Leopote debi
3569 3661 6255 3968 unbringen müsst. gern in die Stück,
1038 3749 1320 3925 lui
466 3738 3085 3985 Viehe den Erschl sein bei uns u. dem
469 3901 2969 4201 seyn. Sie töcht. Sie. Kluburg
3583 3879 6396 4172 u de de Heer lomil d et irmeile
494 4116 2990 4430 Sie gedraft betrücken. Sie hier¬
3579 4141 6202 4536 al we is crurbe 1th pite wd
441 4328 2983 4547 nalulut all da ota die gewept
3565 4338 6273 4709 mele the durft... Can Ive
5592 4533 6230 4836 Man Uhrge
374 4504 2905 4871 Reveid. def aus der Absicht hab.
