7144 4632
647 878 884 1028 81e I
2828 867 3025 1046 149
823 971 1727 1170 medea mieidos maa
846 1095 3019 1303 vor weiterem prängen und Flehen des Neffen
627 1161 789 1314 1 e a
792 1225 2999 1465 zu schützen? Wie, in einer solch wohlgehal-
1889 1326 2187 1447 in me
846 1378 3033 1623 tenen Wohnung lebte er mit einer Wirtschaf
809 1517 2949 1779 torin, trug einen immerhin noch eleganten
809 1696 3016 1901 inzug, die Bilder hingen an der Wand (wiefrü-
797 1840 2921 2071 har, die schönen Ledereinbände standen in
870 1947 3068 2213 Kasten wie früher und er selbst sollte ein
1092 2117 1647 2224 o  Nelle
820 2117 2996 2340 armer Teufel (geworden) sein (und eine kleine
838 2299 2952 2502 Stellung angenommen haben, wo er amersten
818 2435 2921 2681 und fünfzehnten jedes Monats einen Gehalt
823 2580 2923 2828 ausbezahlt bekam? Wo wäre denn dann sein
818 2773 2932 2996 Vermögen hingekommen in den letzten zwei
823 2871 3016 3114 Jahren? Nein, er glaubte ihm nicht Er hatte
875 3077 3019 3279 nicht den geringsten Grund ihm zuglauben.
835 3230 2837 3446 und er hatte noch weniger Grund sichso
2219 3325 2614 3417 En de id
846 3391 2895 3614 leicht geschlagen zu geben, hatte nichts
838 3547 2938 3732 mehr zu verlieren, durfte sich auch etwas
841 3666 3123 3903 herausnehmen,schlimmstonfalls flog er eben
974 3842 3146 4050 r Türe hinaus, statt sich ebenso unverrich-
971 3975 1205 4070 Anno o
858 3998 3039 4249 teter Dinge höflichst zu empfehlen. So ent-
5985 173 6188 410 20
4792 468 4972 705 5
4018 566 4203 745 fol
6069 647 6300 812 150
4102 688 6422 1023 schloss er sich zu einem letzten Versuch, der
4099 919 6254 1112 aber weniger kühn ausfiel als er gedacht,
4154 1075 6329 1265 denn plötzlich, zu seiner eigenen Verwunde
4105 1210 6292 1413 rung, zu seiner Beschämung, war er vor Robert
5289 1381 5668 1485 gefalteten
4088 1375 6193 1600 hingetreten mit Beschwörenden Händen und
4082 1522 6271 1722 sagte: „Onkel Robert’es geht um meinLobun.
4134 1675 6188 1869 Wir sind ja nicht abergläubisch, aber es
4076 1852 5648 2034 gibt eben Momente, Onkel, ich be
5636 1849 6315 2031 schwörendich,
6139 1999 6448 2123 o & M
4145 1985 6373 2169 ich flehe dich an — Und plötzlich hatte er
5174 2152 5379 2253 Assez
4064 2143 6211 2331 das Bild der Mutter in der Hand und hielt
4270 2276 4876 2398 in dem verlor
4067 2285 6254 2487 es dem onkel hin. Der mit einer seltsamen
4056 2458 6130 2658 Milde nahm ihm das Bild (einfach) aus der
4050 2588 6211 2785 Hand und stellte es ruhig auf seinen Platz
4064 2776 6193 2952 zurück und leise, durchaus nicht unwillig,
4056 2892 6188 3114 bemerkte er: „Deine Mutter hat mitdersache
4059 3042 6260 3259 nichts zu tun. Sie kann dir nicht helfen, so
4044 3230 6297 3409 wenig wie mir. Wenn ich dir nicht helfenwoli-
4088 3354 6182 3542 se, Willy,brauchte es keiner Ausrede.Ver-
4093 3542 6159 3732 pflichtungen besonders in einem ablehen
4036 3703 6269 3963 Falle erkenne ich nicht an. Wenn du dich er-
4010 3839 5341 3995 mmo 1 a9.0/1 t odei I niem
4073 3963 5024 4244 Nun ede! bei seqn
