7176 4520
6308 190 6602 380 211
3965 270 4593 428 & was
6085 490 6311 633 202
4123 660 6409 939 die Banknoten im Strumpf oder im Schuh oder
4135 841 6468 1100 in einer verborgenen inneren Tasche verwahrt
4914 963 5386 1070 - hatte jeliff
2681 969 2892 1100 201
4164 978 6323 1225 haben mochte er hoffte, dass er nicht erst
2241 1049 2437 1174 1 M
4108 1130 6450 1406 würde reden müssen. Sie wusste doch, dass sei-
904 1043 3053 1260 eigenen einsamen Gedanken haben, die einer
1819 1243 2226 1347 mitt ja
5502 1245 5859 1385 décène
4120 1311 6391 1555 ne Existenz in Frage stand (sein Leben) ihres
924 1293 3094 1427 dem andern (um keinen Preis) verraten würde.
2348 1367 3065 1468 d'amestres m Raudot.
5092 1418 5749 1507 dem närich.
862 1391 1207 1572 G.C.F.P.
4176 1382 6468 1676 Geliebten Lehen. Denn xxxx xxxxxnakkmit
1329 1397 3270 1569 Als Willy erwachte lag graue Dämmerung
4714 1433 4931 1584 it.
2372 1546 2592 1635 wirt.
1269 1552 2057 1662 =   Hütte vergleich
4108 1584 6504 1864 (einer von ihm nie geshnten) Inbrunst hatte sie
921 1608 3246 1730 vor dem renster. Leopoldine aber stand mitten
2414 1685 3157 1795 a :  ne h'elle plus
5362 1697 5859 1807 en ville en acte.
4138 1745 6444 2009 sich hingegeben- und nun -Wask war eigehtlich
981 1718 3243 1896 im Zimmer völlig angekleidet, den Florentiner
1998 1870 2161 1950 net
4156 1917 6438 2108 geschehen? Hatte sie tatsächlich in den Ent-
916 1867 3192 2030 hut auf dem vopf und den schirm in der Hand.
1751 2006 1932 2113 ich
4194 2072 6296 2295 zückungen ihrer Liebe einfach vergessen,
975 2033 3145 2197 Wie tief musste er geschlafen haben, dachte
2054 2152 3077 2238 von Reifelat ihr Ihr Heim
4604 2170 5677 2310 derts si den frech (in ellen).
5169 2215 6412 2405 on war,um se ijo petterin
975 2194 3085 2330 Wilty, dass ich nicht einmal gemerkt habe,
4215 2271 5080 2473 dass sie ja gekor
4212 2345 6510 2619 zu sein. Jetzt durfte, jetzt musste er sie er-
921 2375 3047 2506 wie sie von meiner Seite aufgestanden und
3100 2414 3299 2553 t. je
2295 2446 3038 2559 I am in
4176 2536 6424 2767 innern. Und doch auch in diesem Augenblicke
921 2491 3062 2646 sich fertig gemacht hatte. Dies war sein
4176 2675 6480 2928 wagte er es nicht).Dies alles war in ihm vor-
898 2643 3264 2809 erster Gedanke. Aber sogleich durchfuhr es ihn,
1376 2761 2541 2874 in Geiserti insiedlige, sondern heb
5110 2756 6320 2880 Sie u no deu En suivant
4248 2821 6534 3011 gegangen noch ehe sie ihm heiter nickend ei-
975 2761 3172 3014 dass es Wichtigeres zu denken gab Da stand
2824 2901 3198 3002 der Rain
4239 2975 6534 3216 guten Morgen sagte. Er streckte ihr die Arme
927 2922 3020 3109 sie nun (ang kleidet) offenbar bereit dies
4964 3106 5205 3195 nt
933 3100 3267 3302 Zimmer in der nächsten Sekunde zu verlassen..
4248 3139 6540 3371 entgegen, als winkte er sich sie zu sich her.
4807 3252 5297 3368 on an Bill
535 3237 764 3409 Nim
892 3252 3270 3389 und von dem eigentlichen Anlass ihres Besuches
4191 3294 6480 3537 Und sie kam. Ja, sie tat mehr. Sie setzte sich
2922 3365 3282 3469 of immer
508 3395 776 3540 in pl
975 3389 3291 3552 war noch kein Wort gesprochen worden). In man-
4218 3398 6432 3695 zu ihm (aufs nett) ganz nahe;doch als er die
1070 3531 3207 3644 mich in wannehre Märmert der tacht überzeugt gerne, es
499 3519 844 3665 nident.
4257 3567 6575 3823 Arme um sie schlingen wollte, deutete sie auf
916 3591 3291 3707 chem Augenblick war er ja ganz überzeugt gewe-
1798 3686 2185 3799 Geldamde
4218 3713 6495 3992 ihren Hut, auf ihren Sohirm, den sie fast wie
904 3701 3210 3870 sen, dass sie die Ingelegenheit ohne viel Um-
1418 3840 2744 3930 mit einer Actersamt in einer so vielen
910 3867 3172 4022 stände, gleichsam wie etwas Nebensächliches,
877 3992 3187 4271 (ohne viel Worte erledigen würde.) Ob sie nun
