7256 4520
641 631 2743 921 Sie gelt – Ei will' it die tooren filck.
1402 848 1635 938 ner.
637 818 2797 1025 nachwerfen. - Für Boyne (Erschikt).
621 1051 2216 1262 ne dint de Bonte tu -
791 1205 2570 1472 Es wohl eine Angelegenheiten. -
678 1392 2964 1625 Nachricht daß Schurbel in Filspel.
708 1569 2567 1752 Nie- u geht je ihn hin, hin
711 1695 2800 1896 Ain will in i. s. w.
1425 1859 2623 1999 eid in hese?   ich aus¬
791 1839 2563 2093 (Schmabil : d'etre abzweist)...
738 1942 2216 2226 (he I had it beglicher)
891 2139 1335 2263 (Hor Sie)
814 2229 2827 2473 (Oder Einen Vorschlag.. Ich kommt ein
834 2370 2924 2567 lidling ging heurete.  I konnen Sie mit
821 2543 2867 2710 wir!  And there is not -) there for the
868 2647 1665 2817 As kind.-) -
1171 2780 3214 2994 J.C. with the cent - cudis  -    willie
1445 2960 2780 3184 Von Händel kommt selbst, – nach
3715 73 4856 327 I have in
5123 97 5824 324 A.S. &c
4389 150 4749 340 Wm.
4169 237 4382 417 4
3861 324 6158 644 beweise. Iil wäre bewiesen, tafr. den Heeren
4873 557 6221 701 of the get but I wift - but - to be
5827 631 6168 731 getten!
3928 671 6178 864 es gewicht haben, und das weit zweifel
3975 774 4375 1001 beben.
4312 908 6331 1148 Ode kein Tatspiele, sonders aus : einverne
4402 1008 6361 1245 in ein korn geriffen... lärzt erbei — 25r J.A.
4375 1158 5650 1338 Bei : - kann sie mit wir I.).
4729 1212 5811 1448 Mr Cussin ist untattet
3861 1302 4359 1545 Ministère
4118 1422 5961 1722 Er schielt die teures Gulden. - Vora¬
4112 1655 6148 1912 Sie beschlecht ein, und - ich erst
4138 1839 6825 2096 2 Comiténe beivi rien. (Ode il ystille - - 2)
4232 2023 5687 2223 [illegible] in until you or...
4252 2163 6338 2406 He Comt : - I take with.
4322 2343 6328 2506 est trouv en Secreterd. Bibl ja
4299 2523 6662 2683 werden - viel besse auf - zu unbringen? -
4332 2613 5680 2840 The Cryeige ist zu acht. -
4586 2877 6385 3050 Überly in which ist. He ist will
4359 2940 6742 3194 Sr. Hamburg bei Schiff geht. i-  3 Forger
4676 3127 5877 3311 Sie stt d Bell nenst.-
4429 3237 6615 3448 N. Thorn - Brief: in at Zabler: - A
4526 3394 6695 3645 tat bonne, ou el Clud hirangwosfe
4372 3548 6618 3785 Hilft unto; - Weamal - 6vo certitet.
4399 3715 6678 3922 dans un compte jusqu'à l'a habe une geacht.
4466 3841 5700 4028 Ben R. Nim. - Newuby
4579 3958 5634 4189 Es jetzt zum Schreibel
