7192 4552
5779 892 6315 1082 (the 1-3 in)
4210 1050 6470 1236 den, daes was ihm Sonntag passiert war?-Be-
4231 1165 6321 1376 trachtete man ihn schon für tot? Das war
5459 1316 6404 1509 Dort ging sie die
4216 1331 5470 1592 doch wohl nicht möglich.
5459 1453 6019 1563 of mieger on
4237 1500 6372 1696 Leppoldine, in raschen (gerade zu) vergnügten
4213 1657 6594 1850 Schritt mit dem Florentinerhut, den Schirm
5613 1761 6149 1868 nimmel. Freilie
4231 1853 6271 2013 in der Hand, sah sich nicht um, liess ihn
6170 1912 6372 1998 in d
4240 1966 6387 2150 einfach zugrunde gehen. Dort ging
4222 2129 6473 2319 sie,als kümmerte sie das Ganze nicht im Ge-
5156 2233 5948 2345 sie zu meiner Sichnacht.
4261 2256 6425 2431 ringsten, als käme von weiss Gott wem, nicht
5061 2378 6028 2499 wies die Nödile pflegte, wir né
3967 2405 4507 2588 Forcusium
4243 2446 6461 2588 etwa längs der Mauer ging sie hin,nein,mit-
4255 2594 6496 2743 ten durch den Hof Sie war wohl derlei nächt-
4243 2713 6398 2909 liche Besuche in Kasernen gewohnt). Nun kam
5281 2849 5957 2929 Cate h de ke
4243 2867 6277 3057 sie ans Tor, an dem ein Posten stand, und
6327 2885 6689 3075 and an
5800 2995 5963 3095 will
4249 3066 6541 3235 verschwunden warsie.- - -Und er stand/da an
4246 3173 6404 3395 offenen Fenster mit hinaus Teckten Arm, die
4261 3353 6544 3561 zerknitterte panknote in der Hand (Verschwun-
4249 3484 6570 3709 den war sie.). (Sollte er ihr nicht doch (noch)
4261 3629 6547 3866 nach — noch einen Eersuch wagen? Er schüttel-
4267 3792 6422 4056 te sich. Wie tief war er gesunken, dass ihm
