7128 4488
6203 459 6380 679 11
2969 642 3133 782 10
4317 611 6469 851 sehnack im Munde.Es fiel ihm ein, dass er
1169 814 3290 983 mehr sagen. Aber, die anderen perren - na
4377 828 6524 972 noch night einmal Zeit gehabt hatte, seine
4328 966 5323 1089 du thérose de la
1244 940 3270 1118 von dir hab ich wenigstens voraussetzen
4322 969 6584 1149 Tailatta zu beenden. Uebrigens hatte er sich
1232 1118 3354 1296 dürfen, dass du mich empfangen wisst. Also,
4388 1132 6535 1296 vorgenommen auf den Weg zur Eisenbahn ein
1238 1267 3179 1404 kurz und gut, du brauchst nicht blass
4317 1313 6418 1522 Dampfbad zu nehmen.Es genügte ja,wenn er
5833 1430 6019 1522 are to
1250 1399 3368 1582 werden,Wili, es ist nicht so gefährlich, es
4382 1430 6455 1631 zwischen 11 und 12 in Baden war.Er hatte
1232 1576 3282 1757 handelt sich um ein paar Gulden, die ich
4385 1591 6578 1777 ja keine bestimmte Abmachung, mit niemanden
4526 1740 5922 1829 ni ik verspalele – j'a coir en gai
1224 1737 3322 1869 halt morgen Früh haben muss, weil - weil
4377 1748 6475 1983 und wenn er nicht kämg, würde keinen daax
5414 1872 6131 1995 beind cinfl
1224 1866 3405 2035 mir sonst nichts übrigen bleiben würde, als
4382 1923 6538 2087 eine Thräne drum vergiessen,weder die Her
1195 2035 3322 2181 dass was vielleicht sehon vor zwei Jahren
4377 2061 6332 2221 ren im Kaffee Schopf, nicht der Konsul
1224 2173 2815 2353 das Gescheiteste gewesen wäre.
4371 2224 6578 2405 Schnabel, und nicht der Regimentsarzt Tugut
4709 2362 5062 2468 an Inch
1086 2316 1459 2491 Das Nots
1565 2319 3397 2454 „Aber was redest'denn da“,ag sagte.
3133 2433 3482 2522 is uned
4437 2359 6564 2548 und auch das Fräulein Berta Kasner machte
2078 2436 2806 2545 im frlurd schif¬
2800 2439 3505 2614 Unter
1184 2459 2812 2646 Oxtaxxx  Wilhelm
2370 2574 3061 2668 aber „ ängstlich „
4377 2511 6372 2706 sich nicht viel aus ihm, eher noch die
1588 2646 3282 2780 Es klopfte..Also, zum Teufel, "be¬
4382 2680 6438 2858 Mutter, die übrigens auch nicht übelwar.
1232 2786 3454 2952 gann Wilhelm, aber da trat schon der Bursch
4858 2826 6495 3010 „Bitte sehön,bediene dich doch!
1221 2938 3437 3084 mit dem Kaffee und zwei Tassen ein. „Viel-
4377 2967 6343 3153 Und er wies auf die spärliche Portion
1232 3070 3531 3253 leicht trinkst du doch auch eine Tasse Thür an
4382 3124 6435 3305 Butter und die Kipfel auf der Tablette.
1511 3222 3356 3397 Otté (von Winter) niete mechanisch.
4864 3282 6598 3471 Otto sehüttelte den Kopf,ar trank
1212 3374 3285 3568 Der Bussche nachte Mione einzusehenken,
4377 3417 6481 3640 hatte noch nicht einmal die Tasse an die
1224 3534 3437 3715 Wilhelm rief: „Abtreten!“, worauf jener laut-
4400 3583 6443 3781 Lippen gesetzt. Und Wilhelm empfand es
1232 3666 3164 3892 los verschwand.) Wilhelm schenkte beide
4405 3772 6498 3941 peinlich, dass er zu den alten Kameradon
1232 3869 3382 4021 Tassen voll, ohne neh zu reden.Er sehluak
1201 3998 3322 4208 te leicht und verspürte einen bitteren Ge-
