7160 4472
6061 356 6291 583 196
4193 510 6539 712 Musiker von der Regimentskapelle einquartiert
2712 715 2901 841 195
4007 724 6114 923 seien.)
4224 828 6417 1055 „Bisl traurig ist es da,sagte Leo-
1581 832 1843 973 blick.
583 816 1106 1027 mentant.
2110 863 3131 1058 Sie trat zu dem offe
4999 939 5894 1065 es vußt... x
513 917 2126 1125 auf, aber sie ging nicht.
2110 986 2271 1074 at
2161 986 2992 1134 mit plötzliche
2158 1033 3194 1206 erkannt    Esgal wtsel
4205 999 6268 1188 poldine.-„Muss aber nicht traurig sein“
712 1065 2174 1257 nen wenster hin und schaut
850 1106 3216 1389 Interesse (in den Hof) hinab Ein paar Offizie-
4215 1162 6514 1292 sagte Willy.Sie wandte langsam den vopf nach
5008 1241 6631 1358 hier er halte erhärkt in Lücken nicht
835 1323 3062 1559 re spazierten vorbei, drüben vor der Kantine
1490 1304 1710 1411 unter
4199 1317 6357 1487 ihm um (Was für) ein zarter melancholischer
841 1462 3096 1732 sa sen soldaten), auf einem varren wurde ein
4205 1458 6602 1660 Zug um ihren Mund (war) Und plötzlich rechte sich
3928 1427 4089 1654 :t:
860 1603 3172 1846 Fass Bier vorbeigeschoben,ein junges Mädahax
4262 1600 6363 1783 sich, schüttelte ein paar Mal lebhaft den
869 1761 3015 2013 Frauenzimmer huschte an der Mauer hin und
4262 1714 6413 1962 Kopfs.Jetzt ist's aber wirklich Zeit, dix
5191 1868 5566 1972 wurck.
1818 1893 2057 2000 neo
876 1928 3052 2177 verschwand irgendwo in einer Tür, ein Offi-
4249 1903 6565 2114 kurix meine Marie wartet mit dem Nachtmahl
5450 2048 6467 2202 noch nie warten las-
882 2092 3021 2312 ziersbursch eilte quer über den Hof, eine
4328 2051 5462 2271 „Haben Gnädigste sie:
5446 2145 6448 2252 Mai en
891 2205 3144 2473 mit einer Serviette überdeckte Tablette auf
4205 2177 6473 2410 sen?“ Und da sie lächelte schlag er ihr vor
5761 2300 6149 2400 Wien de
4574 2325 5443 2441 être dut de Verging je le
945 2337 3137 2640 dem Arm. Willy war neben Leopoldine hinge-
4240 2385 6524 2570 (doch lieber bei ihm zu nachtmahlen. Er werde
961 2552 2961 2775 treten, ein wenig hinter sie ihr blaues
4208 2526 6483 2709 den Purschen hinüberschicken in den Riedhof
914 2671 3134 2907 Foulardkleid (und die Röcke darunter) rausch-
4227 2678 6435 2873 um was zu hob u. sie könne ganz leicht noch
920 2835 3207 3093 ten leise, ihr linker Arm hing schlaff herun-
4234 2778 6568 3015 vor zeh zuhause sein. Ihre Einwendungen -
2829 2907 3141 3011 bewest
4889 2901 6618 3068 kleine und so wie nichtet
945 2986 3147 3204 ter hart an seinem rechten.ihre Hand rührte
4268 3018 6332 3188 machten keinerlei Anspruch darauf ernst
5175 3090 5383 3219 deh
939 3156 1452 3270 blieb unbeuglut
942 3150 3033 3370 sich nicht, als die seine sie berührte,ja
4227 3087 6495 3330 gemommen zu werden, mitly liess sie übrigens
1569 3235 3229 3493 glitten leicht zwischen die sei-
4205 3308 6549 3512 kaum zu Worte kommen eilte ins Vorzimmer,gab
932 3364 1584 3547 ihre Finger
1320 3449 1581 3569 Unter p.
1572 3427 1922 3531 vom offenig
945 3415 3182 3689 nen. Die Offiziere redeten hut und lachten,
3972 3418 6511 3663 seinem Burschen die zweckdienlichen Aufträ-
917 3578 3330 3852 (von gegenüber aus einem Mannschaftszimmer,
4193 3591 6511 3840 ge (wtes ihn an sich zu beeilen) und war noch
3153 3654 3348 3726 enel
958 3730 3128 3997 dessen renster weit offen standen,drangen
1443 3897 1896 4010 melanisten.
1011 3874 3134 4130 die nebungsläufe einer Trompete. (Willy er-
4675 3834 6517 4114 ..., sie ein rascha, sagte er selbst
945 4092 3068 4265 klärte ihr, dass drüben ein paar Manxxxxx
