7208 4520
4914 495 5112 684 FJ
6303 558 6480 728 61
2079 608 2967 850 not to at the
4316 743 5147 898 xxxxxgakun
1635 788 2942 1024 de j'ai avec leur même
4275 819 6480 1046 als man das Spiel beschloss, fand sich Wili
1219 917 3059 1181 Die spieler sassen in gleicher Weise
4338 989 6401 1203 im Besitze von über zweitausend Gulden.
806 1080 2999 1348 gruppiert wie vorher.Unter grünem Schirme
4334 1137 6599 1314 Tausend für mich, tausend xxx Bogner,dachte
882 1273 2781 1465 leuchtete fahl das elektrische Licht.
4328 1288 6505 1484 er. Niemals in seinem Leben hatte er über
1399 1411 1748 1515 will be
816 1377 2980 1647 Es war Will als zuckte ein leises Lächeln
4334 1436 6495 1638 eine solche Summe verfügt. Fünfhundertbe-
885 1566 3125 1805 um des Konsuls Lippen, der als Erster seinen
2385 1673 2665 1770 leur vu
4341 1594 6555 1777 wahre ich mir als Spielfond auf, dachte er.
882 1717 3021 1944 Eintritt bemerkte. Niemand äusserte Ver-
4300 1748 6505 1940 Geschehen kann mir nichts mehr, höchstens,
1339 1836 2214 1956 d'écrire a été
885 1871 3106 2085 wunderung, dass er wiederkam. Doktor Flegmann
4341 1931 6212 2098 dass ich die fünfhundert verlier.
895 2003 2933 2287 teilte ihm eine Karte aus, als verstünde
4700 2044 6464 2230 Der Konsul hatte zwar die Absicht
3881 2092 4435 2309 Man begal
910 2183 2895 2372 sich das von selbst, in der Eile setzte
4360 2202 6303 2441 geäussert gleich nach Wien zu fahren,
920 2318 3071 2529 Wili eine grössere Banknote, als er eigent-
5153 2359 5330 2457 in
4363 2369 6435 2555 liess sich aber bewegen am Nachtmahl in
876 2479 3096 2687 lich beabsichtigte und gewann. Er wurde vor¬
4353 2517 6483 2737 der Stadt Wien teilzunehmen. Man sass im
926 2630 3109 2848 sichtiger und hatte allen Anlass sich daü¬
4048 2659 6577 2898 Garten unter diner grossen Eiche,
929 2734 3087 3015 ber zu freuen, denn das Glück wendete sich
4356 2832 6530 3033 einem Tisch, den Regimentsarzt Tügut hatte
929 2945 2992 3147 und bald kam der Augenblick,in dem der
4372 2970 6461 3172 reservieren lassen: Der Konsul, Oberleut-
945 3093 3109 3298 Tausender erheblich gefährdet schien. Was
4366 3137 6574 3333 nant Wimmer,Leutnant Greising,Dr.Flegmann,
942 3238 2907 3484 liegt daran, sagte er bei sich.Er hätte
2926 3200 3285 3418 Fall was
4306 3279 6596 3500 der Regimentsarzt und Will. Man sprach über
945 3361 3153 3594 doch nicht mir gehört. Aber er gewann, muss-
4353 3437 6584 3616 Hazardspielaa im allgemeinen und über be-
951 3506 3166 3761 te die Banknote nicht wechseln und von nun
964 3566 1125 3670 not
4382 3575 6637 3796 rühm t gewordene Kartenpartien mit riesigen
951 3651 3074 3931 an ging es wieder aufwärts. Um neun Uhr,
4366 3783 6612 3944 DEfferenzen im Jokoyklub..Es ist und bleibt
945 3862 3191 4082 wollte man das Spiel beschliessen, um nacht-
