7112 4488
1630 539 3135 744 E. Einleit ich sich den 3
1117 675 3329 841 Ober - "ER hielt sofort inne und, als hätte
1117 826 3206 1006 er durch dieses Versprechen sich mit dem
1166 966 3192 1186 Kurschen in ein vertrautores Verhältnis
1106 1137 3255 1331 gesetzt, fragte er ihn: „Wie schaut er denn
1160 1254 3001 1416 aus? Haben S ihn oder erkannt, den Herrn
1881 1399 2140 1508 Bogay
1106 1468 2206 1582 den Herrn von Winter!
1405 1624 3240 1761 Der Bursch sickte mit breitem, etwas
1106 1682 1559 1818 trannages
1117 1724 3172 1944 trüben Lächeln (Auch ihm hatte es le idge-
1171 1887 3155 2089 tan, als der feine, freundliche Offizier
1112 2083 3340 2252 vor zwei Jahren hatte den Dienst quittieren
1160 2237 1542 2343 müssen.
1416 2323 3280 2559 „Nicht verändert?“ fragte Wilhelmwei-
1160 2519 3346 2645 ter, indem er, während er sich aufsetzte und
2388 2605 3001 2713 prasto weiter
1117 2648 3232 2853 anfing sich anzuzighen und herablassend,
1308 2767 2331 2856 as I will verand at —
1112 2836 3252 2938 nissig fragte er: „Noch immer se elegant?"
1411 2921 3246 3161 Bescheiden erwiderte der Bursh:). Uni
1112 3138 3275 3289 form.Herr Leutnant, ist dem Herrn Oberleut-
1112 3295 3189 3420 nant natürlich besser gestanden
2212 3394 2508 3483 incrut
1405 3426 3240 3577 Wilhelm blickte düter zuBoden. Ohne
1177 3517 3272 3645 Jeden kowen passe, daß er in
1154 3634 3306 3782 sichs recht einzugestehen, spürte er eawie
2767 3679 3246 3782 Hierner
3238 3682 3420 3865 in
1112 3734 3246 3936 einen hauch von Schiaksal um die Ohrenbla-
1083 3882 3372 4061 sen. Und während er rasch in seine Stieflett
4532 707 6515 901 vor sechs oder sieben Jahren gelegent-
4569 915 6467 1060 lich einer gemeinsamen Eskapado ge-
4532 1029 6575 1231 tragen,in der sie beide vorgezogen hat-
4532 1183 6373 1382 ten in Zivil aufzutreten. Dann ver-
4537 1331 6501 1508 schwand otto mit dem Bursehen imTorun
5726 1456 6364 1559 das dieser
4543 1513 6415 1664 ter Wilhelms renster und Wilhelm va-
4537 1639 6564 1835 spürte eine mehr anstliche alsfreudige
4702 1770 4902 1852 ein
4537 1821 6586 1958 Erregung.-Unwillkürlich, als verlange das
6259 1932 6495 2032 lud
4532 1932 6487 2106 die bevorstehende Unterredung,schless
4674 2072 6515 2192 nieder schloss. Nun war auch der
6643 2012 6846 2234 He is
6247 2143 6518 2254 ditei-
4537 2152 6176 2274 er das Fenster wieder, wenn auch
4640 2200 6800 2323 Drift in Wald und Trühliche wieder fort¬
4543 2294 6589 2462 nigen Bedauern. Denn es nach markwürdig.
4760 2400 4979 2485 de
4580 2422 6578 2571 wie—es in solchen Sonntagsmorgenstuden
5589 2534 6558 2648 in drunger pflegte
5104 2554 5321 2631 in a
4543 2599 6492 2742 selbat in diesem Kasernhof wenigstens
4848 2631 6823 2867 mit den Beginn des Solvateitierten
4597 2770 6521 2916 ehe das Soldatenleben heenn und damit
4811 2850 5341 2953 des avdres
4537 2873 6509 3106 alle möglichen Gerüche wach zu werden
4591 3047 6618 3215 sehienen, nach Frühling und Wald duftste
4520 3169 6344 3406 Und er dachte, was immer geschieht —
6213 3260 6578 3414 erst kam
4543 3329 6529 3520 was soll denn übriges gachten - jedes-
4549 3506 6401 3728 falls fahre ich heute aufs Hand und
4532 3657 6184 3867 frau mich drauf. Ganz besonders-
5421 3822 5948 3996 geb. ledeis
5432 3962 6005 4115 esdleasih
