<?xml version="1.0" encoding="UTF-8" standalone="yes"?>
<PcGts xmlns="http://schema.primaresearch.org/PAGE/gts/pagecontent/2013-07-15" xmlns:xsi="http://www.w3.org/2001/XMLSchema-instance" xsi:schemaLocation="http://schema.primaresearch.org/PAGE/gts/pagecontent/2013-07-15 http://schema.primaresearch.org/PAGE/gts/pagecontent/2013-07-15/pagecontent.xsd">
    <Metadata>
        <Creator>prov=READ-COOP:name=TrHtr:version=2.1.0:model_id=51170:date=14_08_2023_21:42</Creator>
        <Created>2023-05-10T14:46:10.791+02:00</Created>
        <LastChange>2023-08-14T21:42:33.016+02:00</LastChange>
        <TranskribusMetadata docId="1428676" pageId="55425458" pageNr="89" tsid="132826953" status="IN_PROGRESS" userId="64420" imgUrl="https://files.transkribus.eu/Get?id=TQHILYEJNYJCIBFXTZKXESYZ&amp;fileType=view" xmlUrl="https://files.transkribus.eu/Get?id=BVSRMQZAWTJVUZQHUMDYMOXK" imageId="44699535"/>
    </Metadata>
    <Page imageFilename="1428676_0089.jpg" imageWidth="7128" imageHeight="4504">
        <ReadingOrder>
            <OrderedGroup id="ro_1711812284946" caption="Regions reading order">
                <RegionRefIndexed index="0" regionRef="tr_1"/>
            </OrderedGroup>
        </ReadingOrder>
        <TextRegion id="tr_1" custom="readingOrder {index:0;}">
            <Coords points="860,708 6511,708 6511,4101 860,4101"/>
            <TextLine id="tr_1_tl_1" custom="readingOrder {index:0;}">
                <Coords points="863,826 884,826 916,808 927,817 959,814 1000,779 1043,774 1043,690 1026,693 1011,681 1005,684 974,658 959,661 942,678 924,678 898,658 863,661"/>
                <Baseline points="878,758 967,758 1051,758"/>
                <TextEquiv>
                    <Unicode>et 1</Unicode>
                </TextEquiv>
            </TextLine>
            <TextLine id="tr_1_tl_2" custom="readingOrder {index:1;}">
                <Coords points="6264,895 6331,919 6386,887 6427,887 6470,869 6464,713 6441,713 6412,687 6340,739 6322,739 6296,762 6261,768"/>
                <Baseline points="6278,824 6367,830 6457,830 6475,830"/>
                <TextEquiv>
                    <Unicode>172</Unicode>
                </TextEquiv>
            </TextLine>
            <TextLine id="tr_1_tl_3" custom="readingOrder {index:2;}">
                <Coords points="4161,913 4372,849 4529,884 4607,829 4749,898 5010,892 5007,716 4787,698 4706,753 4549,774 4482,742 4427,785 4155,719"/>
                <Baseline points="4175,854 4265,842 4354,848 4444,848 4533,842 4623,830 4713,848 4802,860 4892,860 4981,860 5017,860"/>
                <TextEquiv>
                    <Unicode>mein xxx “Taugüng”</Unicode>
                </TextEquiv>
            </TextLine>
            <TextLine id="tr_1_tl_4" custom="readingOrder {index:3;}">
                <Coords points="5172,863 5204,858 5259,890 5349,875 5369,892 5386,892 5381,719 5352,716 5340,704 5331,713 5311,698 5282,721 5253,704 5210,713 5192,698 5166,698"/>
                <Baseline points="5184,860 5274,866 5364,866 5394,866"/>
                <TextEquiv>
                    <Unicode>as1b</Unicode>
                </TextEquiv>
            </TextLine>
            <TextLine id="tr_1_tl_5" custom="readingOrder {index:4;}">
                <Coords points="2976,869 2990,869 3034,898 3063,890 3077,901 3100,887 3138,892 3164,884 3161,782 3135,785 3124,797 3092,788 3083,800 3045,785 3019,800 3011,791 2973,788"/>
                <Baseline points="2992,872 3082,878 3171,878"/>
                <TextEquiv>
                    <Unicode>1 71</Unicode>
                </TextEquiv>
            </TextLine>
            <TextLine id="tr_1_tl_6" custom="readingOrder {index:5;}">
                <Coords points="5772,887 5850,881 5946,919 6009,892 6140,895 6140,826 6102,829 6009,765 5989,779 5925,774 5891,797 5836,794 5818,808 5801,794 5772,797"/>
                <Baseline points="5788,878 5877,878 5967,878 6057,878 6146,878"/>
                <TextEquiv>
                    <Unicode>Pieter</Unicode>
                </TextEquiv>
            </TextLine>
            <TextLine id="tr_1_tl_7" custom="readingOrder {index:6;}">
                <Coords points="1539,939 1582,939 1602,921 1692,942 1712,930 1730,947 1747,933 1776,936 1773,834 1747,832 1738,843 1701,817 1686,826 1660,814 1654,823 1585,826 1536,843"/>
                <Baseline points="1553,913 1642,919 1732,919 1780,919"/>
                <TextEquiv>
                    <Unicode>F.C.F.P.</Unicode>
                </TextEquiv>
            </TextLine>
            <TextLine id="tr_1_tl_8" custom="readingOrder {index:7;}">
                <Coords points="4230,1032 5236,959 6488,1014 6488,919 6195,887 4230,887"/>
                <Baseline points="4247,961 4336,955 4426,955 4515,955 4605,961 4695,955 4784,961 4874,961 4963,961 5053,967 5143,961 5232,961 5322,961 5411,961 5501,961 5591,961 5680,961 5770,961 5859,967 5949,967 6039,973 6128,967 6218,973 6307,973 6397,979 6487,991 6493,991"/>
                <TextEquiv>
                    <Unicode>ger Tisch stand in der Mitte mit Titenzeug,</Unicode>
                </TextEquiv>
            </TextLine>
            <TextLine id="tr_1_tl_9" custom="readingOrder {index:8;}">
                <Coords points="968,1069 2286,1113 2587,1032 3045,1060 3045,971 965,916"/>
                <Baseline points="985,997 1075,1003 1164,1009 1254,1009 1344,1009 1433,1009 1523,1009 1612,1009 1702,1015 1792,1021 1881,1021 1971,1021 2060,1021 2150,1021 2240,1027 2329,1027 2419,1027 2508,1027 2598,1027 2688,1027 2777,1027 2867,1027 2956,1027 3046,1033 3052,1033"/>
                <TextEquiv>
                    <Unicode>das in ihre Wangen stieg.Er aber,wenn er</Unicode>
                </TextEquiv>
            </TextLine>
            <TextLine id="tr_1_tl_10" custom="readingOrder {index:9;}">
                <Coords points="5074,1066 5670,1032 5731,1066 5870,1040 6093,1075 6128,1069 6128,982 5071,968"/>
                <Baseline points="5089,1021 5179,1033 5268,1033 5358,1033 5447,1033 5537,1033 5627,1033 5716,1027 5806,1033 5895,1045 5985,1051 6075,1051 6134,1051"/>
                <TextEquiv>
                    <Unicode>.. Sired. Bleny.  Pherl.</Unicode>
                </TextEquiv>
            </TextLine>
            <TextLine id="tr_1_tl_11" custom="readingOrder {index:10;}">
                <Coords points="4242,1156 4572,1118 4769,1188 4882,1110 5192,1107 5769,1127 6018,1214 6441,1173 6441,1060 6215,1017 6093,1075 4242,1049"/>
                <Baseline points="4259,1111 4348,1105 4438,1105 4527,1105 4617,1105 4707,1111 4796,1111 4886,1111 4975,1111 5065,1111 5155,1105 5244,1111 5334,1117 5423,1117 5513,1117 5603,1117 5692,1117 5782,1117 5871,1123 5961,1123 6051,1123 6140,1128 6230,1128 6319,1128 6409,1134 6445,1140"/>
                <TextEquiv>
                    <Unicode>Geschäftshüchern und ähnlichen Utensilien,</Unicode>
                </TextEquiv>
            </TextLine>
            <TextLine id="tr_1_tl_12" custom="readingOrder {index:11;}">
                <Coords points="933,1237 1423,1263 1692,1171 2944,1223 3051,1205 3051,1084 933,1095"/>
                <Baseline points="949,1146 1039,1152 1128,1158 1218,1158 1308,1158 1397,1158 1487,1164 1576,1164 1666,1164 1756,1170 1845,1170 1935,1170 2025,1176 2114,1176 2204,1176 2293,1176 2383,1176 2473,1176 2562,1182 2652,1182 2741,1182 2831,1188 2921,1188 3010,1182 3058,1188"/>
                <TextEquiv>
                    <Unicode>ihr unvorbereitet auf der Strasse beggnet</Unicode>
                </TextEquiv>
            </TextLine>
            <TextLine id="tr_1_tl_13" custom="readingOrder {index:12;}">
                <Coords points="4917,1200 4995,1214 5053,1191 5100,1226 5175,1214 5192,1229 5305,1200 5465,1205 5465,1127 5433,1121 5372,1136 5207,1110 5175,1133 5111,1107 4917,1118"/>
                <Baseline points="4934,1170 5023,1182 5113,1188 5202,1188 5292,1194 5382,1182 5471,1182"/>
                <TextEquiv>
                    <Unicode>Brnkish</Unicode>
                </TextEquiv>
            </TextLine>
            <TextLine id="tr_1_tl_14" custom="readingOrder {index:13;}">
                <Coords points="5601,1220 5633,1217 5659,1188 5728,1214 5752,1202 5775,1211 5789,1202 5824,1208 5818,1142 5795,1145 5763,1124 5720,1142 5696,1142 5659,1121 5627,1136 5610,1124 5592,1127"/>
                <Baseline points="5615,1182 5704,1194 5794,1200 5830,1200"/>
                <TextEquiv>
                    <Unicode>at the</Unicode>
                </TextEquiv>
            </TextLine>
            <TextLine id="tr_1_tl_15" custom="readingOrder {index:14;}">
                <Coords points="4239,1304 6354,1286 6296,1194 4236,1182"/>
                <Baseline points="4253,1254 4342,1254 4432,1260 4521,1260 4611,1260 4701,1260 4790,1260 4880,1260 4969,1266 5059,1266 5149,1266 5238,1266 5328,1272 5417,1272 5507,1272 5597,1272 5686,1272 5776,1272 5865,1278 5955,1278 6045,1284 6134,1284 6224,1284 6313,1284 6361,1284"/>
                <TextEquiv>
                    <Unicode>ein paar einfache schränke und gessel, an</Unicode>
                </TextEquiv>
            </TextLine>
            <TextLine id="tr_1_tl_16" custom="readingOrder {index:15;}">
                <Coords points="927,1310 2173,1417 2445,1333 3074,1368 3074,1272 2191,1278 1825,1173 1666,1173 1518,1284 927,1240"/>
                <Baseline points="943,1302 1033,1302 1123,1308 1212,1308 1302,1314 1391,1314 1481,1314 1571,1320 1660,1320 1750,1320 1839,1320 1929,1326 2019,1326 2108,1326 2198,1332 2287,1332 2377,1332 2467,1332 2556,1332 2646,1338 2735,1338 2825,1344 2915,1338 3004,1338 3082,1326"/>
                <TextEquiv>
                    <Unicode>wäre, hätte sie kaum erkannt. Sie war statt-</Unicode>
                </TextEquiv>
            </TextLine>
            <TextLine id="tr_1_tl_17" custom="readingOrder {index:16;}">
                <Coords points="1159,1394 1176,1397 1185,1388 1197,1394 1208,1388 1217,1397 1223,1394 1258,1408 1286,1376 1315,1379 1313,1324 1292,1321 1284,1327 1272,1318 1260,1327 1237,1318 1226,1324 1208,1321 1191,1342 1156,1333"/>
                <Baseline points="1176,1373 1266,1373 1320,1379"/>
                <TextEquiv>
                    <Unicode>G.H.F.P.</Unicode>
                </TextEquiv>
            </TextLine>
            <TextLine id="tr_1_tl_18" custom="readingOrder {index:17;}">
                <Coords points="4271,1423 6293,1469 6290,1301 5612,1339 5491,1278 5149,1327 4682,1263 4572,1356 4271,1365"/>
                <Baseline points="4288,1403 4378,1409 4468,1415 4557,1415 4647,1415 4736,1415 4826,1415 4916,1415 5005,1421 5095,1421 5184,1421 5274,1427 5364,1427 5453,1421 5543,1427 5632,1433 5722,1427 5812,1427 5901,1433 5991,1433 6080,1433 6170,1433 6260,1433 6302,1427"/>
                <TextEquiv>
                    <Unicode>der Wand hingen ein paar gleichgültige</Unicode>
                </TextEquiv>
            </TextLine>
            <TextLine id="tr_1_tl_19" custom="readingOrder {index:18;}">
                <Coords points="927,1472 1478,1463 1834,1573 2538,1492 3112,1539 3109,1402 3034,1388 2909,1452 924,1382"/>
                <Baseline points="943,1457 1033,1457 1123,1457 1212,1463 1302,1463 1391,1463 1481,1463 1571,1469 1660,1481 1750,1481 1839,1481 1929,1487 2019,1487 2108,1487 2198,1487 2287,1487 2377,1487 2467,1487 2556,1487 2646,1487 2735,1493 2825,1493 2915,1493 3004,1493 3094,1499 3118,1505"/>
                <TextEquiv>
                    <Unicode>lich und voll geworden, gah grösser aus als</Unicode>
                </TextEquiv>
            </TextLine>
            <TextLine id="tr_1_tl_20" custom="readingOrder {index:19;}">
                <Coords points="4879,1504 4949,1512 4987,1539 5053,1512 5230,1544 5282,1512 5340,1544 5404,1533 5401,1440 5357,1457 5323,1431 5271,1472 5178,1426 5137,1446 5033,1426 4992,1455 4876,1428"/>
                <Baseline points="4892,1493 4981,1499 5071,1505 5161,1505 5250,1505 5340,1505 5411,1511"/>
                <TextEquiv>
                    <Unicode>beim xxx</Unicode>
                </TextEquiv>
            </TextLine>
            <TextLine id="tr_1_tl_21" custom="readingOrder {index:20;}">
                <Coords points="5552,1536 5612,1547 5627,1539 5656,1553 5665,1547 5688,1553 5720,1536 5752,1544 5752,1452 5737,1452 5725,1463 5670,1443 5636,1460 5598,1446 5578,1460 5552,1463"/>
                <Baseline points="5567,1517 5656,1517 5746,1517 5758,1517"/>
                <TextEquiv>
                    <Unicode>G.H.F.P.</Unicode>
                </TextEquiv>
            </TextLine>
            <TextLine id="tr_1_tl_22" custom="readingOrder {index:21;}">
                <Coords points="1011,1556 1118,1539 1159,1568 1353,1541 1420,1573 1544,1547 1541,1481 1466,1463 1440,1481 1388,1460 1324,1486 1008,1463"/>
                <Baseline points="1027,1535 1117,1541 1206,1547 1296,1541 1385,1541 1475,1541 1553,1541"/>
                <TextEquiv>
                    <Unicode>ce n   de</Unicode>
                </TextEquiv>
            </TextLine>
            <TextLine id="tr_1_tl_23" custom="readingOrder {index:22;}">
                <Coords points="4271,1559 5346,1602 5549,1704 5769,1602 6502,1605 6499,1501 6305,1449 5175,1565 4784,1440 4268,1420"/>
                <Baseline points="4288,1553 4378,1553 4468,1559 4557,1559 4647,1553 4736,1559 4826,1559 4916,1571 5005,1582 5095,1588 5184,1588 5274,1588 5364,1594 5453,1600 5543,1600 5632,1600 5722,1600 5812,1600 5901,1600 5991,1600 6080,1600 6170,1600 6260,1606 6349,1600 6439,1600 6505,1612"/>
                <TextEquiv>
                    <Unicode>Kupferstiche und eine grosse Landkarte.Wil</Unicode>
                </TextEquiv>
            </TextLine>
            <TextLine id="tr_1_tl_24" custom="readingOrder {index:23;}">
                <Coords points="919,1678 3074,1672 2987,1568 916,1539"/>
                <Baseline points="931,1606 1021,1612 1111,1612 1200,1612 1290,1618 1379,1618 1469,1618 1559,1624 1648,1624 1738,1630 1827,1630 1917,1630 2007,1630 2096,1636 2186,1636 2275,1636 2365,1636 2455,1636 2544,1642 2634,1642 2723,1642 2813,1642 2903,1648 2992,1648 3082,1648 3088,1642"/>
                <TextEquiv>
                    <Unicode>früher, ihre Züge mochten ziemlich unverän¬</Unicode>
                </TextEquiv>
            </TextLine>
            <TextLine id="tr_1_tl_25" custom="readingOrder {index:24;}">
                <Coords points="4259,1657 5329,1686 5326,1599 4598,1565 4404,1608 4254,1573"/>
                <Baseline points="4271,1630 4360,1636 4450,1636 4539,1642 4629,1642 4719,1642 4808,1648 4898,1654 4987,1654 5077,1672 5167,1666 5256,1666 5334,1660"/>
                <TextEquiv>
                    <Unicode>do mejsovhA. ds ett</Unicode>
                </TextEquiv>
            </TextLine>
            <TextLine id="tr_1_tl_26" custom="readingOrder {index:25;}">
                <Coords points="4227,1814 4622,1825 4798,1747 5082,1843 5392,1753 6392,1794 6456,1683 5795,1599 5552,1704 4225,1646"/>
                <Baseline points="4241,1744 4330,1750 4420,1750 4509,1744 4599,1744 4689,1744 4778,1750 4868,1744 4957,1744 5047,1750 5137,1750 5226,1750 5316,1750 5405,1750 5495,1750 5585,1750 5674,1750 5764,1750 5854,1750 5943,1756 6033,1756 6122,1756 6212,1756 6302,1756 6391,1756 6463,1762"/>
                <TextEquiv>
                    <Unicode>ly musste an das peisebureau einer Provinz-</Unicode>
                </TextEquiv>
            </TextLine>
            <TextLine id="tr_1_tl_27" custom="readingOrder {index:26;}">
                <Coords points="921,1849 2396,1875 2530,1802 2979,1811 2979,1736 919,1681"/>
                <Baseline points="937,1762 1027,1762 1117,1768 1206,1774 1296,1774 1385,1774 1475,1774 1565,1774 1654,1780 1744,1780 1833,1780 1923,1780 2013,1786 2102,1786 2192,1792 2281,1792 2371,1792 2461,1792 2550,1792 2640,1792 2729,1798 2819,1798 2909,1798 2986,1798"/>
                <TextEquiv>
                    <Unicode>dert sein, aber von einem Wuschelkopf war</Unicode>
                </TextEquiv>
            </TextLine>
            <TextLine id="tr_1_tl_28" custom="readingOrder {index:27;}">
                <Coords points="4772,1825 4816,1817 4833,1799 4865,1811 4879,1805 4934,1834 4963,1837 4987,1825 4984,1753 4940,1759 4923,1747 4894,1747 4879,1756 4859,1750 4848,1759 4827,1747 4798,1747 4769,1756"/>
                <Baseline points="4784,1798 4874,1798 4963,1803 4987,1803"/>
                <TextEquiv>
                    <Unicode>C.H.F:H.H:H:</Unicode>
                </TextEquiv>
            </TextLine>
            <TextLine id="tr_1_tl_29" custom="readingOrder {index:28;}">
                <Coords points="4262,1962 6311,1950 6383,1941 6383,1776 5462,1860 4262,1808"/>
                <Baseline points="4277,1895 4372,1893 4462,1893 4551,1899 4641,1899 4730,1893 4820,1899 4910,1899 4999,1905 5089,1899 5179,1899 5268,1899 5358,1899 5447,1905 5537,1905 5627,1905 5716,1905 5806,1905 5895,1905 5985,1911 6075,1911 6164,1905 6254,1911 6343,1905 6391,1905"/>
                <TextEquiv>
                    <Unicode>stadt denken. Auf einem kleinen Tischchen</Unicode>
                </TextEquiv>
            </TextLine>
            <TextLine id="tr_1_tl_30" custom="readingOrder {index:29;}">
                <Coords points="959,1979 2301,2028 2634,1950 2955,2002 2979,1901 956,1846"/>
                <Baseline points="973,1911 1063,1917 1152,1923 1242,1923 1332,1923 1421,1923 1511,1923 1600,1929 1690,1929 1780,1935 1869,1935 1959,1935 2048,1935 2138,1941 2228,1941 2317,1947 2407,1947 2496,1953 2586,1947 2676,1953 2765,1953 2855,1953 2944,1959 2986,1965"/>
                <TextEquiv>
                    <Unicode>nichts zu sehen). Sie trug eine einfache,</Unicode>
                </TextEquiv>
            </TextLine>
            <TextLine id="tr_1_tl_31" custom="readingOrder {index:30;}">
                <Coords points="4233,2104 6383,2104 6380,1988 6146,2005 5905,1907 5494,1999 4230,1970"/>
                <Baseline points="4247,2042 4336,2048 4426,2042 4515,2048 4605,2048 4695,2048 4784,2048 4874,2048 4963,2048 5053,2048 5143,2048 5232,2048 5322,2054 5411,2054 5501,2054 5591,2054 5680,2054 5770,2060 5859,2060 5949,2060 6039,2060 6128,2060 6218,2060 6307,2060 6391,2066"/>
                <TextEquiv>
                    <Unicode>waren nebst Wiener auch deutsche Zeitungen</Unicode>
                </TextEquiv>
            </TextLine>
            <TextLine id="tr_1_tl_32" custom="readingOrder {index:31;}">
                <Coords points="919,2135 2167,2086 2451,2182 3051,2164 3048,2054 2915,2025 916,2022"/>
                <Baseline points="931,2078 1021,2078 1111,2072 1200,2072 1290,2078 1379,2078 1469,2078 1559,2078 1648,2084 1738,2084 1827,2084 1917,2084 2007,2090 2096,2090 2186,2084 2275,2096 2365,2096 2455,2102 2544,2102 2634,2108 2723,2108 2813,2108 2903,2108 2992,2108 3058,2120"/>
                <TextEquiv>
                    <Unicode>glatte, beinahe strenge prisur und was das</Unicode>
                </TextEquiv>
            </TextLine>
            <TextLine id="tr_1_tl_33" custom="readingOrder {index:32;}">
                <Coords points="1825,2153 1849,2150 1863,2164 1930,2156 1956,2182 1970,2170 2002,2185 2043,2164 2089,2188 2144,2191 2141,2095 2086,2101 2078,2092 2054,2109 1999,2115 1936,2092 1892,2104 1854,2089 1823,2098"/>
                <Baseline points="1839,2144 1929,2150 2019,2150 2108,2156 2150,2156"/>
                <TextEquiv>
                    <Unicode>any a</Unicode>
                </TextEquiv>
            </TextLine>
            <TextLine id="tr_1_tl_34" custom="readingOrder {index:33;}">
                <Coords points="4230,2231 5410,2312 5688,2219 6253,2237 6288,2083 5337,2060 5244,2141 4230,2147"/>
                <Baseline points="4247,2198 4336,2198 4426,2198 4515,2198 4605,2198 4695,2204 4784,2204 4874,2204 4963,2210 5053,2210 5143,2210 5232,2210 5322,2210 5411,2210 5501,2210 5591,2210 5680,2210 5770,2210 5859,2210 5949,2210 6039,2210 6128,2210 6218,2210 6296,2216"/>
                <TextEquiv>
                    <Unicode>zu sehen.- Das kleine Hotelzimmermit den</Unicode>
                </TextEquiv>
            </TextLine>
            <TextLine id="tr_1_tl_35" custom="readingOrder {index:34;}">
                <Coords points="913,2280 2900,2324 2898,2159 2782,2211 910,2150"/>
                <Baseline points="925,2216 1015,2222 1105,2222 1194,2222 1284,2228 1373,2234 1463,2234 1553,2234 1642,2240 1732,2240 1821,2240 1911,2246 2001,2246 2090,2240 2180,2246 2269,2246 2359,2252 2449,2252 2538,2252 2628,2252 2717,2257 2807,2257 2897,2263 2909,2263"/>
                <TextEquiv>
                    <Unicode>Merkwürdigste war,einen Zwicker, dessen</Unicode>
                </TextEquiv>
            </TextLine>
            <TextLine id="tr_1_tl_36" custom="readingOrder {index:35;}">
                <Coords points="4201,2388 5085,2466 5317,2367 6111,2373 6372,2448 6325,2214 5702,2219 5337,2312 4201,2260"/>
                <Baseline points="4217,2353 4306,2347 4396,2347 4486,2347 4575,2347 4665,2353 4754,2353 4844,2359 4934,2359 5023,2359 5113,2359 5202,2365 5292,2359 5382,2353 5471,2359 5561,2359 5650,2359 5740,2359 5830,2365 5919,2359 6009,2365 6098,2365 6188,2365 6278,2359 6367,2359 6379,2359"/>
                <TextEquiv>
                    <Unicode>schadhaften Jalousine fiel ihm ein under</Unicode>
                </TextEquiv>
            </TextLine>
            <TextLine id="tr_1_tl_37" custom="readingOrder {index:36;}">
                <Coords points="855,2411 2955,2477 2906,2315 2425,2361 1344,2280 855,2350"/>
                <Baseline points="872,2383 961,2371 1051,2377 1140,2377 1230,2377 1320,2377 1409,2383 1499,2383 1588,2389 1678,2389 1768,2395 1857,2395 1947,2395 2036,2395 2126,2395 2216,2395 2305,2401 2395,2401 2484,2401 2574,2401 2664,2407 2753,2413 2843,2413 2932,2425 2956,2419"/>
                <TextEquiv>
                    <Unicode>schnur um das Ohr geschlungen war.Willy</Unicode>
                </TextEquiv>
            </TextLine>
            <TextLine id="tr_1_tl_38" custom="readingOrder {index:37;}">
                <Coords points="5705,2489 5876,2518 5983,2477 6120,2530 6328,2541 6325,2437 6270,2440 6166,2379 6111,2370 6033,2402 5998,2373 5702,2382"/>
                <Baseline points="5722,2449 5812,2461 5901,2467 5991,2467 6080,2467 6170,2467 6260,2467 6331,2473"/>
                <TextEquiv>
                    <Unicode>xx &amp;c.</Unicode>
                </TextEquiv>
            </TextLine>
            <TextLine id="tr_1_tl_39" custom="readingOrder {index:38;}">
                <Coords points="4190,2530 4433,2512 4653,2590 4885,2512 5276,2616 5702,2590 5699,2370 5569,2367 5447,2454 5091,2469 4187,2388"/>
                <Baseline points="4205,2502 4294,2502 4384,2502 4474,2502 4563,2502 4653,2502 4742,2502 4832,2502 4922,2508 5011,2502 5101,2508 5190,2508 5280,2508 5370,2514 5459,2508 5549,2514 5638,2526 5710,2526"/>
                <TextEquiv>
                    <Unicode>(geriet in innere Verwirrung.)</Unicode>
                </TextEquiv>
            </TextLine>
            <TextLine id="tr_1_tl_40" custom="readingOrder {index:39;}">
                <Coords points="904,2570 1678,2637 3124,2602 3066,2480 2767,2454 904,2448"/>
                <Baseline points="919,2520 1009,2520 1099,2526 1188,2526 1278,2538 1367,2538 1457,2538 1547,2538 1636,2544 1726,2544 1815,2544 1905,2544 1995,2544 2084,2544 2174,2550 2263,2550 2353,2550 2443,2550 2532,2556 2622,2556 2711,2562 2801,2568 2891,2568 2980,2562 3070,2562 3130,2568"/>
                <TextEquiv>
                    <Unicode>verbeugte sich, sie lächelee ein wenig,hatte</Unicode>
                </TextEquiv>
            </TextLine>
            <TextLine id="tr_1_tl_41" custom="readingOrder {index:40;}">
                <Coords points="4775,2735 5068,2756 5195,2669 6230,2715 6227,2564 5786,2541 5624,2619 5549,2579 4772,2593"/>
                <Baseline points="4790,2658 4880,2658 4969,2664 5059,2664 5149,2664 5238,2664 5328,2670 5417,2670 5507,2664 5597,2664 5686,2670 5776,2670 5865,2676 5955,2676 6045,2676 6134,2676 6224,2682 6236,2682"/>
                <TextEquiv>
                    <Unicode>Leopoldine trat ein,schloss</Unicode>
                </TextEquiv>
            </TextLine>
            <TextLine id="tr_1_tl_42" custom="readingOrder {index:41;}">
                <Coords points="956,2715 1869,2793 3109,2758 3106,2628 953,2582"/>
                <Baseline points="973,2676 1063,2676 1152,2682 1242,2682 1332,2682 1421,2688 1511,2688 1600,2700 1690,2694 1780,2694 1869,2700 1959,2700 2048,2694 2138,2700 2228,2700 2317,2705 2407,2705 2496,2705 2586,2711 2676,2717 2765,2717 2855,2717 2944,2711 3034,2711 3112,2705"/>
                <TextEquiv>
                    <Unicode>ihre Fassung sofort wieder und sagte: „Mit-</Unicode>
                </TextEquiv>
            </TextLine>
            <TextLine id="tr_1_tl_43" custom="readingOrder {index:42;}">
                <Coords points="4207,2840 5355,2918 5491,2822 6366,2842 6366,2706 4207,2744"/>
                <Baseline points="4223,2801 4312,2801 4402,2807 4492,2807 4581,2813 4671,2813 4760,2819 4850,2813 4940,2813 5029,2819 5119,2819 5208,2819 5298,2819 5388,2825 5477,2825 5567,2825 5656,2825 5746,2825 5836,2825 5925,2825 6015,2819 6104,2825 6194,2825 6284,2825 6373,2825 6379,2831"/>
                <TextEquiv>
                    <Unicode>die Türe hinter sich, streckte ihm dieHund</Unicode>
                </TextEquiv>
            </TextLine>
            <TextLine id="tr_1_tl_44" custom="readingOrder {index:43;}">
                <Coords points="1000,2825 1142,2909 1449,2880 1707,2947 2912,2932 2909,2825 2802,2793 997,2750"/>
                <Baseline points="1015,2825 1105,2831 1194,2831 1284,2837 1373,2837 1463,2837 1553,2843 1642,2843 1732,2843 1821,2849 1911,2849 2001,2849 2090,2849 2180,2855 2269,2855 2359,2855 2449,2861 2538,2855 2628,2861 2717,2861 2807,2867 2897,2873 2915,2873"/>
                <TextEquiv>
                    <Unicode>te,Herr Leutnant, wollen sie indessen</Unicode>
                </TextEquiv>
            </TextLine>
            <TextLine id="tr_1_tl_45" custom="readingOrder {index:44;}">
                <Coords points="4207,2987 4616,3057 4839,2967 6392,2982 6392,2886 5859,2831 5494,2825 5357,2918 4207,2883"/>
                <Baseline points="4223,2962 4312,2962 4402,2962 4492,2968 4581,2968 4671,2968 4760,2968 4850,2968 4940,2968 5029,2968 5119,2968 5208,2974 5298,2974 5388,2974 5477,2974 5567,2968 5656,2974 5746,2974 5836,2974 5925,2974 6015,2974 6104,2980 6194,2980 6284,2980 6373,2980 6397,2980"/>
                <TextEquiv>
                    <Unicode>entgegen. In der andern aber hielteie den</Unicode>
                </TextEquiv>
            </TextLine>
            <TextLine id="tr_1_tl_46" custom="readingOrder {index:45;}">
                <Coords points="878,3037 1637,3071 1788,2999 2051,3095 2863,3112 3199,3051 3196,2918 875,2895"/>
                <Baseline points="890,2986 979,2980 1069,2980 1158,2986 1248,2986 1338,2992 1427,2992 1517,2992 1606,2992 1696,2998 1786,2998 1875,3004 1965,3004 2054,3004 2144,3010 2234,3010 2323,3010 2413,3010 2502,3016 2592,3016 2682,3016 2771,3016 2861,3022 2950,3022 3040,3022 3130,3028 3207,3028"/>
                <TextEquiv>
                    <Unicode>weiterspazieren, ich bin gleich zur Verfügung.</Unicode>
                </TextEquiv>
            </TextLine>
            <TextLine id="tr_1_tl_47" custom="readingOrder {index:46;}">
                <Coords points="4190,3132 4413,3210 4587,3121 6447,3176 6447,3019 6146,2984 4190,3034"/>
                <Baseline points="4205,3118 4211,3118 4300,3118 4390,3118 4480,3118 4569,3124 4659,3118 4748,3118 4838,3124 4928,3124 5017,3124 5107,3124 5196,3124 5286,3124 5376,3124 5465,3124 5555,3124 5644,3130 5734,3130 5824,3130 5913,3136 6003,3136 6092,3136 6182,3136 6272,3136 6361,3136 6451,3130"/>
                <TextEquiv>
                    <Unicode>Zwicker und spielte mit ihm hattesie abge-</Unicode>
                </TextEquiv>
            </TextLine>
            <TextLine id="tr_1_tl_48" custom="readingOrder {index:47;}">
                <Coords points="887,3202 1965,3260 3042,3213 3039,3095 2938,3074 884,3063"/>
                <Baseline points="901,3130 991,3130 1081,3136 1170,3136 1260,3136 1350,3136 1439,3136 1529,3142 1618,3142 1708,3148 1798,3153 1887,3153 1977,3153 2066,3153 2156,3159 2246,3153 2335,3159 2425,3159 2514,3159 2604,3165 2694,3165 2783,3165 2873,3165 2962,3165 3046,3171"/>
                <TextEquiv>
                    <Unicode>Sie wies auf die Tür, aus der sie gekommen</Unicode>
                </TextEquiv>
            </TextLine>
            <TextLine id="tr_1_tl_49" custom="readingOrder {index:48;}">
                <Coords points="4511,3187 5068,3225 5256,3210 5253,3121 5175,3126 5137,3158 4966,3124 4650,3141 4590,3121 4511,3150"/>
                <Baseline points="4527,3177 4617,3177 4707,3183 4796,3183 4886,3189 4975,3195 5065,3195 5155,3195 5244,3195 5262,3195"/>
                <TextEquiv>
                    <Unicode>bejärevladiea.</Unicode>
                </TextEquiv>
            </TextLine>
            <TextLine id="tr_1_tl_50" custom="readingOrder {index:49;}">
                <Coords points="4256,3274 4624,3370 5343,3283 6331,3376 6331,3176 6131,3152 5488,3239 4256,3167"/>
                <Baseline points="4271,3273 4360,3273 4450,3273 4539,3273 4629,3279 4719,3279 4808,3279 4898,3279 4987,3285 5077,3285 5167,3279 5256,3279 5346,3285 5435,3285 5525,3279 5615,3285 5704,3285 5794,3285 5883,3291 5973,3291 6063,3285 6152,3285 6242,3291 6331,3291 6337,3291"/>
                <TextEquiv>
                    <Unicode>nommen und liess ihn in den Fingern hin</Unicode>
                </TextEquiv>
            </TextLine>
            <TextLine id="tr_1_tl_51" custom="readingOrder {index:50;}">
                <Coords points="939,3364 2918,3393 2915,3237 2842,3225 936,3219"/>
                <Baseline points="955,3279 1045,3285 1134,3291 1224,3291 1314,3291 1403,3291 1493,3297 1582,3297 1672,3303 1762,3303 1851,3309 1941,3309 2030,3303 2120,3309 2210,3309 2299,3315 2389,3315 2478,3315 2568,3315 2658,3321 2747,3321 2837,3321 2921,3321"/>
                <TextEquiv>
                    <Unicode>war, er trat ein, sie selbst wandte sich</Unicode>
                </TextEquiv>
            </TextLine>
            <TextLine id="tr_1_tl_52" custom="readingOrder {index:51;}">
                <Coords points="4306,3350 4338,3350 4358,3335 4378,3341 4398,3335 4419,3352 4433,3341 4442,3350 4462,3341 4477,3350 4485,3338 4520,3344 4517,3303 4482,3297 4459,3309 4419,3277 4390,3280 4364,3303 4332,3274 4303,3280"/>
                <Baseline points="4318,3327 4408,3327 4498,3333 4521,3333"/>
                <TextEquiv>
                    <Unicode>1241</Unicode>
                </TextEquiv>
            </TextLine>
            <TextLine id="tr_1_tl_53" custom="readingOrder {index:52;}">
                <Coords points="4210,3544 4227,3547 4236,3538 4256,3547 4288,3509 4300,3512 4346,3497 4326,3355 4288,3352 4254,3361 4225,3350 4210,3367 4184,3364"/>
                <Baseline points="4211,3434 4265,3428 4348,3452"/>
                <TextEquiv>
                    <Unicode>un.</Unicode>
                </TextEquiv>
            </TextLine>
            <TextLine id="tr_1_tl_54" custom="readingOrder {index:53;}">
                <Coords points="4396,3460 6427,3463 6427,3352 6128,3387 5696,3283 5433,3297 5300,3402 4396,3347"/>
                <Baseline points="4412,3454 4504,3434 4593,3428 4683,3434 4772,3434 4862,3434 4952,3434 5041,3434 5131,3434 5220,3434 5310,3434 5400,3440 5489,3440 5579,3440 5668,3440 5758,3440 5848,3440 5937,3440 6027,3440 6116,3446 6206,3446 6296,3440 6385,3434 6433,3428"/>
                <TextEquiv>
                    <Unicode>her spielen. Dann streckte sie demleut-</Unicode>
                </TextEquiv>
            </TextLine>
            <TextLine id="tr_1_tl_55" custom="readingOrder {index:54;}">
                <Coords points="843,3518 1475,3538 1597,3448 2941,3494 2973,3405 840,3358"/>
                <Baseline points="860,3440 949,3440 1039,3440 1128,3440 1218,3446 1308,3452 1397,3452 1487,3446 1576,3446 1666,3446 1756,3446 1845,3452 1935,3458 2025,3458 2114,3458 2204,3458 2293,3458 2383,3464 2473,3464 2562,3470 2652,3470 2741,3470 2831,3476 2921,3476 2980,3470"/>
                <TextEquiv>
                    <Unicode>Herrn Krasany zu und gab ihm irgendeinen</Unicode>
                </TextEquiv>
            </TextLine>
            <TextLine id="tr_1_tl_56" custom="readingOrder {index:55;}">
                <Coords points="4398,3515 4462,3518 4555,3491 4694,3532 4740,3509 4778,3523 4833,3512 4827,3434 4763,3434 4717,3468 4679,3436 4624,3448 4598,3431 4578,3454 4511,3471 4465,3439 4396,3431"/>
                <Baseline points="4412,3454 4504,3488 4593,3494 4683,3488 4772,3494 4838,3500"/>
                <TextEquiv>
                    <Unicode>e e m e a</Unicode>
                </TextEquiv>
            </TextLine>
            <TextLine id="tr_1_tl_57" custom="readingOrder {index:56;}">
                <Coords points="4917,3515 4975,3509 5010,3529 5140,3518 5160,3538 5204,3518 5256,3541 5331,3518 5398,3535 5398,3451 5369,3445 5218,3436 5169,3460 5131,3442 5071,3474 5036,3445 4992,3468 4963,3442 4946,3457 4917,3442"/>
                <Baseline points="4934,3500 5023,3506 5113,3506 5202,3512 5220,3512 5232,3506 5322,3506 5405,3512"/>
                <TextEquiv>
                    <Unicode>### 18W</Unicode>
                </TextEquiv>
            </TextLine>
            <TextLine id="tr_1_tl_58" custom="readingOrder {index:57;}">
                <Coords points="1544,3549 2796,3573 2837,3564 2837,3477 1541,3451"/>
                <Baseline points="1559,3530 1648,3524 1738,3524 1827,3524 1917,3530 2007,3536 2096,3530 2186,3536 2275,3542 2365,3542 2455,3542 2544,3542 2634,3542 2723,3548 2813,3542 2843,3548"/>
                <TextEquiv>
                    <Unicode>für ihn unverständliche</Unicode>
                </TextEquiv>
            </TextLine>
            <TextLine id="tr_1_tl_59" custom="readingOrder {index:58;}">
                <Coords points="4248,3590 5271,3700 5586,3604 6302,3619 6299,3468 6230,3451 5601,3451 5433,3555 4248,3529"/>
                <Baseline points="4265,3584 4354,3584 4444,3584 4533,3584 4623,3584 4713,3596 4802,3596 4892,3596 4981,3596 5071,3596 5161,3596 5250,3596 5340,3602 5429,3602 5519,3602 5609,3596 5698,3596 5788,3596 5877,3596 5967,3596 6057,3596 6146,3596 6236,3602 6307,3607"/>
                <TextEquiv>
                    <Unicode>nant die Hand entgegen, sehr freundlich,</Unicode>
                </TextEquiv>
            </TextLine>
            <TextLine id="tr_1_tl_60" custom="readingOrder {index:59;}">
                <Coords points="863,3677 2912,3720 3112,3674 3112,3547 1678,3570 861,3497"/>
                <Baseline points="878,3602 967,3596 1057,3596 1146,3596 1236,3607 1326,3602 1415,3602 1505,3602 1594,3602 1684,3607 1774,3607 1863,3613 1953,3613 2042,3613 2132,3613 2222,3613 2311,3619 2401,3619 2490,3625 2580,3625 2670,3625 2759,3625 2849,3631 2938,3631 3028,3631 3118,3637"/>
                <TextEquiv>
                    <Unicode>Auftrag, von dem Willy nur ein paar Worte zu</Unicode>
                </TextEquiv>
            </TextLine>
            <TextLine id="tr_1_tl_61" custom="readingOrder {index:60;}">
                <Coords points="4236,3654 4271,3648 4285,3662 4311,3648 4364,3651 4407,3680 4456,3645 4474,3662 4543,3671 4543,3581 4494,3581 4468,3602 4436,3581 4424,3593 4384,3584 4352,3607 4303,3587 4236,3587"/>
                <Baseline points="4253,3637 4282,3637 4372,3637 4462,3643 4551,3631"/>
                <TextEquiv>
                    <Unicode>olm e.</Unicode>
                </TextEquiv>
            </TextLine>
            <TextLine id="tr_1_tl_62" custom="readingOrder {index:61;}">
                <Coords points="924,3825 2674,3877 2955,3804 2953,3706 2796,3689 921,3660"/>
                <Baseline points="937,3739 1027,3745 1117,3751 1206,3751 1296,3751 1385,3751 1475,3751 1565,3757 1654,3757 1744,3757 1833,3763 1923,3763 2013,3769 2102,3769 2192,3763 2281,3769 2371,3769 2461,3775 2550,3775 2640,3775 2729,3775 2819,3775 2909,3781 2962,3781"/>
                <TextEquiv>
                    <Unicode>vernehmen vom ochte. Er schloss die Türe</Unicode>
                </TextEquiv>
            </TextLine>
            <TextLine id="tr_1_tl_63" custom="readingOrder {index:62;}">
                <Coords points="4207,3816 4703,3819 4792,3744 5163,3746 5334,3845 5572,3752 6456,3784 6453,3648 6180,3604 5595,3604 5308,3706 4204,3654"/>
                <Baseline points="4223,3739 4312,3739 4402,3739 4492,3739 4581,3739 4671,3745 4760,3745 4850,3739 4940,3745 5029,3739 5119,3745 5208,3745 5298,3745 5388,3751 5477,3751 5567,3751 5656,3751 5746,3751 5836,3745 5925,3751 6015,3751 6104,3757 6194,3757 6284,3757 6373,3757 6463,3757"/>
                <TextEquiv>
                    <Unicode>aber ohne merkliche erregung. Er beugte sich</Unicode>
                </TextEquiv>
            </TextLine>
            <TextLine id="tr_1_tl_64" custom="readingOrder {index:63;}">
                <Coords points="4853,3813 4914,3819 4934,3804 4958,3825 5079,3822 5120,3842 5155,3828 5198,3859 5250,3833 5247,3778 5163,3746 5105,3761 5079,3752 5053,3773 5013,3744 4891,3764 4850,3749"/>
                <Baseline points="4868,3799 4957,3805 5047,3805 5059,3811 5149,3811 5238,3817 5256,3817"/>
                <TextEquiv>
                    <Unicode>e iuss</Unicode>
                </TextEquiv>
            </TextLine>
            <TextLine id="tr_1_tl_65" custom="readingOrder {index:64;}">
                <Coords points="4184,3961 6299,3926 6299,3770 6192,3755 5908,3755 5604,3865 4433,3836 4184,3764"/>
                <Baseline points="4199,3888 4288,3888 4378,3894 4468,3894 4557,3894 4647,3888 4736,3900 4826,3900 4916,3906 5005,3900 5095,3900 5184,3900 5274,3900 5364,3894 5453,3900 5543,3900 5632,3906 5722,3900 5812,3900 5901,3900 5991,3900 6080,3900 6170,3900 6260,3906 6307,3906"/>
                <TextEquiv>
                    <Unicode>über ihre Hand, die sie ihm sofort wieder</Unicode>
                </TextEquiv>
            </TextLine>
            <TextLine id="tr_1_tl_66" custom="readingOrder {index:65;}">
                <Coords points="849,3964 1541,3975 1646,4013 1924,3961 2054,3990 2049,3833 1962,3819 1904,3862 1799,3816 1698,3854 1382,3807 1173,3839 1124,3793 846,3828"/>
                <Baseline points="866,3900 890,3894 979,3900 1069,3900 1158,3906 1248,3906 1338,3912 1427,3912 1517,3918 1606,3918 1696,3918 1786,3918 1875,3924 1965,3924 2060,3926"/>
                <TextEquiv>
                    <Unicode>hinter sich nicht zu, sa</Unicode>
                </TextEquiv>
            </TextLine>
            <TextLine id="tr_1_tl_67" custom="readingOrder {index:66;}">
                <Coords points="2043,3929 2808,3938 2984,4025 3071,4007 3068,3854 3013,3842 2883,3877 2040,3845"/>
                <Baseline points="2060,3926 2156,3924 2246,3918 2335,3924 2425,3924 2514,3924 2604,3930 2694,3930 2783,3936 2873,3936 2962,3936 3052,3948 3076,3948"/>
                <TextEquiv>
                    <Unicode>h sich imZimmer um,</Unicode>
                </TextEquiv>
            </TextLine>
            <TextLine id="tr_1_tl_68" custom="readingOrder {index:67;}">
                <Coords points="2046,3993 2298,3993 2425,4025 2527,3996 2686,4001 2683,3958 2585,3926 2547,3955 2344,3923 2301,3952 2237,3926 2043,3938"/>
                <Baseline points="2060,3926 2120,3972 2210,3984 2299,3984 2389,3996 2478,3996 2568,3984 2658,3990 2694,3996"/>
                <TextEquiv>
                    <Unicode>ad weder</Unicode>
                </TextEquiv>
            </TextLine>
            <TextLine id="tr_1_tl_69" custom="readingOrder {index:68;}">
                <Coords points="4184,4065 6505,4117 6479,3909 5175,3903 4975,4013 4184,3964"/>
                <Baseline points="4199,4038 4288,4044 4378,4044 4468,4050 4557,4050 4647,4050 4736,4050 4826,4050 4916,4050 5005,4050 5095,4050 5184,4055 5274,4055 5364,4055 5453,4055 5543,4055 5632,4055 5722,4061 5812,4055 5901,4055 5991,4061 6080,4061 6170,4061 6260,4061 6349,4061 6439,4067 6511,4067"/>
                <TextEquiv>
                    <Unicode>entzog. „Nehmen sie doch Platz, Herr Leutnant.</Unicode>
                </TextEquiv>
            </TextLine>
            <TextLine id="tr_1_tl_70" custom="readingOrder {index:69;}">
                <Coords points="875,4100 1640,4146 2028,4077 2231,4170 3121,4123 3083,3981 875,3990"/>
                <Baseline points="890,4055 979,4055 1069,4061 1158,4061 1248,4067 1338,4067 1427,4067 1517,4073 1606,4073 1696,4067 1786,4073 1875,4073 1965,4073 2054,4073 2144,4079 2234,4079 2323,4079 2413,4085 2502,4085 2592,4085 2682,4085 2771,4085 2861,4091 2950,4091 3040,4091 3124,4079"/>
                <TextEquiv>
                    <Unicode>das hell und geräumig war, ein ziehlich lan-</Unicode>
                </TextEquiv>
            </TextLine>
        </TextRegion>
    </Page>
</PcGts>
