7176 4632
6097 605 6314 754 115
6397 871 6587 1055 114
4425 983 6426 1232 auch nur der Gedanke kommen konnte Er
4431 1184 6661 1347 schloss das Fenster, trat ins Zimmer zurück,
4428 1293 6610 1536 sein Blick fiel auf der zerwühlte Bett, auf
4414 1485 6612 1685 den Tisch mit den Resten des Mahls, den ge-
4420 1617 6653 1783 leerten Cläsern und Flaschen. (Aus“, sagte er
4403 1806 6650 1940 wieder. Im Spiegel über der Kommode erblick-
4999 1912 5592 2015 mit p yckicite kam
5672 1912 6134 2009 leur à une de
4414 1966 6506 2144 te er sich und es widerte ihn an, dass er
4408 2124 6650 2267 noch im Hemde war. Anziehn wozu nicht mehr
4394 2224 6504 2416 der Mühe wert. So nahm er den Mantel, der
4388 2433 6529 2634 auf einem Hacken hing,hüllte sich darein,
4385 2600 6535 2743 schlug den Kragen hoch hinauf. So ging er
4382 2700 6667 2881 in dem kleinen Raum auf und ab. (Worauf wart
4394 2866 6587 3038 ich, fragte er sich (Auf ein Wunder? Es gibt
5440 2975 5681 3090 ndlich
4377 3018 6529 3182 keine Wunder.Aus) Er blieb vor der Kommode
4377 3156 6512 3379 stehn. In der mittleren Lade unter den Ta-
4382 3351 6624 3503 schen tüchern lag der Revolver.Ja,nun war er
5750 3457 6128 3568 de andre
4382 3465 6529 3700 so weit.Gerade so weit wie Bogner.Nun, der
4365 3652 6575 3826 hatte es vielleicht schon überstanden,wenn
5260 3752 5775 3858 der Nam in-
4348 3769 6647 3973 er sich überhaupt zu dergleichen entschloss.
708 3890 954 4076 feindre
4348 3907 6541 4133 (Aber, da er sich damals nicht entschlossen
