7176 4536
2439 723 2644 880 207
1839 795 2418 962 nicht anmatt
582 897 2702 1192 neugierig.an. Und da er kein Wort heraus
2339 983 2603 1082 tendu
1411 1072 1647 1171 d. du
651 1017 2870 1302 brachte. -Doch nicht zu wenig? Du hast mir
2339 1147 2613 1254 in so
1908 1185 2130 1288 this
613 1195 2730 1449 damals-nur zehn Gulden gegeben. Weisst du
637 1332 2822 1596 noch? --Er machte ein paar Schritte zu ihr
654 1480 2843 1760 hin. Sie blieb ruhig an der Türe stehen.Er
702 1610 3021 1904 griff mit einer plötzlichen Bewegung nach der
651 1778 2918 2062 Banknote,zerknitterte sie, ollte se ikr vor
668 1966 3069 2202 die Füsse werfen.Da trat sie ihm einen Schritt
2572 2062 2993 2230 zu Boden
2572 2165 3076 2288 de même
658 2147 2593 2394 entgegen und er liess den rausender
1209 2288 1692 2391 was p g
692 2284 2894 2511 fallen. „Zehn Gulden“, wiederholte sie. Das
394 2336 637 2531 wichte
685 2425 2911 2723 war ja genugetu viel sogar.Weisst du,gerade
716 2569 3031 2808 um zehn Gulden zu viel. Sie schaute ihm ins
764 2716 3059 2966 Auge,ste senkte den Blick. Er begann zu ver-
730 2867 2922 3154 stehen. Das hab ich nicht wissen können",
750 2980 3103 3333 sagte er.-Schade“,entgegnete sie). „Eigentlich
2195 3120 3096 3243 Mrs. Lilliet meete coll
719 3196 3021 3470 hättest du es merken müssen,dass ich in der
760 3302 3124 3620 Nacht damals keine Hur war, damals noch keine."
1113 3360 1661 3490 Mit-ut in der
808 3504 2980 3781 Er hob langsam den Blick und in der Tiefe
2343 3589 2757 3689 ders jai-il
825 3596 3124 3911 ihrer Augen sah er plötzlich einen kindlich
1675 3785 2391 3908 den en i sine ferme.
740 3747 3117 4100 (süssen) Schimmer, wie in jener Nachtsden er da
836 3881 1113 3966 hols
843 3904 3110 4278 mals nicht bemerkt (nicht verstanden) der ihm
1278 3997 1572 4100 more.
6316 199 6641 363 211
3730 243 6480 510 und er fehlte mir plötzlich, wie sämerlich
6093 534 6367 791 208
4278 736 6525 921 nichts anderes bedeutet hatte als den glei-
4268 897 6494 1096 chen lüsternen Clanz,wie er ihn in manchem
4268 1024 6508 1226 anderen Aug in solchen Stunden hatte schim-
6028 1117 6699 1274 in allant to
4257 1178 6569 1353 mern und verlöschen gesehen. Und (nunjerinner-
4254 1315 4884 1428 ihm alles in
4213 1339 6508 1507 te er sich, wie sie damals die Arme um seinen
4261 1476 6545 1678 Hals geschlungen, sich an ihn geschniegt (und
4261 1647 6549 1836 ihn gefragt habe, ob er sie wirklich gern ha-
5494 1784 6381 1894 with Sr phe  or do
4247 1791 6319 2004 be wie sie ihn gebeten wieder zu kommen
6340 1897 6713 2065 bet and
5894 1952 6353 2052 Alflet
4165 1949 6305 2202 (sie nicht zu verlassen) wie sie glücklich
4185 2082 6453 2295 gewesen war ich ihn zu finden.) Und er hatte das
4240 2240 6401 2432 alles hingenommen, wie die üblichen Phraen
4196 2394 6436 2589 einer Liebesstunde, nur ausgesprochen, um der
4336 2534 4812 2641 Tentlich
4196 2545 6490 2737 Umarmung (einen Reiz) und eine Wollust mehr zu
3860 2603 4891 2826 Un vérieurement, je ne
5662 2706 5840 2802 sen
4178 2737 6552 2949 geben. Und so wie sie heute war er damals auf-
4175 2856 6432 3031 gestanden,während sie noch in süsser Ermat-
4196 3021 6473 3247 tung schlief, hatte xxx nach einiger
5730 3172 5918 3274 on
4182 3172 6329 3356 legung,ob es nicht doch zu viel wäre, eine
5233 3329 5600 3415 not und
4226 3315 6514 3504 Zehnguldenbanknote auf den Nachttisch hinge¬
4011 3463 6531 3603 Ratt uns eben Blick de Ceinem piet; einen bauern, einen u. theilern ist.
4172 3524 6484 3706 legt und hatte eine Stunde später nicht mehr
3963 3583 4144 3720 G.H.F.P.
4175 3651 6473 3833 an sie gedacht oder nicht anders, als wie man
4175 3785 6439 4045 eben an eine kleine Hur denkt, die mit einem
