7160 4552
2996 803 3172 985 151
1111 929 3100 1177 schassen wolltest, ich würdenich nicht
2287 1076 2896 1177 nad.. nebill
1057 1142 3188 1302 verantwortlich fühlen, Denn, meiner Ansicht
1045 1293 3269 1481 nach, kann man immer noch ein ganz anständi-
1039 1456 3250 1610 ger Mensch werden, auch wenn manwegen Spiel-
1092 1610 3210 1760 differenzen das Porte-opée verloren hat.
1039 1757 3282 1933 Die Ehre verliert man auf andere Weise. Aber
1039 1920 3090 2061 so weit, dass du das begreifst,kannst du
1023 2036 3203 2224 heute natürlich noch nicht sein. Und darum
1039 2215 3090 2378 sage ich dir noch einmal: hätte ich das
1029 2359 3263 2538 Geld, das du brauchst, ich würde esdir geben.
1895 2457 2099 2551 her
1029 2519 3056 2714 ber ich habe-mein Vermögen nicht mehr,
637 2504 841 2767 15
1039 2667 3210 2858 ich habe nur mehr-eine Leibrente. Jeden er-
1023 2821 3194 3015 sten und fünfzehnten kriege ich so und so
1023 2981 3313 3144 viel ausbezahlt. Und er wies mit einem trü-
1007 3134 3282 3335 ben Lächeln auf die Geldbörse,heut ist der
1017 3276 3163 3464 sieben und zwanzigste“. Um doch
1428 3439 3326 3611 In Willys Augen leuchtete unversehens
985 3436 1349 3618 welfen
1010 3586 3163 3787 ein Hoffnungsstrahl. Robert Wilram merkte
1114 3752 3147 3912 und schüttelte den Kopf..Du meinst, auf
1111 3825 1286 3922 1610
998 3912 3068 4098 meine Leibrente könnte ich ein Darlehen
998 4057 3144 4204 aufnehmen. Ja, mein lieber Willy, es kommt
6005 232 6244 389 170
6266 395 6466 609 152
4267 599 6432 838 eben darauf an, wohr man sie hat, die Leib-
4267 788 6325 913 rente,unter welchen Bedingungen man sie
4248 897 6419 1054 gekriegt hat und wo das Vermögen plaziert
4204 1004 4468 1202 is t."
4217 1155 4640 1333 hildske
4731 1158 6228 1365 „Vielle licht Onkel, vielleicht
4201 1321 6463 1515 wäre es doch möglich, vielleicht könnten wir
4960 1468 6357 1622 Uu a dailt  of d Seelvint
4185 1471 4744 1675 gemeinsam
5431 1550 6137 1666 uncefiziel him
5142 1578 6545 1785 aber, as... has a à treil seront
4728 1625 6209 1829 Ich hab nichts in derHand",
4612 1779 5409 1882 will intret out.
4195 1788 6404 1952 unterbrach ihn Wilram und plötzlich, wie in
5312 1930 5544 2046 slaute
4195 1942 6294 2124 dumpfer Verzweiflung: „Ich kann dir nicht
4189 2096 5898 2287 holfon.” - Un a merit est al
4763 2262 6335 2447 Darauf wusste Willy nichts zu
4189 2413 6303 2579 erwidern. Nach einem Schweigen von einer
4204 2541 4568 2676 halben
4189 2551 6313 2745 Minute,während deren er den plötzlichen
4189 2720 6382 2924 Entschluss fasste sich doch nochan Höhster
4414 2852 4964 2962 du dit Est, ce
5848 2855 6485 2984 we was well
4245 2852 6269 3025 zu wenden, erbob er sich: Jezeih Onkel,
4176 3006 6344 3194 sagte er und wandte sich zum Gehen. Er war
4189 3172 6460 3348 schon an der Türe, als ihn der Onkel zurück-
4414 3323 5958 3432 Rindler... Mill. He will get with him.
3756 3279 4151 3467 or willeme
6112 3313 6702 3454 volled at wch
4189 3335 6705 3536 rief. Ich habe nämlich mein Vermögen- gar
3806 3414 4032 3549 det
4182 3470 6375 3646 so viel war’s ja nicht mehr, keine hundert-
4232 3633 6397 3837 tausend, -meiner Frau überschrieben.“.Du
4866 3790 5033 3950 G.C.F.F:S
5961 3803 6313 3985 Tofeiv
4361 3922 6137 4192 und es hat wirklich die Gefahr
