7096 4424
2611 677 2800 828 193
2379 748 2883 908 ni crit,, la
735 766 1993 967 N.Y.C.R.S
828 878 3081 1106 eben scherzhaft erkundigen,ob es in angeneh-
735 1017 1276 1125 bereausjile
772 1004 3192 1239 mer Geselschaft gewesen wäre. Da setzte sie
899 1156 1539 1273 ohne Neneting
834 1183 2852 1421 resobut den Hut wieder auf, steckte ihn
840 1310 2932 1570 fest und mit einem zwar bedauernden,aber
794 1452 3028 1727 doch recht konventionellen vächeln bemerkte
844 1622 2976 1848 sie, dass es nun wohl an der Zeit für sie
816 1749 2973 2021 wäre sich zu empfehlen. Auch er lächelte.
816 1950 3081 2172 ber es war ein etwas unsicheres, ja fast er-
822 2064 3152 2324 schrecktes Lächeln. Wollte sie ihn zum Besten
927 2089 1162 2203 inter
1489 2209 2012 2324 Mr Coll & Wm
878 2277 3028 2466 halten oder-hatte sie vergeasen,warum sie
1832 2348 2240 2453 then most
874 2385 3047 2642 gekommen war. Mit keiner Miene gab sie zu
831 2531 2997 2732 erkennen, dass ihr Besuch doch einen Zweck
831 2713 3139 2883 gehabt.Entweder ^das Geld zu bringen oder ihm
850 2846 3099 3047 zu sagen, dass sie feben leider nicht in der
881 2960 3096 3211 Lage sei.Aber dann hätte sie doch nicht zu
881 3155 3050 3393 kommen brauchen. Für die Absage hätte wohl
834 3285 3130 3501 auch die „Vertrauensperson' oder ein Dienst-
1990 3421 2413 3513 ment in
899 3439 3102 3674 mann genügt. (Nedenfalls war es klar, dass er
2716 3547 3084 3631 be well-c
828 3615 3118 3856 sie so nicht fortlassen konnte. Schliesslich
856 3751 3050 4008 blieb nichts anderes übrig als sie gerade-
6075 346 6297 550 202
5046 575 5846 779 In 1,01
4802 624 5009 850 r
4193 664 4434 847 ael
6168 649 6409 936 194
3955 800 4205 986 e!lo
4261 748 6613 1044 heraus zu fragen. Aber da er sich das durch¬
4243 967 6427 1193 aus nicht getraute zog er es vor sich als
3980 1109 4168 1273 - el:
4249 1125 6498 1369 ein junger Offizier zu benehmen, der den be-
4301 1279 6328 1502 glückenden Besuch einer schönen jungen
4002 1387 4190 1542 sile
4255 1421 6529 1672 Frau erhalten und sich unmöglich darein fin-
3921 1554 4239 1755 admisir
4258 1585 6477 1814 den könnte sie mitten in der besten Unter-
4283 1764 6390 1937 haltung Abschied nehmen zu lassen..Aben
4202 1879 6430 2089 warum wollen Sie denn schon fortgehen,Frau
4277 2039 6396 2256 Leopoldine? (Er hatte noch nicht den Mut
3995 2166 4184 2342 tils
4277 2200 6477 2416 gefunden sie einfach wieder Leopoldine und
4221 2355 6415 2540 Du zu nennen). (Es plaudert sich so hübsch
5170 2506 5543 2636 schon
4205 2497 6508 2719 mit Ihnen. — Es ist spät, sammdeux sagte sie
4014 2623 4181 2781 was
4246 2651 4406 2744 87
6239 2679 6409 2778 on the
4215 2654 6409 2902 und anmutig scherzend fügte sie hinzu: Du
3946 2778 4193 2932 riuie
4335 2803 4601 2932 1 sjän
4264 2809 6399 3003 hast wohl auch was Gescheidteres vor für
4273 2954 4579 3071 bran
4209 2963 6402 3192 den schönen sommerabend“. Er atmete auf da
5129 3118 6010 3241 schien um eilortheil in wäre.
4196 3087 6677 3350 sie ihn nun wieder mit dem zu ansprach xxx
3717 3170 4116 3374 rece
4202 3275 6483 3504 er hatte nicht das Geringste vor. Und selten
3686 3346 4110 3532 renant
4190 3411 6492 3649 hatte er etwas mit gleich gutem Gewissen be-
3720 3448 4048 3677 vley
4255 3575 6486 3785 teuern können. Ich kann mir nichts Schöne-
4045 3699 4202 3862 mez
4261 3730 4459 3838 sib.
4246 3730 6492 3974 res denken als mit dir weiter zu plauern“.
4236 3893 6424 4119 Sie zierte sich ein wenig, behielt den Hut
4085 4054 5537 4215 tasq nie medürt aan.
