7192 4520
1633 886 3001 1088 an einen kleiner Tich auf de 52
2166 1005 3058 1103 Sie korb und Slauern be¬
957 1069 3022 1261 kon sass eine ältere Dame und sprach mit
975 1234 3125 1413 irgend einer andern, die im Haus gegenüber
963 1349 2879 1499 die gekreuzten Arme auf der Brüstung,
969 1468 3107 1703 am offenen Fensterlehnte. Es schien Willi,
963 1678 3162 1825 als wären diese paar Menschen die einzigen,
950 1779 3174 1934 die zu dieser Stunde nicht ausgeflogen wa¬
969 1916 3089 2099 ren. Kassners hätten wohl bei dem Stuben-
920 2090 3205 2233 mädchen ein Wort für ihn zurücklassen können.
2449 2187 2988 2279 aber mir eben
969 2242 3028 2391 Nun, er wollte sich nicht aufdrängen. Das
914 2358 3007 2519 vlügste wäre vielleicht doch direkt nach
914 2528 3186 2702 Wien zu fahren, womit jede Versuchung aus der
981 2693 3135 2839 Welt geschafft wäre sich am Ende noch ein-
969 2845 3031 3001 mal in die Höhle des Löwen zu begben, wie
963 2967 2964 3150 e bei sich xxx humoristischen Sinne das
2251 3101 2644 3208 Uitragen
975 3153 3095 3293 Kaffeehaus bezeichnete. Nun man konnte ja
975 3259 3156 3470 die Entscheidung dem Schicksal überlassen.
1173 3415 2303 3521 un u cette
975 3476 3208 3613 Wenn auf dem Standplatz zufällig ein freier
963 3579 3019 3747 Fiaker stünde, dann würde er eine kleine
963 3723 3098 3905 Spazierfahrt ins Helenenthal unternehmen.
947 3887 3147 4158 Er war ja nicht verpflichtet bei der Krai-
5614 603 5837 838 ne is
3823 743 4042 941 24/4.
6257 743 6428 893 57
4938 786 5791 950 halbstelnies
4271 868 6549 1057 Krainerhütte zu halten. Und, wenn kein Fiaker
4304 1051 6562 1222 da war, so konnte man wohl ein halbes Stünd¬
4283 1212 6476 1349 chen in den Alleen des parkes umherspazie-
4310 1368 6385 1523 ren und irgend eine nette Bekanntschaft
4259 1514 6388 1666 anknüpfen; -es musste ja nicht gerade die
4283 1654 6428 1806 junge Dame sein, die neulich den Kameraden
4253 1788 6434 2041 Greising beglückt hatte.- Vor demKursalon
4246 1931 6476 2126 standen sogar zwei Wagen. Der eine Kutscher
4298 2123 6543 2248 behauptete bestellt zu sein, der andere for
4246 2266 6364 2407 derte dreimal so viel für eine wahrt ins
4234 2394 6507 2559 Helenenthal, als Will geneigt war dafür auf-
4246 2559 6696 2714 zuwenden. Somit blieb nichts übrig, als die "-
4575 2702 6537 2796 in part, was a get
4295 2726 6455 2879 zweite Frage an das Schikksal zu richten.
4207 2845 6601 2961 for the 8 8 jevy in Shills - at the
4283 2921 6382 3065 Der Park war zu dieser Stunde noch ziem-
4295 3046 6531 3235 lihh besucht;- Ehepaare, manche mit Kindern,
4283 3199 6446 3351 Liebespaare (Wili traute sich zu Liebende
4283 3330 6464 3497 und Verhei ratete ganz sicher von einander
4295 3473 6501 3652 unterscheiden zu können); auch junge Mäd-
4222 3634 6537 3805 chen, rech t hübsche darunter, lustwandelten an
4286 3786 6397 3984 ihm vorüber zu Zweit und zu pritt, manche
