7160 4600
3958 344 4519 541 24/5.1924.
5811 731 6274 917 112- 120
3727 867 4126 1041 22/5.1924.
4253 899 6421 1220 Ich werde Sie nicht weiter bekästigen. Sie
2738 830 2964 1041 116
4302 1050 6419 1356 werden am Dienstag um zwölf Uhr Ihr Geld
948 1052 3102 1269 senktem Blick übersetzten die Fahrbahn in
6144 1154 6505 1261 tringue
4302 1211 6500 1503 haben. Oder glauben sie etwa dieser Lehrer
951 1252 3068 1399 der Richtungs gegen die Votivkirche. Auf
4337 1365 6355 1665 und diese Scheuerfrau, diese Nonnen und
963 1379 2911 1553 einer Bank unter einem weissblühenden
4857 1417 5031 1512 alte
3952 1512 4198 1654 men.
4337 1515 6447 1804 der Herr mit der Aktentasche an der Ecke
957 1515 2990 1712 Baum sass ein junges Geschöpf(lächelnd,
4343 1660 6601 1949 dort, die werden weiterleben und ich nicht he
963 1645 3143 1868 wie nach einem angenehmen Erlebnis mit be-
4834 1688 5450 1824 duife in or in
4357 1793 6286 2105 Was ist eine völlige Unmöglichkeit.
969 1853 2938 2027 staubten Schuheh, den Strohhut auf dem
5942 1928 6381 2030 kesmit
1472 1978 1648 2085 bele
4727 1992 6421 2206 Der Wagen hielt vor dem Tor der
963 1969 2998 2157 Schoss. Ein geschlossener Wagen mit he-
5517 2119 5745 2229 schien
4380 2114 6390 2432 Kaserne. Der Konsul erwachte plötzlich
928 2125 3099 2319 runtergelassenen Vorhängen sauste vorüber.
1012 2270 3169 2460 Ein dickes altes Weib bearbeitete die ho-
4357 2290 6427 2544 oder tat wenigstens so, er rieb sich so-
983 2455 3091 2622 he Fensterscheibe eines Kaffeehauses mit
4409 2440 6465 2692 gar die Augen,was viel h icht ein wenig
992 2582 3195 2758 Besen und Scheuertuch.- All diese Menschen
4418 2596 6410 2917 übertrieben war, nach einem Schlaf von
4424 2732 6534 3039 etwa zweieinhalb Minuten. Der Posten vor
943 2744 3204 3004 und Dinge, die Willy vollkommen gleichgültig
4444 2877 6595 3201 der Kasorne salutierte, Willy sprang aus
841 2857 3169 3149 waren, zeigten sich seinem Wiberwachen AugX
2859 3001 3284 3137 in de he
4455 3059 6635 3339 dem Wagen, gewandt, fesch, ohne dasTrittbrett
648 2961 818 3201 12
1006 3033 2998 3215 in schmerzhaft scharfen Umrissen. Aber
5164 3235 5438 3325 ous ci
6265 3186 6624 3357 3°s und
951 3201 3149 3397 was war es mit dem Mann,an dessen Seite er
4473 3177 6291 3513 zu berühren. Er tat noch ein Uebrig
6092 3316 6280 3394 ning
1920 3316 2732 3432 -    et zumssimpe
4473 3368 6471 3646 gab dem Kutscher ein Trinkgeld, ein be-
1012 3371 3169 3542 im Wagen sass und der ihm gewissermassen
5690 3507 5944 3602 Egnur
4490 3513 6557 3793 scheidenes allerdings aber er hatte ihm
1000 3501 2972 3686 aus dem Gedächtnis geschwunden war?Er
4866 3675 5782 3805 at hatte ist weibt on
4496 3666 6670 3955 ja auch schon in der Nacht beschenkt). Dan-
1012 3683 2900 3854 wandte ihm einen scheuen Blick zu.Da
2255 3727 3328 3874 a de Heil in uit at de Dut
4510 3831 6459 4097 ke vielmals, Herr.Konsul“,sagte er.Der
1015 3811 3059 4025 sass er zurückgelehnt, mit geschlossenen
2822 3923 3016 4025 T.T.R
1029 3949 2975 4161 Augen.Wahrhaftig,er schlief, oder er
1015 4111 3244 4380 stellte sich so. (O, keine Angst,Herr Konral,
