7192 4504
874 795 2956 1010 Im übrigen nahm man auch diesmal sein Er-
907 974 3064 1169 scheinen ohne das geringste Erstaunen hin.
1878 1125 2155 1263 gener
910 1127 3026 1401 Ein Sessel war/Iaar, Doktor Flegmann hatte
916 1281 3114 1448 sich empfohlen, weil er dreimal hintereinan
921 1481 3109 1701 der mit einem kleinen Schlagen gegen einen
921 1634 3014 1855 grossen verloren hatte. Elrief
921 1802 3144 1987 sass zwar noch da, aber er hatte sein ganzes
924 1943 3097 2152 Rargeld verloren und niemand half ihm aus.
960 2114 3132 2293 Auf dem Platz vor dem Konsul lag ein Hau¬
930 2281 3059 2461 fen Banknoten. Das geht ja hoch her“,sate
927 2414 3050 2582 Wili und er fand es nicht gut möglich mit
930 2596 3009 2735 einem allzu kleinen Einsatz zu beginnen.
942 2711 2953 2879 Aber seine Kühnheit belohnte sich,erge-
933 2870 2956 3006 wann sofort und gewann immer weiter.Auf
895 3026 2858 3209 einem kleinen Nebentischchen stad eine
2402 3103 2855 3206 Cobilis
927 3162 3091 3318 Flasche Cognac, das Fräulein Mizi, der
895 3326 3109 3521 vom Konsul ohne besondere Förmlichkeit vor-
2002 3432 2299 3527 schenk
877 3506 2932 3694 gesmllt worden war, stellte ihm ein Glas
939 3627 3153 3815 ein und reichte es ihm mit einem verschwim-
1984 3724 2355 3845 ersucht
942 3794 2956 3983 menden Blick. Elrief erblickte ihn bis
936 3948 2947 4174 morgen Mittag zwölf Uhr hundert Gulden
6326 542 6488 706 78
4410 636 6550 818 „leihweise" zur Verfügung zu stellen. Wili
4389 810 6385 1013 schon ihm die Banknote michlässig hin,
4410 957 6618 1127 eine Sekunde darauf war sie zum Konsul ge-
4389 1125 6588 1298 wandert. Elrief erhob sich. Da kam eben der
4383 1281 6579 1469 Direktionssekretär Weiss,ein leise geführ-
4389 1448 6582 1578 ter Disput zwischen den beiden Herren er-
4377 1593 6462 1766 hob sich, in dessen Folge Weiss sich ent-
4383 1746 6479 1908 schloss den Schauspieler einen Teil der
6082 1875 6247 1958 -
4377 1919 6526 2058 Summe, die er sich am Nachmittag/entliehen
4374 2049 6523 2205 zurückzuerstatten.Elrief versuchte neuer-
4366 2175 6603 2349 lich sein Clück, verlor, der Direktionssekre
4369 2331 6609 2514 tär, der gewonnen hatte, zahlte ihm den Rest
4363 2476 6456 2664 seiner Schuld. Elrief verlor wieder und,
4360 2643 6588 2826 ganz anders,als es der Vicomte getan hätte,
4292 2788 6594 2973 den er nächstens zu spielen hoffte,vermochte
4342 2953 6706 3165 er seinen Aerger nicht zu verbergen, rückte
4925 3079 5284 3194 plament
4001 3050 4230 3276 sept
4348 3114 6456 3315 den Sessel, stiess einen leisen Fluch aus
4345 3282 6420 3474 und verliess den Raum. Als ernach einer
4330 3424 6629 3585 Weile nicht wieder kam, erhob sich auch Fräu-
4469 3541 4642 3662 hors
4339 3547 6491 3730 lein Mizi, strich dem Konsul zärtlich-zer-
4321 3721 6258 3927 streut über das Haupt und verschwand
5796 3989 6406 4180 or sick
4310 4198 5046 4360 gluck, uiu die
