<?xml version="1.0" encoding="UTF-8" standalone="yes"?>
<PcGts xmlns="http://schema.primaresearch.org/PAGE/gts/pagecontent/2013-07-15" xmlns:xsi="http://www.w3.org/2001/XMLSchema-instance" xsi:schemaLocation="http://schema.primaresearch.org/PAGE/gts/pagecontent/2013-07-15 http://schema.primaresearch.org/PAGE/gts/pagecontent/2013-07-15/pagecontent.xsd">
    <Metadata>
        <Creator>prov=READ-COOP:name=TrHtr:version=2.1.0:model_id=51170:date=14_08_2023_21:42</Creator>
        <Created>2023-05-10T14:46:14.495+02:00</Created>
        <LastChange>2023-08-14T21:42:41.641+02:00</LastChange>
        <TranskribusMetadata docId="1428676" pageId="55425698" pageNr="115" tsid="132826980" status="IN_PROGRESS" userId="64420" imgUrl="https://files.transkribus.eu/Get?id=KMSOSTXEVSWJSQNEZGHNNWVW&amp;fileType=view" xmlUrl="https://files.transkribus.eu/Get?id=VUWCCMNDULSAWEYIZGNAZLMR" imageId="44699775"/>
    </Metadata>
    <Page imageFilename="1428676_0115.jpg" imageWidth="7192" imageHeight="4648">
        <ReadingOrder>
            <OrderedGroup id="ro_1711812410283" caption="Regions reading order">
                <RegionRefIndexed index="0" regionRef="tr_1"/>
            </OrderedGroup>
        </ReadingOrder>
        <TextRegion id="tr_1" custom="readingOrder {index:0;}">
            <Coords points="4295,648 6858,648 6858,4024 4295,4024"/>
            <TextLine id="tr_1_tl_1" custom="readingOrder {index:0;}">
                <Coords points="6085,758 6119,744 6142,753 6194,741 6217,756 6240,741 6272,753 6281,747 6289,758 6318,750 6333,614 6287,611 6255,580 6238,591 6194,580 6125,629 6099,617"/>
                <Baseline points="6105,716 6153,716 6243,704 6332,698"/>
                <TextEquiv>
                    <Unicode>115</Unicode>
                </TextEquiv>
            </TextLine>
            <TextLine id="tr_1_tl_2" custom="readingOrder {index:1;}">
                <Coords points="4274,1159 5355,983 6327,943 6428,917 6445,767 5886,744 5502,874 4963,851 4721,998 4294,1018"/>
                <Baseline points="4295,1117 4385,1105 4474,1093 4564,1081 4653,1069 4743,1057 4833,1045 4922,1027 5012,1021 5102,1009 5191,997 5281,985 5370,979 5460,967 5550,955 5639,937 5729,931 5818,914 5908,902 5998,890 6087,884 6177,878 6267,854 6356,842 6446,830"/>
                <TextEquiv>
                    <Unicode>hätte, als der geeignete Moment dafür gewe-</Unicode>
                </TextEquiv>
            </TextLine>
            <TextLine id="tr_1_tl_3" custom="readingOrder {index:2;}">
                <Coords points="4277,1327 5903,1070 6408,1032 6509,1104 6575,905 5292,995 4715,1159 4294,1177"/>
                <Baseline points="4301,1266 4331,1260 4420,1248 4510,1242 4600,1230 4689,1218 4779,1200 4869,1188 4958,1170 5048,1159 5137,1153 5227,1141 5317,1129 5406,1117 5496,1105 5585,1093 5675,1087 5765,1081 5854,1069 5944,1057 6034,1039 6123,1033 6213,1015 6302,1009 6392,997 6482,985 6571,979"/>
                <TextEquiv>
                    <Unicode>sen wäre, würde er eswohl auch diemal bleiben</Unicode>
                </TextEquiv>
            </TextLine>
            <TextLine id="tr_1_tl_4" custom="readingOrder {index:3;}">
                <Coords points="5009,1263 5119,1231 5274,1249 5407,1191 5641,1188 5649,1128 5589,1110 5323,1174 5220,1151 5116,1191 5021,1171"/>
                <Baseline points="5030,1236 5113,1224 5203,1218 5293,1206 5382,1194 5472,1182 5562,1170 5651,1159"/>
                <TextEquiv>
                    <Unicode>Nincontin</Unicode>
                </TextEquiv>
            </TextLine>
            <TextLine id="tr_1_tl_5" custom="readingOrder {index:4;}">
                <Coords points="4308,1468 4568,1479 4905,1341 5557,1254 6258,1228 6379,1203 6390,1110 4329,1309"/>
                <Baseline points="4331,1415 4420,1403 4510,1392 4600,1380 4689,1368 4779,1356 4869,1338 4958,1332 5048,1326 5137,1314 5227,1302 5317,1290 5406,1278 5496,1266 5585,1254 5675,1242 5765,1230 5854,1218 5944,1212 6034,1194 6123,1182 6213,1170 6302,1164 6392,1159"/>
                <TextEquiv>
                    <Unicode>lassen) Und - wenn nicht - nun,er,Willi,</Unicode>
                </TextEquiv>
            </TextLine>
            <TextLine id="tr_1_tl_6" custom="readingOrder {index:5;}">
                <Coords points="4323,1621 5917,1370 6376,1370 6572,1309 6584,1231 5534,1332 5439,1280 4833,1468 4340,1479"/>
                <Baseline points="4343,1565 4432,1553 4522,1541 4612,1535 4701,1517 4791,1511 4880,1499 4970,1481 5060,1475 5149,1463 5239,1451 5329,1439 5418,1433 5508,1415 5597,1403 5687,1397 5777,1380 5866,1374 5956,1362 6045,1356 6135,1338 6225,1326 6314,1320 6404,1302 6494,1296 6583,1296"/>
                <TextEquiv>
                    <Unicode>hatte das seine getan und mehr als das denn</Unicode>
                </TextEquiv>
            </TextLine>
            <TextLine id="tr_1_tl_7" custom="readingOrder {index:6;}">
                <Coords points="4337,1774 6555,1531 6653,1505 6670,1352 6537,1301 4357,1635"/>
                <Baseline points="4361,1726 4426,1714 4516,1702 4606,1690 4695,1678 4785,1660 4875,1654 4964,1642 5054,1630 5143,1619 5233,1607 5323,1595 5412,1583 5502,1571 5591,1559 5681,1553 5771,1541 5860,1535 5950,1517 6040,1505 6129,1493 6219,1481 6308,1469 6398,1457 6488,1445 6577,1445 6667,1439"/>
                <TextEquiv>
                    <Unicode>gewissermassen fiel er ja ale Opfer mit) (Und )</Unicode>
                </TextEquiv>
            </TextLine>
            <TextLine id="tr_1_tl_8" custom="readingOrder {index:7;}">
                <Coords points="4349,1921 4522,1955 4750,1831 4899,1883 5260,1768 6457,1661 6512,1534 5303,1615 4363,1808"/>
                <Baseline points="4373,1863 4450,1863 4540,1852 4630,1840 4719,1828 4809,1816 4898,1798 4988,1786 5078,1780 5167,1768 5257,1756 5346,1744 5436,1738 5526,1720 5615,1708 5705,1696 5795,1684 5884,1678 5974,1666 6063,1654 6153,1642 6243,1630 6332,1619 6422,1613 6511,1607"/>
                <TextEquiv>
                    <Unicode>es war ihm (wirklich) in diesem Augenblick,</Unicode>
                </TextEquiv>
            </TextLine>
            <TextLine id="tr_1_tl_9" custom="readingOrder {index:8;}">
                <Coords points="4363,2071 6514,1794 6569,1696 5894,1704 5191,1877 4380,1932"/>
                <Baseline points="4385,2019 4420,2019 4510,2007 4600,1995 4689,1983 4779,1971 4869,1959 4958,1947 5048,1935 5137,1929 5227,1917 5317,1905 5406,1893 5496,1881 5585,1869 5675,1858 5765,1846 5854,1834 5944,1822 6034,1810 6123,1798 6213,1786 6302,1774 6392,1768 6482,1756 6571,1744"/>
                <TextEquiv>
                    <Unicode>als wäre er nur um Bogners willen nach Ba¬</Unicode>
                </TextEquiv>
            </TextLine>
            <TextLine id="tr_1_tl_10" custom="readingOrder {index:9;}">
                <Coords points="4398,2180 6096,1998 6514,1921 6523,1851 6157,1831 5185,2030 4409,2085"/>
                <Baseline points="4415,2174 4462,2168 4552,2156 4642,2144 4731,2132 4821,2126 4910,2114 5000,2096 5090,2091 5179,2079 5269,2067 5358,2055 5448,2043 5538,2031 5627,2019 5717,2007 5807,1995 5896,1989 5986,1971 6075,1959 6165,1947 6255,1941 6344,1929 6434,1917 6523,1917"/>
                <TextEquiv>
                    <Unicode>den hinausgefahren, hätte um seinetwillen</Unicode>
                </TextEquiv>
            </TextLine>
            <TextLine id="tr_1_tl_11" custom="readingOrder {index:10;}">
                <Coords points="4418,2365 6206,2114 6673,2163 6690,2001 6041,2004 4429,2244"/>
                <Baseline points="4438,2329 4444,2324 4534,2318 4624,2300 4713,2294 4803,2282 4892,2270 4982,2258 5072,2246 5161,2234 5251,2222 5341,2210 5430,2198 5520,2186 5609,2180 5699,2168 5789,2156 5878,2144 5968,2132 6057,2120 6147,2114 6237,2114 6326,2108 6416,2120 6506,2114 6595,2108 6685,2096"/>
                <TextEquiv>
                    <Unicode>sich an den Spieltisch gesetzt und so,</Unicode>
                </TextEquiv>
            </TextLine>
            <TextLine id="tr_1_tl_12" custom="readingOrder {index:11;}">
                <Coords points="4447,2486 4726,2515 4917,2428 6278,2290 6621,2229 6630,2148 6131,2137 4914,2388 4455,2402"/>
                <Baseline points="4462,2485 4480,2479 4570,2467 4659,2455 4749,2443 4839,2431 4928,2425 5018,2413 5108,2395 5197,2389 5287,2371 5376,2359 5466,2353 5556,2341 5645,2329 5735,2312 5824,2306 5914,2294 6004,2276 6093,2270 6183,2252 6273,2246 6362,2228 6452,2222 6541,2210 6631,2192"/>
                <TextEquiv>
                    <Unicode>lange das Schicksal versucht bis er unter-</Unicode>
                </TextEquiv>
            </TextLine>
            <TextLine id="tr_1_tl_13" custom="readingOrder {index:12;}">
                <Coords points="5390,2428 5551,2454 6373,2298 6448,2342 6586,2287 6797,2327 6858,2232 6451,2226 5393,2394"/>
                <Baseline points="5406,2425 5424,2425 5514,2413 5603,2407 5693,2389 5783,2377 5872,2365 5962,2353 6051,2335 6141,2318 6231,2312 6320,2300 6410,2300 6500,2294 6589,2288 6679,2282 6768,2288 6858,2300"/>
                <TextEquiv>
                    <Unicode>auf nicht zu reill, seil er schad tat</Unicode>
                </TextEquiv>
            </TextLine>
            <TextLine id="tr_1_tl_14" custom="readingOrder {index:13;}">
                <Coords points="4455,2656 5093,2647 5643,2486 6670,2405 6682,2307 4470,2546"/>
                <Baseline points="4474,2628 4534,2628 4624,2610 4713,2604 4803,2592 4892,2580 4982,2568 5072,2556 5161,2545 5251,2533 5341,2521 5430,2509 5520,2497 5609,2485 5699,2473 5789,2467 5878,2455 5968,2443 6057,2431 6147,2419 6237,2407 6326,2395 6416,2389 6506,2377 6595,2365 6685,2335"/>
                <TextEquiv>
                    <Unicode>legen war. (Wann hätte er denn aufhören sol-</Unicode>
                </TextEquiv>
            </TextLine>
            <TextLine id="tr_1_tl_15" custom="readingOrder {index:14;}">
                <Coords points="4729,2402 4744,2405 4793,2370 4825,2382 4850,2368 4879,2376 4897,2368 4917,2388 4951,2391 4960,2316 4908,2321 4897,2307 4862,2327 4842,2330 4833,2316 4816,2330 4781,2324 4773,2333 4738,2321"/>
                <Baseline points="4749,2377 4785,2365 4875,2353 4964,2347"/>
                <TextEquiv>
                    <Unicode>aucoup</Unicode>
                </TextEquiv>
            </TextLine>
            <TextLine id="tr_1_tl_16" custom="readingOrder {index:15;}">
                <Coords points="4470,2815 6439,2538 6540,2590 6624,2466 5710,2500 5346,2618 4487,2693"/>
                <Baseline points="4492,2789 4558,2784 4648,2772 4737,2754 4827,2748 4916,2736 5006,2724 5096,2712 5185,2694 5275,2688 5364,2676 5454,2664 5544,2652 5633,2640 5723,2628 5812,2616 5902,2604 5992,2592 6081,2580 6171,2568 6261,2556 6350,2545 6440,2533 6529,2521 6619,2515"/>
                <TextEquiv>
                    <Unicode>len? In dem rauschartigen Zustand, der ei¬</Unicode>
                </TextEquiv>
            </TextLine>
            <TextLine id="tr_1_tl_17" custom="readingOrder {index:16;}">
                <Coords points="4484,2953 4998,2956 5332,2843 6760,2699 6774,2604 5447,2679 5254,2780 4496,2881"/>
                <Baseline points="4504,2939 4534,2939 4624,2927 4713,2915 4803,2903 4892,2891 4982,2879 5072,2873 5161,2855 5251,2843 5341,2837 5430,2825 5520,2813 5609,2801 5699,2789 5789,2778 5878,2760 5968,2754 6057,2736 6147,2724 6237,2712 6326,2706 6416,2694 6506,2682 6595,2670 6685,2658 6774,2646"/>
                <TextEquiv>
                    <Unicode>nen bei solchen Gelegenheiten notwendig über</Unicode>
                </TextEquiv>
            </TextLine>
            <TextLine id="tr_1_tl_18" custom="readingOrder {index:17;}">
                <Coords points="4516,3123 5113,3094 6200,2872 6376,2910 6722,2823 6734,2734 4530,3014"/>
                <Baseline points="4534,3094 4582,3088 4671,3082 4761,3064 4851,3058 4940,3040 5030,3034 5119,3022 5209,3011 5299,2993 5388,2981 5478,2975 5568,2957 5657,2945 5747,2933 5836,2921 5926,2915 6016,2897 6105,2885 6195,2873 6284,2861 6374,2849 6464,2843 6553,2837 6643,2819 6733,2795"/>
                <TextEquiv>
                    <Unicode>kam, war es unmöglich den rechten Moment ab-</Unicode>
                </TextEquiv>
            </TextLine>
            <TextLine id="tr_1_tl_19" custom="readingOrder {index:18;}">
                <Coords points="4536,3285 6457,3051 6682,2988 6693,2898 5569,3065 5021,3065 4680,3169 4556,3126"/>
                <Baseline points="4558,3250 4630,3244 4719,3232 4809,3220 4898,3208 4988,3196 5078,3184 5167,3166 5257,3160 5346,3148 5436,3136 5526,3124 5615,3112 5705,3100 5795,3088 5884,3076 5974,3064 6063,3052 6153,3040 6243,3034 6332,3017 6422,3005 6511,2993 6601,2975 6691,2963"/>
                <TextEquiv>
                    <Unicode>zu-passen. Darauf konnte ihm Bogner nicht</Unicode>
                </TextEquiv>
            </TextLine>
            <TextLine id="tr_1_tl_20" custom="readingOrder {index:19;}">
                <Coords points="6448,3088 6465,3094 6477,3083 6503,3103 6552,3071 6586,3080 6630,3057 6656,3068 6682,3054 6739,3065 6748,2996 6693,3011 6664,2996 6627,3016 6607,2990 6555,2988 6483,3034 6457,3028"/>
                <Baseline points="6464,3082 6482,3076 6571,3058 6661,3046 6750,3040"/>
                <TextEquiv>
                    <Unicode>helch</Unicode>
                </TextEquiv>
            </TextLine>
            <TextLine id="tr_1_tl_21" custom="readingOrder {index:20;}">
                <Coords points="4542,3429 6664,3163 6673,3097 5990,3071 5594,3236 4559,3313"/>
                <Baseline points="4564,3399 4612,3399 4701,3387 4791,3375 4880,3363 4970,3351 5060,3339 5149,3327 5239,3315 5329,3303 5418,3291 5508,3279 5597,3261 5687,3255 5777,3244 5866,3232 5956,3220 6045,3208 6135,3196 6225,3190 6314,3172 6404,3160 6494,3154 6583,3136 6673,3130"/>
                <TextEquiv>
                    <Unicode>einen vorwurf machen. Bogner ihm? War er</Unicode>
                </TextEquiv>
            </TextLine>
            <TextLine id="tr_1_tl_22" custom="readingOrder {index:21;}">
                <Coords points="5571,3362 5799,3342 5969,3276 6065,3290 6119,3259 6160,3267 6168,3227 6050,3210 5892,3253 5871,3238 5825,3264 5799,3250 5739,3282 5693,3259 5629,3285 5586,3270"/>
                <Baseline points="5591,3345 5633,3339 5723,3321 5812,3303 5902,3285 5992,3273 6081,3261 6171,3255"/>
                <TextEquiv>
                    <Unicode>am drie wo</Unicode>
                </TextEquiv>
            </TextLine>
            <TextLine id="tr_1_tl_23" custom="readingOrder {index:22;}">
                <Coords points="4551,3602 6243,3339 6742,3365 6765,3189 4571,3452"/>
                <Baseline points="4576,3554 4612,3554 4701,3542 4791,3536 4880,3518 4970,3512 5060,3500 5149,3488 5239,3477 5329,3465 5418,3447 5508,3441 5597,3429 5687,3423 5777,3411 5866,3399 5956,3387 6045,3369 6135,3357 6225,3345 6314,3327 6404,3321 6494,3303 6583,3291 6673,3279 6762,3279"/>
                <TextEquiv>
                    <Unicode>denn ganz toll?) Bogner gegenüber sollte er</Unicode>
                </TextEquiv>
            </TextLine>
            <TextLine id="tr_1_tl_24" custom="readingOrder {index:23;}">
                <Coords points="4577,3729 5395,3697 6180,3504 6572,3538 6777,3449 6788,3368 6053,3380 5248,3573 4591,3625"/>
                <Baseline points="4594,3716 4636,3710 4725,3698 4815,3686 4904,3674 4994,3662 5084,3650 5173,3638 5263,3626 5352,3614 5442,3602 5532,3590 5621,3578 5711,3572 5801,3554 5890,3542 5980,3530 6069,3518 6159,3506 6249,3494 6338,3483 6428,3471 6517,3459 6607,3447 6697,3435 6786,3423"/>
                <TextEquiv>
                    <Unicode>sich schuldig fühlen? Als wäre von der Sum-</Unicode>
                </TextEquiv>
            </TextLine>
            <TextLine id="tr_1_tl_25" custom="readingOrder {index:24;}">
                <Coords points="4577,3919 4862,3841 5372,3861 5814,3706 6734,3680 6811,3495 6157,3510 4899,3758 4602,3732"/>
                <Baseline points="4600,3859 4659,3859 4749,3853 4839,3835 4928,3823 5018,3811 5108,3799 5197,3787 5287,3781 5376,3763 5466,3751 5556,3739 5645,3727 5735,3710 5824,3698 5914,3692 6004,3680 6093,3668 6183,3656 6273,3644 6362,3632 6452,3620 6541,3608 6631,3602 6721,3584 6810,3566"/>
                <TextEquiv>
                    <Unicode>me, die er in irgend einer Minute schon ge-</Unicode>
                </TextEquiv>
            </TextLine>
            <TextLine id="tr_1_tl_26" custom="readingOrder {index:25;}">
                <Coords points="4623,4026 5225,4017 5514,3928 5646,3985 6488,3775 6788,3882 6863,3662 5958,3691 5641,3821 4640,3896"/>
                <Baseline points="4642,4014 4707,4008 4797,3996 4886,3984 4976,3972 5066,3960 5155,3954 5245,3937 5335,3925 5424,3913 5514,3901 5603,3889 5693,3877 5783,3865 5872,3853 5962,3841 6051,3829 6141,3823 6231,3811 6320,3793 6410,3781 6500,3775 6589,3763 6679,3745 6768,3739 6858,3733"/>
                <TextEquiv>
                    <Unicode>wonnen, tausend Gulden Bogners rechtmässiges</Unicode>
                </TextEquiv>
            </TextLine>
        </TextRegion>
    </Page>
</PcGts>
