7128 4488
1190 655 3313 876 nicht einfach sprechen konnte: Meine Börse
1201 865 3305 1026 steht dir zur Verfügung,wie viel brauchst
1195 1006 3175 1181 denn? Denn sein ganzes vermögen belief
1764 1101 1997 1193 elive.
1207 1121 3382 1351 sich auf sein hunder tzwanzig Gulden. So sagte
1195 1310 3267 1514 er vorläufig gar nichts und wartete, dass
1195 1457 2345 1655 Otto deutlicher werde.
2848 1540 3167 1681 besin
1673 1604 3336 1790 "Also,um kurz zu sein", sagte die
1178 1762 3322 1954 ser, "du weisst ja vielleicht, dass ich in
1195 1905 3391 2101 einem Bureau für elektrische Instulationen
1178 2075 3365 2276 angestellt bin, als Kassier; seit einem Vier
1181 2259 3328 2417 teljahr. Nein, woher sollst du denn das wis
1135 2405 3311 2569 sen? Vorher war ich ja anderswo. Du weisst
1129 2526 3239 2693 ja nicht einmal, dass ich verheiratet bin
1164 2684 3250 2865 und einen Buben hab von drei Jahren. -Er
1135 2851 3161 3015 war nämlich sehon auf der Welt, wie ich
1170 3012 3311 3173 noch-bei Euch war.Es hat xxx keiner ge
1161 3153 3302 3331 wusst, (nicht einmal du Es gibt eben Dinge,
1158 3311 3334 3466 die man niemandem sagt. Wozu auch? Na also,
1152 3440 3256 3644 besonders gut ist es mir die ganze zeit
1161 3607 3365 3793 über nicht gegangen. Sehr kaapp und besonder
1158 3770 3256 3911 im vergangenen xxx Winter - derBub war
1095 3923 3342 4075 krank. also, die petails sind ja weiter nicht
6380 365 6552 506 13
4428 486 6572 649 interessant — End da habe ich mir etliche
5885 612 6158 724 geliefen
4385 626 6702 825 Malo aus der Kassa-was ausleihen müssen, aber
4394 739 6437 948 immer wieder recht-zeitig zurückgezahlt.
6460 891 6788 1063 at my
4440 914 6670 1095 Diesmal ist's ein bisl mehr geworden, lei-
4756 1040 5216 1152 et hiltième
4423 1075 6653 1256 der Nq.du kannst dir denken, dass ich alles
4443 1221 6503 1400 übrige in Betracht gezogen habe, ehe ich
4403 1385 6658 1563 mich entschlossen habe mich an dich zu wen-
5891 1540 6187 1644 selbe
4417 1555 6544 1733 den, der ja schliesslich selbst auch kein
4408 1698 6578 1868 Rothschild ist. Ich hätte es mir auch noch
5434 1836 5673 1946 and of
4371 1833 6598 2037 diesmal überlegt (in der nächsten Woche hät
4400 1980 6532 2207 te sich auch ein anderer Modus gefunden,
4362 2190 6486 2333 aber das Malheur ist,dass an Montag,mor
4357 2305 6518 2517 gen, wie ich ganz zufällig in Erfahrung ge¬
4403 2477 4995 2621 bracht habe
5133 2517 6472 2658 je Kassa bei uns revidiert
4658 2586 4995 2675 am d. 7.
4394 2632 6500 2854 wird. Wir sind nämlich eine Filiale. Aber
4380 2759 6397 2948 das gehört nicht hieher. Und es sind
4325 2948 6469 3098 ganz geringfügige summen,die bei uns aus-
4362 3121 6498 3279 und eingezahlt werden und es ist ja auch
4380 3279 6523 3451 nur eine Bagatelle, die ich schuldig bin-
4365 3426 6592 3584 neunhundertsechzig Gulden. Ich könnte sagen
4380 3586 6426 3750 tausend, es käm sehon auf eins heraus. Es
4351 3765 6515 3937 sind aber eben neunhundertsechzig. Und die
4414 3957 6483 4222 test, das man mir ja klari- und über alle
