<?xml version="1.0" encoding="UTF-8" standalone="yes"?>
<PcGts xmlns="http://schema.primaresearch.org/PAGE/gts/pagecontent/2013-07-15" xmlns:xsi="http://www.w3.org/2001/XMLSchema-instance" xsi:schemaLocation="http://schema.primaresearch.org/PAGE/gts/pagecontent/2013-07-15 http://schema.primaresearch.org/PAGE/gts/pagecontent/2013-07-15/pagecontent.xsd">
    <Metadata>
        <Creator>prov=READ-COOP:name=TrHtr:version=2.1.0:model_id=51170:date=14_08_2023_21:42</Creator>
        <Created>2023-05-10T14:46:16.214+02:00</Created>
        <LastChange>2023-08-14T21:42:44.907+02:00</LastChange>
        <TranskribusMetadata docId="1428676" pageId="55425811" pageNr="127" tsid="132826992" status="IN_PROGRESS" userId="64420" imgUrl="https://files.transkribus.eu/Get?id=HBZKYRIFOQKKBHSJSDFZCEWZ&amp;fileType=view" xmlUrl="https://files.transkribus.eu/Get?id=YFBPYWKYQDFKCBKGJHEDZXJT" imageId="44699888"/>
    </Metadata>
    <Page imageFilename="1428676_0127.jpg" imageWidth="6776" imageHeight="5992">
        <ReadingOrder>
            <OrderedGroup id="ro_1711812470818" caption="Regions reading order">
                <RegionRefIndexed index="0" regionRef="tr_1"/>
            </OrderedGroup>
        </ReadingOrder>
        <TextRegion id="tr_1" custom="readingOrder {index:0;}">
            <Coords points="322,1155 6505,1155 6505,4856 322,4856"/>
            <TextLine id="tr_1_tl_1" custom="readingOrder {index:0;}">
                <Coords points="6040,1259 6080,1259 6094,1248 6123,1273 6138,1266 6167,1277 6272,1248 6301,1251 6312,1085 6247,1092 6189,1066 6149,1081 6094,1037 6051,1045"/>
                <Baseline points="6063,1217 6135,1211 6224,1205 6314,1205"/>
                <TextEquiv>
                    <Unicode>137</Unicode>
                </TextEquiv>
            </TextLine>
            <TextLine id="tr_1_tl_2" custom="readingOrder {index:1;}">
                <Coords points="6301,1466 6341,1473 6384,1458 6421,1480 6435,1469 6457,1476 6479,1458 6519,1466 6471,1179 6388,1186 6384,1197 6363,1190 6341,1208 6261,1204"/>
                <Baseline points="6296,1307 6385,1318 6475,1336 6505,1336"/>
                <TextEquiv>
                    <Unicode>116</Unicode>
                </TextEquiv>
            </TextLine>
            <TextLine id="tr_1_tl_3" custom="readingOrder {index:2;}">
                <Coords points="2924,1429 2946,1429 2964,1411 3069,1455 3145,1411 3232,1418 3232,1306 3087,1320 3047,1284 2982,1306 2924,1302"/>
                <Baseline points="2942,1390 3031,1390 3121,1390 3210,1390 3240,1396"/>
                <TextEquiv>
                    <Unicode>111—</Unicode>
                </TextEquiv>
            </TextLine>
            <TextLine id="tr_1_tl_4" custom="readingOrder {index:3;}">
                <Coords points="3609,1596 4407,1491 6199,1571 6203,1277 5884,1251 5369,1404 4621,1306 3881,1418 3613,1360"/>
                <Baseline points="3628,1486 3700,1486 3789,1492 3879,1503 3968,1498 4058,1492 4147,1492 4237,1486 4326,1486 4416,1486 4505,1486 4595,1486 4684,1480 4774,1474 4864,1474 4953,1480 5043,1480 5132,1474 5222,1480 5311,1474 5401,1474 5490,1468 5580,1468 5669,1462 5759,1456 5848,1450 5938,1444 6027,1450 6117,1444 6206,1450"/>
                <TextEquiv>
                    <Unicode>Ihr gegezeit wollle er sich, tuh zu tlen</Unicode>
                </TextEquiv>
            </TextLine>
            <TextLine id="tr_1_tl_5" custom="readingOrder {index:4;}">
                <Coords points="301,1625 823,1676 2064,1531 3127,1632 3131,1451 2383,1353 802,1491 305,1440"/>
                <Baseline points="322,1575 364,1581 453,1581 543,1575 632,1569 722,1563 811,1563 901,1563 990,1569 1080,1563 1169,1569 1259,1563 1348,1569 1438,1569 1527,1563 1617,1551 1706,1545 1796,1539 1885,1533 1975,1527 2064,1527 2154,1527 2244,1521 2333,1527 2423,1539 2512,1533 2602,1539 2691,1539 2781,1545 2870,1545 2960,1551 3049,1551 3139,1557"/>
                <TextEquiv>
                    <Unicode>Seite jetz me, hilleid, servits,</Unicode>
                </TextEquiv>
            </TextLine>
            <TextLine id="tr_1_tl_6" custom="readingOrder {index:5;}">
                <Coords points="4251,1592 4284,1592 4313,1621 4371,1607 4389,1625 4498,1578 4553,1611 4600,1600 4694,1647 4690,1505 4661,1524 4603,1524 4433,1505 4411,1487 4313,1527 4255,1502"/>
                <Baseline points="4273,1587 4344,1581 4434,1581 4523,1575 4613,1575 4702,1575"/>
                <TextEquiv>
                    <Unicode>du c est</Unicode>
                </TextEquiv>
            </TextLine>
            <TextLine id="tr_1_tl_7" custom="readingOrder {index:6;}">
                <Coords points="3631,1806 4237,1705 5068,1788 5336,1694 6192,1741 6261,1556 4788,1549 4411,1632 4186,1549 4012,1651 3635,1567"/>
                <Baseline points="3652,1730 3670,1724 3759,1724 3849,1724 3938,1718 4028,1712 4118,1706 4207,1700 4297,1700 4386,1700 4476,1694 4565,1688 4655,1694 4744,1694 4834,1694 4923,1694 5013,1694 5102,1688 5192,1688 5281,1688 5371,1688 5460,1688 5550,1683 5639,1683 5729,1683 5818,1683 5908,1683 5997,1683 6087,1688 6177,1688 6266,1694"/>
                <TextEquiv>
                    <Unicode>As wäre.    des Sènes</Unicode>
                </TextEquiv>
            </TextLine>
            <TextLine id="tr_1_tl_8" custom="readingOrder {index:7;}">
                <Coords points="308,1843 2942,1792 2949,1640 1317,1629 961,1719 675,1607 312,1698"/>
                <Baseline points="328,1814 358,1808 447,1808 537,1808 626,1802 716,1796 805,1790 895,1784 984,1778 1074,1778 1163,1772 1253,1766 1342,1766 1432,1766 1521,1766 1611,1754 1700,1754 1790,1754 1879,1754 1969,1748 2059,1748 2148,1748 2238,1748 2327,1748 2417,1748 2506,1742 2596,1742 2685,1736 2775,1736 2864,1736 2954,1748"/>
                <TextEquiv>
                    <Unicode>de Civiel Hirbel telle ils</Unicode>
                </TextEquiv>
            </TextLine>
            <TextLine id="tr_1_tl_9" custom="readingOrder {index:8;}">
                <Coords points="5242,1788 5271,1781 5296,1799 5318,1777 5358,1774 5412,1792 5438,1785 5474,1803 5510,1792 5510,1723 5470,1716 5449,1694 5427,1709 5351,1694 5300,1730 5242,1727"/>
                <Baseline points="5263,1778 5353,1772 5442,1778 5514,1778"/>
                <TextEquiv>
                    <Unicode> Mr.</Unicode>
                </TextEquiv>
            </TextLine>
            <TextLine id="tr_1_tl_10" custom="readingOrder {index:9;}">
                <Coords points="3548,1973 3965,1919 4190,2024 5068,1890 6065,1948 6250,1836 4777,1752 3849,1872 3551,1799"/>
                <Baseline points="3568,1927 3574,1927 3664,1921 3753,1921 3843,1921 3932,1921 4022,1915 4112,1915 4201,1909 4291,1909 4380,1903 4470,1903 4559,1903 4649,1903 4738,1897 4828,1897 4917,1897 5007,1891 5096,1891 5186,1891 5275,1891 5365,1891 5454,1891 5544,1885 5633,1885 5723,1885 5812,1885 5902,1885 5992,1885 6081,1891 6171,1897 6260,1897"/>
                <TextEquiv>
                    <Unicode>das er irregt in Niewil gewinnen hatt.</Unicode>
                </TextEquiv>
            </TextLine>
            <TextLine id="tr_1_tl_11" custom="readingOrder {index:10;}">
                <Coords points="366,2046 2376,2006 2793,1897 3232,1970 3239,1806 370,1890"/>
                <Baseline points="387,1993 471,1993 561,1993 650,1987 740,1987 829,1981 919,1975 1008,1969 1098,1963 1187,1951 1277,1945 1366,1939 1456,1939 1545,1939 1635,1939 1724,1939 1814,1933 1903,1927 1993,1927 2082,1921 2172,1915 2261,1909 2351,1909 2440,1909 2530,1903 2620,1909 2709,1903 2799,1897 2888,1903 2978,1903 3067,1903 3157,1903 3246,1915"/>
                <TextEquiv>
                    <Unicode>bea werfe, ol witt de Cromt 1 Hubil</Unicode>
                </TextEquiv>
            </TextLine>
            <TextLine id="tr_1_tl_12" custom="readingOrder {index:11;}">
                <Coords points="3624,2187 3878,2122 4019,2213 4331,2115 5227,2216 5409,2097 5739,2075 6152,2166 6221,1988 5300,2006 5035,1919 4767,2046 4041,1941 3628,2053"/>
                <Baseline points="3646,2136 3718,2130 3807,2124 3897,2118 3986,2118 4076,2118 4165,2112 4255,2112 4344,2112 4434,2112 4523,2106 4613,2100 4702,2100 4792,2094 4881,2088 4971,2082 5060,2082 5150,2076 5240,2070 5329,2070 5419,2070 5508,2070 5598,2070 5687,2064 5777,2064 5866,2070 5956,2076 6045,2082 6135,2082 6224,2088"/>
                <TextEquiv>
                    <Unicode>bin silder sehr Bogen reillendst</Unicode>
                </TextEquiv>
            </TextLine>
            <TextLine id="tr_1_tl_13" custom="readingOrder {index:12;}">
                <Coords points="316,2213 1077,2227 1389,2118 1672,2220 2264,2111 2840,2166 3178,2133 3181,1966 323,2028"/>
                <Baseline points="340,2172 411,2178 501,2172 590,2172 680,2166 769,2160 859,2160 948,2148 1038,2142 1127,2136 1217,2124 1307,2118 1396,2112 1486,2106 1575,2112 1665,2106 1754,2100 1844,2094 1933,2088 2023,2088 2112,2082 2202,2076 2291,2076 2381,2082 2470,2082 2560,2082 2649,2082 2739,2082 2828,2088 2918,2088 3007,2088 3097,2100 3186,2094"/>
                <TextEquiv>
                    <Unicode>Sitmes with liep, weise, till...</Unicode>
                </TextEquiv>
            </TextLine>
            <TextLine id="tr_1_tl_14" custom="readingOrder {index:13;}">
                <Coords points="3653,2409 4796,2449 5035,2332 6033,2285 6130,2158 5739,2075 5615,2166 5398,2126 4868,2256 4085,2206 3943,2282 3664,2202"/>
                <Baseline points="3676,2333 3718,2327 3807,2333 3897,2333 3986,2327 4076,2327 4165,2321 4255,2327 4344,2327 4434,2327 4523,2327 4613,2321 4702,2315 4792,2309 4881,2309 4971,2297 5060,2297 5150,2285 5240,2285 5329,2279 5419,2273 5508,2267 5598,2261 5687,2249 5777,2238 5866,2238 5956,2244 6045,2244 6135,2249"/>
                <TextEquiv>
                    <Unicode>Espulin geweest in es, teilt hatt</Unicode>
                </TextEquiv>
            </TextLine>
            <TextLine id="tr_1_tl_15" custom="readingOrder {index:14;}">
                <Coords points="363,2398 1901,2267 2873,2303 3167,2271 3170,2191 2786,2235 2380,2122 1705,2231 370,2206"/>
                <Baseline points="381,2375 399,2369 489,2357 578,2351 668,2351 757,2345 847,2345 936,2339 1026,2327 1116,2321 1205,2315 1295,2309 1384,2303 1474,2303 1563,2303 1653,2285 1742,2279 1832,2267 1921,2267 2011,2261 2100,2261 2190,2261 2279,2255 2369,2249 2458,2255 2548,2255 2637,2261 2727,2261 2816,2267 2906,2267 2996,2261 3085,2261 3175,2273"/>
                <TextEquiv>
                    <Unicode>Touslimat, wa. L. Eber er,</Unicode>
                </TextEquiv>
            </TextLine>
            <TextLine id="tr_1_tl_16" custom="readingOrder {index:15;}">
                <Coords points="3624,2615 3802,2692 4172,2568 4440,2630 4723,2525 4952,2594 5438,2463 5931,2496 6022,2467 6036,2245 4462,2503 4273,2416 3638,2416"/>
                <Baseline points="3646,2572 3706,2560 3795,2554 3885,2554 3974,2548 4064,2548 4153,2542 4243,2542 4332,2536 4422,2536 4511,2530 4601,2524 4690,2518 4780,2506 4869,2500 4959,2494 5049,2488 5138,2476 5228,2470 5317,2470 5407,2464 5496,2452 5586,2446 5675,2434 5765,2423 5854,2423 5944,2429 6033,2429"/>
                <TextEquiv>
                    <Unicode>l'esgleich se verraisent</Unicode>
                </TextEquiv>
            </TextLine>
            <TextLine id="tr_1_tl_17" custom="readingOrder {index:16;}">
                <Coords points="337,2586 1382,2615 2753,2452 3156,2514 3192,2362 1984,2329 1324,2449 1077,2354 700,2488 341,2463"/>
                <Baseline points="358,2560 423,2560 513,2554 602,2548 692,2548 781,2542 871,2542 960,2530 1050,2524 1139,2518 1229,2518 1318,2512 1408,2512 1498,2506 1587,2500 1677,2494 1766,2488 1856,2482 1945,2476 2035,2476 2124,2464 2214,2464 2303,2458 2393,2458 2482,2452 2572,2452 2661,2452 2751,2452 2840,2452 2930,2458 3019,2458 3109,2458 3198,2464"/>
                <TextEquiv>
                    <Unicode>sous llein en de Welt. en kleur</Unicode>
                </TextEquiv>
            </TextLine>
            <TextLine id="tr_1_tl_18" custom="readingOrder {index:17;}">
                <Coords points="377,2771 715,2826 2924,2699 2956,2550 2594,2597 2314,2507 1447,2692 385,2619"/>
                <Baseline points="399,2751 453,2751 543,2751 632,2751 722,2751 811,2745 901,2745 990,2739 1080,2745 1169,2739 1259,2733 1348,2727 1438,2721 1527,2721 1617,2715 1706,2709 1796,2703 1885,2697 1975,2691 2064,2691 2154,2679 2244,2679 2333,2667 2423,2661 2512,2661 2602,2655 2691,2655 2781,2655 2870,2649 2960,2661"/>
                <TextEquiv>
                    <Unicode>Boulevent euer, en dem Ehert nich</Unicode>
                </TextEquiv>
            </TextLine>
            <TextLine id="tr_1_tl_19" custom="readingOrder {index:18;}">
                <Coords points="3642,2898 5053,2699 5579,2804 6134,2695 6475,2804 6482,2641 5209,2557 4843,2659 4545,2594 3649,2688"/>
                <Baseline points="3664,2799 3712,2793 3801,2781 3891,2775 3980,2769 4070,2769 4159,2763 4249,2751 4338,2745 4428,2733 4517,2733 4607,2721 4696,2715 4786,2709 4875,2709 4965,2703 5055,2691 5144,2685 5234,2685 5323,2679 5413,2673 5502,2679 5592,2679 5681,2673 5771,2673 5860,2679 5950,2679 6039,2679 6129,2685 6218,2691 6308,2703 6397,2727 6487,2733"/>
                <TextEquiv>
                    <Unicode>gutale : -te! - und holl es in je miede. -</Unicode>
                </TextEquiv>
            </TextLine>
            <TextLine id="tr_1_tl_20" custom="readingOrder {index:19;}">
                <Coords points="359,3000 903,3058 2579,2833 3062,2884 3076,2706 929,2913 377,2779"/>
                <Baseline points="381,2978 393,2978 483,2972 572,2972 662,2960 751,2960 841,2960 931,2954 1020,2954 1110,2948 1199,2942 1289,2942 1378,2936 1468,2930 1557,2924 1647,2918 1736,2912 1826,2900 1915,2894 2005,2882 2094,2876 2184,2864 2273,2858 2363,2846 2452,2846 2542,2834 2631,2828 2721,2822 2810,2816 2900,2810 2990,2810 3079,2810"/>
                <TextEquiv>
                    <Unicode>be been ackerte   all her it</Unicode>
                </TextEquiv>
            </TextLine>
            <TextLine id="tr_1_tl_21" custom="readingOrder {index:20;}">
                <Coords points="3609,3043 4280,2985 4455,3054 5002,2924 5354,3036 5808,2902 6174,2964 6181,2837 5844,2757 5717,2829 4839,2786 4027,2946 3617,2891"/>
                <Baseline points="3634,3013 3682,3007 3771,3007 3861,3001 3950,2996 4040,2990 4129,2990 4219,2978 4308,2972 4398,2960 4488,2948 4577,2942 4667,2942 4756,2942 4846,2936 4935,2930 5025,2924 5114,2918 5204,2912 5293,2912 5383,2912 5472,2906 5562,2900 5651,2906 5741,2900 5830,2894 5920,2894 6009,2894 6099,2894 6188,2906"/>
                <TextEquiv>
                    <Unicode>Wien... Die Künterge. Mon</Unicode>
                </TextEquiv>
            </TextLine>
            <TextLine id="tr_1_tl_22" custom="readingOrder {index:21;}">
                <Coords points="406,3196 1016,3272 1233,3156 3098,3036 3105,2927 417,3076"/>
                <Baseline points="429,3169 513,3175 602,3169 692,3169 781,3157 871,3157 960,3151 1050,3145 1139,3139 1229,3133 1318,3133 1408,3127 1498,3127 1587,3115 1677,3109 1766,3109 1856,3097 1945,3097 2035,3085 2124,3079 2214,3073 2303,3061 2393,3055 2482,3049 2572,3031 2661,3025 2751,3013 2840,3013 2930,3007 3019,3001 3109,2990"/>
                <TextEquiv>
                    <Unicode>in your coll; gleichzilt in; - un</Unicode>
                </TextEquiv>
            </TextLine>
            <TextLine id="tr_1_tl_23" custom="readingOrder {index:22;}">
                <Coords points="3609,3254 4505,3192 5205,3297 5615,3141 6134,3156 6145,2953 5815,2924 5615,3065 5162,3004 4923,3116 4719,3029 4368,3145 3929,3062 3617,3120"/>
                <Baseline points="3628,3234 3634,3234 3724,3228 3813,3228 3903,3216 3992,3210 4082,3204 4171,3198 4261,3192 4350,3186 4440,3186 4529,3186 4619,3181 4708,3181 4798,3175 4887,3175 4977,3175 5066,3163 5156,3151 5245,3151 5335,3151 5425,3145 5514,3139 5604,3139 5693,3133 5783,3121 5872,3121 5962,3121 6051,3121 6141,3127"/>
                <TextEquiv>
                    <Unicode>relle vor Schöne. Gefangen. Tr.</Unicode>
                </TextEquiv>
            </TextLine>
            <TextLine id="tr_1_tl_24" custom="readingOrder {index:23;}">
                <Coords points="363,3424 2093,3290 2271,3370 2550,3250 2993,3268 3127,3149 370,3316"/>
                <Baseline points="387,3383 447,3383 537,3383 626,3377 716,3371 805,3360 895,3354 984,3342 1074,3336 1163,3330 1253,3330 1342,3324 1432,3324 1521,3318 1611,3318 1700,3312 1790,3306 1879,3300 1969,3294 2059,3288 2148,3288 2238,3282 2327,3270 2417,3258 2506,3252 2596,3246 2685,3240 2775,3234 2864,3228 2954,3222 3043,3210 3133,3216"/>
                <TextEquiv>
                    <Unicode>in all it there on deese p.b.. in</Unicode>
                </TextEquiv>
            </TextLine>
            <TextLine id="tr_1_tl_25" custom="readingOrder {index:24;}">
                <Coords points="3584,3493 4070,3569 4679,3442 4941,3530 5655,3370 6305,3504 6312,3297 6022,3131 5521,3348 4730,3276 3588,3403"/>
                <Baseline points="3604,3473 3634,3467 3724,3455 3813,3455 3903,3455 3992,3443 4082,3431 4171,3425 4261,3425 4350,3419 4440,3413 4529,3413 4619,3407 4708,3401 4798,3401 4887,3401 4977,3401 5066,3395 5156,3389 5245,3389 5335,3389 5425,3383 5514,3377 5604,3366 5693,3366 5783,3371 5872,3360 5962,3366 6051,3366 6141,3371 6230,3371 6320,3377"/>
                <TextEquiv>
                    <Unicode>wie vor seil dazi weil... Viller</Unicode>
                </TextEquiv>
            </TextLine>
            <TextLine id="tr_1_tl_26" custom="readingOrder {index:25;}">
                <Coords points="388,3660 2597,3439 2927,3519 3149,3461 3160,3330 1759,3406 1357,3337 1023,3486 403,3472"/>
                <Baseline points="417,3604 477,3598 566,3598 656,3592 746,3586 835,3580 925,3574 1014,3562 1104,3557 1193,3551 1283,3539 1372,3539 1462,3539 1551,3533 1641,3533 1730,3527 1820,3527 1909,3521 1999,3515 2088,3503 2178,3497 2267,3485 2357,3479 2446,3455 2536,3443 2625,3431 2715,3425 2805,3419 2894,3419 2984,3419 3073,3431 3163,3443"/>
                <TextEquiv>
                    <Unicode>du lienest très de t leur kommet.</Unicode>
                </TextEquiv>
            </TextLine>
            <TextLine id="tr_1_tl_27" custom="readingOrder {index:26;}">
                <Coords points="3609,3653 4904,3707 5267,3584 6138,3609 6141,3468 3609,3573"/>
                <Baseline points="3628,3646 3640,3646 3730,3646 3819,3646 3909,3646 3998,3640 4088,3634 4177,3634 4267,3634 4356,3628 4446,3622 4535,3622 4625,3616 4714,3622 4804,3616 4893,3616 4983,3610 5072,3598 5162,3598 5251,3586 5341,3580 5430,3574 5520,3568 5610,3568 5699,3568 5789,3568 5878,3568 5968,3568 6057,3568 6147,3574"/>
                <TextEquiv>
                    <Unicode>over en un feit...... V. M.</Unicode>
                </TextEquiv>
            </TextLine>
            <TextLine id="tr_1_tl_28" custom="readingOrder {index:27;}">
                <Coords points="392,3849 1150,3845 1375,3740 1817,3823 2623,3638 3308,3725 3316,3569 2637,3573 2452,3475 1560,3660 1074,3591 907,3722 403,3675"/>
                <Baseline points="417,3795 453,3789 543,3789 632,3783 722,3777 811,3777 901,3777 990,3771 1080,3759 1169,3753 1259,3747 1348,3736 1438,3736 1527,3730 1617,3724 1706,3712 1796,3712 1885,3706 1975,3694 2064,3682 2154,3670 2244,3670 2333,3658 2423,3646 2512,3640 2602,3634 2691,3634 2781,3634 2870,3640 2960,3640 3049,3646 3139,3664 3228,3676 3318,3694"/>
                <TextEquiv>
                    <Unicode>kei andre fieder the votwendl</Unicode>
                </TextEquiv>
            </TextLine>
            <TextLine id="tr_1_tl_29" custom="readingOrder {index:28;}">
                <Coords points="2111,3827 2140,3831 2206,3794 2213,3805 2235,3802 2253,3816 2332,3805 2336,3736 2303,3733 2278,3700 2256,3689 2238,3689 2220,3707 2180,3693 2155,3715 2118,3704"/>
                <Baseline points="2136,3789 2166,3783 2255,3777 2345,3777"/>
                <TextEquiv>
                    <Unicode>elir</Unicode>
                </TextEquiv>
            </TextLine>
            <TextLine id="tr_1_tl_30" custom="readingOrder {index:29;}">
                <Coords points="3584,3958 4342,3856 4774,3950 5459,3816 6341,3871 6341,3751 6112,3682 5086,3791 4161,3696 3588,3798"/>
                <Baseline points="3604,3879 3664,3873 3753,3867 3843,3867 3932,3861 4022,3861 4112,3855 4201,3849 4291,3849 4380,3843 4470,3843 4559,3837 4649,3843 4738,3843 4828,3837 4917,3837 5007,3831 5096,3831 5186,3825 5275,3819 5365,3819 5454,3813 5544,3807 5633,3807 5723,3807 5812,3807 5902,3807 5992,3807 6081,3801 6171,3801 6260,3801 6350,3795"/>
                <TextEquiv>
                    <Unicode>de Renemens ind t stelles fuer</Unicode>
                </TextEquiv>
            </TextLine>
            <TextLine id="tr_1_tl_31" custom="readingOrder {index:30;}">
                <Coords points="417,4056 2833,3871 3007,3950 3287,3907 3297,3744 3062,3678 2242,3852 428,3871"/>
                <Baseline points="441,4028 519,4028 608,4022 698,4022 787,4016 877,3998 966,3986 1056,3974 1145,3968 1235,3956 1324,3950 1414,3944 1503,3938 1593,3932 1683,3932 1772,3932 1862,3932 1951,3921 2041,3909 2130,3909 2220,3909 2309,3903 2399,3891 2488,3885 2578,3879 2667,3879 2757,3873 2846,3867 2936,3867 3025,3867 3115,3873 3204,3885 3294,3897"/>
                <TextEquiv>
                    <Unicode>Und sait wird ct. Eine Teufel.</Unicode>
                </TextEquiv>
            </TextLine>
            <TextLine id="tr_1_tl_32" custom="readingOrder {index:31;}">
                <Coords points="3580,4139 4792,4114 5205,4012 6221,4085 6272,3903 5630,3932 5293,3827 4886,3983 4338,3900 4230,3979 3588,3968"/>
                <Baseline points="3604,4094 3682,4082 3771,4076 3861,4070 3950,4070 4040,4070 4129,4070 4219,4064 4308,4058 4398,4058 4488,4052 4577,4052 4667,4046 4756,4046 4846,4040 4935,4028 5025,4010 5114,4004 5204,4004 5293,4010 5383,4004 5472,4010 5562,4004 5651,4004 5741,4004 5830,4004 5920,3998 6009,3998 6099,4004 6188,4010 6278,4022"/>
                <TextEquiv>
                    <Unicode>ian ousdob monde. Ville it. halt</Unicode>
                </TextEquiv>
            </TextLine>
            <TextLine id="tr_1_tl_33" custom="readingOrder {index:32;}">
                <Coords points="889,4085 921,4092 976,4063 1023,4092 1034,4081 1077,4099 1125,4095 1172,4063 1215,4059 1237,4081 1273,4074 1277,3998 1186,4027 1157,4012 1146,4023 1103,4008 1077,4016 1063,3998 1023,3990 987,4008 969,4001 921,4034 892,4023"/>
                <Baseline points="913,4058 925,4064 1014,4058 1104,4052 1193,4046 1283,4040"/>
                <TextEquiv>
                    <Unicode>Wm.</Unicode>
                </TextEquiv>
            </TextLine>
            <TextLine id="tr_1_tl_34" custom="readingOrder {index:33;}">
                <Coords points="424,4255 3149,4132 3181,3925 432,4193"/>
                <Baseline points="447,4243 495,4243 584,4243 674,4237 763,4231 853,4225 942,4219 1032,4207 1122,4201 1211,4195 1301,4183 1390,4171 1480,4165 1569,4159 1659,4159 1748,4153 1838,4147 1927,4141 2017,4135 2106,4129 2196,4123 2285,4112 2375,4106 2464,4100 2554,4094 2643,4088 2733,4082 2822,4082 2912,4076 3001,4076 3091,4076 3181,4100"/>
                <TextEquiv>
                    <Unicode>"We had it in dirge befft... wel</Unicode>
                </TextEquiv>
            </TextLine>
            <TextLine id="tr_1_tl_35" custom="readingOrder {index:34;}">
                <Coords points="4299,4146 4436,4208 4534,4161 4868,4175 5071,4117 5336,4110 5419,4153 5517,4135 5521,4030 5398,4074 5234,4008 4944,4023 4806,4110 4578,4056 4302,4114"/>
                <Baseline points="4320,4141 4362,4147 4452,4153 4541,4147 4631,4147 4720,4141 4810,4135 4899,4118 4989,4118 5078,4112 5168,4106 5257,4100 5347,4106 5436,4106 5526,4100"/>
                <TextEquiv>
                    <Unicode>ufel on te Heim</Unicode>
                </TextEquiv>
            </TextLine>
            <TextLine id="tr_1_tl_36" custom="readingOrder {index:35;}">
                <Coords points="522,4157 570,4168 584,4190 624,4201 675,4164 733,4212 751,4212 784,4183 809,4186 816,4074 765,4059 755,4066 711,4027 660,4027 530,4070"/>
                <Baseline points="543,4153 549,4147 638,4141 728,4135 817,4129"/>
                <TextEquiv>
                    <Unicode>Aby</Unicode>
                </TextEquiv>
            </TextLine>
            <TextLine id="tr_1_tl_37" custom="readingOrder {index:36;}">
                <Coords points="3591,4219 3696,4186 3722,4212 3939,4186 4023,4259 4088,4277 4179,4193 4233,4190 4237,4114 4128,4117 4066,4077 3965,4099 3929,4081 3787,4135 3744,4110 3595,4135"/>
                <Baseline points="3616,4183 3706,4177 3795,4171 3885,4159 3974,4159 4064,4159 4153,4159 4243,4153"/>
                <TextEquiv>
                    <Unicode>de an</Unicode>
                </TextEquiv>
            </TextLine>
            <TextLine id="tr_1_tl_38" custom="readingOrder {index:37;}">
                <Coords points="3559,4324 4505,4382 4991,4291 6221,4393 6228,4197 5753,4059 5031,4215 4679,4146 3562,4226"/>
                <Baseline points="3580,4308 3640,4303 3730,4297 3819,4291 3909,4285 3998,4285 4088,4285 4177,4279 4267,4279 4356,4273 4446,4273 4535,4267 4625,4261 4714,4267 4804,4267 4893,4261 4983,4261 5072,4261 5162,4255 5251,4249 5341,4237 5430,4231 5520,4225 5610,4213 5699,4213 5789,4207 5878,4213 5968,4219 6057,4213 6147,4213 6236,4231"/>
                <TextEquiv>
                    <Unicode>at er ritt planis de Stor</Unicode>
                </TextEquiv>
            </TextLine>
            <TextLine id="tr_1_tl_39" custom="readingOrder {index:38;}">
                <Coords points="392,4502 925,4527 2503,4302 3210,4346 3228,4124 2394,4241 1988,4190 1063,4368 406,4295"/>
                <Baseline points="417,4464 447,4458 537,4446 626,4446 716,4446 805,4446 895,4440 984,4440 1074,4428 1163,4422 1253,4404 1342,4398 1432,4392 1521,4386 1611,4374 1700,4368 1790,4368 1879,4368 1969,4356 2059,4350 2148,4338 2238,4326 2327,4314 2417,4308 2506,4297 2596,4291 2685,4291 2775,4291 2864,4285 2954,4279 3043,4285 3133,4291 3222,4303"/>
                <TextEquiv>
                    <Unicode>wulze.. jusitue at in ce hatt Vorl</Unicode>
                </TextEquiv>
            </TextLine>
            <TextLine id="tr_1_tl_40" custom="readingOrder {index:39;}">
                <Coords points="2245,4473 2543,4426 2619,4473 2666,4436 2717,4455 2826,4422 3098,4465 3123,4458 3123,4317 3033,4320 2975,4368 2764,4302 2652,4328 2608,4299 2532,4346 2427,4306 2365,4368 2245,4368"/>
                <Baseline points="2267,4428 2327,4410 2417,4410 2506,4410 2596,4404 2685,4404 2775,4410 2864,4410 2954,4410 3043,4416 3133,4416"/>
                <TextEquiv>
                    <Unicode>wisselt wol</Unicode>
                </TextEquiv>
            </TextLine>
            <TextLine id="tr_1_tl_41" custom="readingOrder {index:40;}">
                <Coords points="3595,4578 4683,4589 4908,4494 5013,4574 5550,4473 6334,4531 6337,4422 5884,4335 5086,4440 4814,4338 4433,4436 3602,4378"/>
                <Baseline points="3616,4535 3658,4529 3747,4511 3837,4511 3927,4517 4016,4511 4106,4511 4195,4517 4285,4511 4374,4517 4464,4505 4553,4505 4643,4505 4732,4494 4822,4494 4911,4494 5001,4494 5090,4488 5180,4482 5269,4482 5359,4470 5448,4452 5538,4452 5627,4452 5717,4446 5806,4446 5896,4452 5986,4458 6075,4470 6165,4470 6254,4476 6344,4494"/>
                <TextEquiv>
                    <Unicode>wieder gut si moch - -</Unicode>
                </TextEquiv>
            </TextLine>
            <TextLine id="tr_1_tl_42" custom="readingOrder {index:41;}">
                <Coords points="1281,4618 2895,4505 3257,4582 3330,4567 3337,4440 2274,4484 1962,4389 1288,4451"/>
                <Baseline points="1299,4613 1372,4583 1462,4571 1551,4565 1641,4565 1730,4553 1820,4553 1909,4553 1999,4547 2088,4541 2178,4535 2267,4529 2357,4523 2446,4517 2536,4505 2625,4505 2715,4505 2805,4505 2894,4505 2984,4505 3073,4505 3163,4505 3252,4511 3342,4517"/>
                <TextEquiv>
                    <Unicode>His tabes  be y geicarnt</Unicode>
                </TextEquiv>
            </TextLine>
            <TextLine id="tr_1_tl_43" custom="readingOrder {index:42;}">
                <Coords points="1277,4676 1821,4647 2057,4738 2216,4629 2427,4650 2550,4603 2452,4527 2289,4520 2147,4589 2097,4556 1400,4607 1281,4574"/>
                <Baseline points="1299,4613 1307,4625 1396,4637 1486,4637 1575,4643 1665,4643 1754,4643 1844,4637 1933,4637 2023,4631 2112,4625 2202,4625 2291,4619 2381,4613 2470,4601 2560,4601"/>
                <TextEquiv>
                    <Unicode>I will be forl sche</Unicode>
                </TextEquiv>
            </TextLine>
            <TextLine id="tr_1_tl_44" custom="readingOrder {index:43;}">
                <Coords points="497,4712 559,4716 682,4647 758,4712 863,4661 1056,4629 1248,4669 1288,4647 1295,4498 1201,4538 1103,4534 994,4600 827,4571 686,4505 508,4505"/>
                <Baseline points="519,4661 578,4655 668,4649 757,4643 847,4637 936,4631 1026,4631 1116,4625 1205,4625 1299,4613"/>
                <TextEquiv>
                    <Unicode>kommen?</Unicode>
                </TextEquiv>
            </TextLine>
            <TextLine id="tr_1_tl_45" custom="readingOrder {index:44;}">
                <Coords points="3631,4719 4447,4738 4661,4868 5140,4687 5463,4799 6457,4846 6428,4563 5419,4632 4908,4494 4799,4596 3628,4574"/>
                <Baseline points="3652,4679 3742,4673 3831,4679 3921,4679 4010,4684 4100,4690 4189,4690 4279,4690 4368,4690 4458,4684 4547,4684 4637,4690 4726,4684 4816,4684 4905,4679 4995,4684 5084,4684 5174,4684 5263,4684 5353,4684 5442,4690 5532,4690 5621,4690 5711,4696 5801,4702 5890,4708 5980,4708 6069,4714 6159,4714 6248,4720 6338,4726 6427,4744 6463,4744"/>
                <TextEquiv>
                    <Unicode>to hatt &amp; west or him. mit</Unicode>
                </TextEquiv>
            </TextLine>
            <TextLine id="tr_1_tl_46" custom="readingOrder {index:45;}">
                <Coords points="2050,4785 2224,4792 2307,4734 2409,4756 2463,4723 2608,4777 2673,4738 2964,4777 2967,4618 2771,4600 2648,4632 2554,4592 2430,4647 2053,4650"/>
                <Baseline points="2070,4738 2076,4732 2166,4714 2255,4708 2345,4708 2434,4702 2524,4702 2614,4702 2703,4702 2793,4696 2882,4696 2972,4702"/>
                <TextEquiv>
                    <Unicode>dar in ite</Unicode>
                </TextEquiv>
            </TextLine>
            <TextLine id="tr_1_tl_47" custom="readingOrder {index:46;}">
                <Coords points="482,4850 1393,4777 1875,4864 1944,4843 1952,4690 1516,4650 1407,4690 1273,4643 900,4719 675,4654 490,4716"/>
                <Baseline points="501,4846 525,4840 614,4828 704,4822 793,4810 883,4804 972,4798 1062,4786 1151,4786 1241,4762 1330,4762 1420,4768 1509,4768 1599,4768 1688,4768 1778,4762 1868,4762 1957,4762"/>
                <TextEquiv>
                    <Unicode>de dieue Kerl.....</Unicode>
                </TextEquiv>
            </TextLine>
        </TextRegion>
    </Page>
</PcGts>
