7176 4632
5984 183 6245 403 120
6114 629 6316 843 144
2899 765 3082 976 143
4250 781 6136 1050 die er für seinen Teil schuldig war.
4275 951 4541 1081 cunme
901 997 3166 1177 Beteiligten möchte er lieber verschweigen,
4668 963 6372 1224 „Elftausend Gulden, das ist viel",
4250 1050 4721 1211 mental,
691 1146 3178 1326 mit Ausnahme desjenigen, der sein Gläubiger
4203 1174 5972 1372 sagte Robert Wilram sehr sachlich.
4250 1273 4405 1372 G.C.H.F.P.F:
6068 1236 6341 1378 sixed
991 1279 3163 1453 geworden sei,ein Grosskaufmann, ein südame-
4680 1289 6502 1499 „Ich weiss „erwiderte Willy, „es ist
4017 1372 4578 1530 asb. Moskke
5672 1406 5938 1512 ebels.
1010 1406 3197 1608 rikanischer Konsul, ein gewisser Herr Schna
4197 1428 6288 1663 ein kleines Vermögen. Ich will mich nicht
5606 1546 6703 1673 es ist ici une uti-té. Le M
1016 1570 3144 1766 bel, der morgen Früh nach Amerika råse und
4244 1623 6505 1809 rechtfertigen,will nichts beschönigen, ich
1016 1732 3153 1920 ihm mit der Anzeige ans Regimentskommando
4197 1710 6347 1961 kann nichts anderes tun, als dir schwören,
1010 1896 3063 2044 gedroht habe, wenn die Schuld bis heute
4197 1893 6384 2116 Onkel, dass ich in meinem ganzen Leben keine
1007 2016 3246 2205 Abend nicht beglichen sei. Du weisst, Onkel,
4237 2016 6403 2264 Karte mehr anrühren, dass ich mich bemühen
1022 2205 3057 2360 was das zu bedeuten hat,schloss er und
4179 2184 6307 2366 werde durch ein streng solides Leben dir
973 2345 3101 2512 gank wie ermüdet auf dem Diwan nieder.Der
4231 2320 6443 2493 meine ewige Dankbarkeit zu beweisen, ja ich
1031 2503 3212 2642 Onkel, immer noch stehend, den Blick unbeweg
4188 2481 6356 2726 bin bereit... ich... erkläre feierlich xxx
1028 2651 3249 2825 lich auf die eigenen Fussspitzen gerichtet,
4191 2633 6520 2884 jeden Anspruch für später, der mir etwa durch
1022 2806 3224 2977 fragte: „Um wieviel handelt es sich denn?
4191 2782 6434 2967 unsere Verwandtschaft erwachsen könnte, ein
1056 2983 3163 3125 -Einen Augenblick lang dachte Willyzu der
4191 2933 6545 3125 für alle Mal aufzugeben, wenn du diesmal etc.
960 3119 3067 3283 Suime die tausend Gulden dazuzuschlagen,
4662 3073 6480 3274 Nachdem Robert Wilram bisher beina-
4160 3224 6080 3327 seuil avec elle de l'autre
966 3246 3122 3429 durch die Bogner vielleicht gerettet sein
4191 3259 6545 3435 he teilnahmslos geblieben, benäejtigte sieh ei
4352 3395 6536 3525 allum und ein schönes heimt + gerecht
1010 3395 3122 3590 könnte. Dann aber überlegte er, dass Bogner
4185 3463 6421 3593 jetzt seiner eine immer grössere Unruhe.Er
5145 3547 5442 3652 Terer
960 3587 3175 3739 wahrscheinlich doch schon verloren sei und
4231 3550 6492 3714 war vom Fenster aus zum Schreibtisch gegan-
948 3717 3271 3931 dass gerade der kleine Mehrbetrag den Erfolg
4179 3729 6449 3909 gen, hatte sich niedergesetzt, erhob erst die
4042 3869 6347 4011 einem xxx Jnoim. Teige meh xxxm rüd xxxx
914 3866 3082 4070 seiner eigenen Anleihe in Frage stellen
979 4033 3159 4234 könnte. Und so nannte er gleich die Summe,
