7080 4456
2741 718 2933 868 191
952 820 3180 1042 Das musste ihr klar sein. Es gab keine Her¬
970 1042 1342 1141 Köllen.
928 1069 2966 1270 zenssache von Bedeutung in seinem Leben.
1901 1123 3063 1246 weil uns der... wie ein komt
895 1183 1456 1300 anamnes.
982 1216 3102 1438 Er lebte im Grunde recht allen. Und er wag
973 1342 1231 1450 G.H.F.P.
658 1294 880 1462 G.C.F.F:P:
925 1330 3002 1588 te nun seinerseits eine bescheidene An-
649 1438 916 1633 G.H.F.P.
943 1507 3141 1732 spielung auf ihr Herz.Er vermied es den äl-
937 1660 3165 1877 teren Herrn zu erwähnen,mit dem sie verhei-
715 1750 883 1964 oie
943 1823 3126 2042 ratet und der sein onkel war.gr vermied es
676 1925 880 2111 e.e.
943 1982 3051 2201 auch von vergangenen Zeiten zu reden, vom
955 2120 3156 2354 Rona ch er oder gar von Hornigg oder von dem
1841 2213 2741 2339 Bouer. veut de Jahres
949 2270 3057 2501 arsmseligen Hotel, n das er sie, nein, sie
949 2420 3186 2627 ihn ge führt hattej-es war ein Gespräch zwi-
997 2567 3060 2801 schen einem etwas schüchternen Leutnant
973 2741 3180 2960 und einer jungen verheirateten Frau aus an-
955 2861 3111 3093 ständiger Gesellschaft, die beide allerlei
982 3024 2903 3270 vone inander wugten,redht verfängliche
973 3162 3198 3423 pinge beide, die aber beide nicht daran rüh-
985 3342 3267 3570 ren wollten, um die Stimmung nicht zu gefähr-
1015 3453 3072 3726 den. (Freilich, ihr konnte nicht viel ge-
1892 3606 2048 3714 ne
967 3636 3234 3876 schehen, was immer er gesagt hätte; aber wer
1027 3783 3228 4029 stand dafür ein, dass nicht sie, wenn er un-
976 3945 3306 4179 vorsichtig eine Bemerkung wagte, die ihr nicht
6038 438 6296 579 sos
4240 679 4690 814 geuebn me
6059 622 6275 823 192
4249 694 6401 955 pässte, sich einfach erheben würde und da¬
4191 928 6356 1099 vongehen mit ihren - mit seinen elftausend
4204 1027 6506 1261 Gulden. (So ging die Unterhaltung - immer harm-
6017 1228 6482 1393 you have
4188 1180 6335 1417 los weiter. Frau Wilram schien sich recht
4185 1345 6383 1597 beh g lich zu fühlen ganz unwillkürlich, sie
4228 1516 6476 1720 merkte es wohl selbst nicht, hatte sie ihren
4216 1669 6512 1871 Flo entinerhut abgenommen und auf den Tisch
4173 1774 6353 2009 vor sich hingelegt. Sie trug wohl noch die
4167 1964 6407 2168 gleiche glatte Frisur die am Vormittag, aber
4194 2117 6461 2315 seitlich rechts hatten sich ein paar Locken
4942 2264 5576 2390 Hengel schlaf
6338 2282 6575 2423 or from
4161 2276 6461 2465 gelöst und fielen zur Stirne hin,was nun den
4213 2426 6461 2627 Wüschelkopf von einst. in Erinnerung brachte
3840 2459 4083 2636 end
4155 2561 4576 2747 se me même
4621 2588 6236 2792 Allmählig begann es zu dunkeln.
4155 2720 6284 2912 Willy überlegte, ob er die Lampe anzünden
4038 2837 6374 3048 sollte, die in der Nische des weissen Ofens
4642 2975 4972 3078 welff in
4026 2990 6269 3189 stand;da nahm sie ihren gut wieder. Es sah
4071 3186 6416 3372 zuerst aus, als hätte das weiter keine Bedeu¬
3990 3345 6404 3555 tung. Denn eben erzählte sie heiter von einem
3987 3495 6263 3681 Ausflug, den sie voriges Jahr gerade auch
4014 3654 6389 3813 adon Baden aus xxx über Siegenfeld und Heiligen
4044 3798 6233 4029 kreuz untenommen(hatf.) Und er wollte sich
4059 4029 5302 4270 Geschädigt ist werden.
