7112 4504
3859 575 4280 746 25/4.1924.
4310 719 6514 975 waren die fünfhuddert. Wili schüttelte den
4867 876 6071 1017 nicht mit recht worden.
3007 840 3188 1032 Myn
1219 858 2947 1147 4. Rerb in dis lernen so das befür 86
4277 885 6502 1111 Kopf, als wäre das ein höchst seltsamer Vor-
5370 1060 6487 1189 n'est doute : Mie rut, il das h
4277 1026 6237 1312 fall. Den Rest“, sagte er er gustierte
864 1017 2974 1285 opée und Kappe Wortlos deckte der Konsul
4274 1207 6381 1460 langsam. Acht. Und der Konsul: „Neun“.Fort
861 1258 2908 1376 seine Karte auf. Neun. Niemand sprach es
4723 1303 5183 1430 frucht – hat
4262 1379 6411 1610 waren die Tausend. Wie war das nur geache-
2194 1330 3043 1526 s Wort durch die
861 1382 2203 1520 aus und irgendwie klang da
1613 1475 2197 1601 in vell Teidj
4530 1445 5168 1574 all first I am
2429 1478 2649 1556 me
5322 1493 5791 1616 nein.
4244 1523 6514 1746 hen? Wien Ha, da sass er nun als armer Teu¬
873 1511 2977 1683 Luft. Will fühlte es feucht auf der Stirn.
4244 1686 6664 1851 fel wie vorher-mit hundertzwanzig Gulden.
864 1655 2998 1881 Donnerwetter, ging das geschwind. „Ha, Ammer-
4461 1764 4979 1878 n'est pas
5051 1779 5927 1917 it in them to be
4187 1794 6444 2029 Etwas komisch wahrhaftig. nnd drausen sangen
864 1836 3022 2065 hin - ah, er hatte sogar noch mehr als tau¬
4208 1981 6297 2209 schon die Vögel. Ja nun musste er leider
885 1947 3040 2182 send, um weeviel reicher war er noch immer
4672 2059 5472 2203 - du dune fald
4208 2128 6273 2357 aufhören, obzwar noch eine Viertelstunde
879 2128 3007 2345 als heute Mittag darer aus dem BadenerZug
1655 2224 2546 2339 Heer (but he in most
4196 2282 6441 2510 Zeit war.Was für pech. In einer Viertelstun-
885 2254 3058 2516 ausgestiegen war. Nun es zwang ihn xxxxx
1821 2396 2005 2483 lew
4199 2423 6249 2661 de konnte man gerade so gut fünftausend
900 2441 2860 2655 ja auch nicht die ganzen Tausend aufs
4181 2552 6098 2841 Gulden gewinnen, als man sie verloren
876 2558 2977 2805 Spiel zu setzen. Man konnte ja wieder mit
2444 2670 2896 2772 Rég sur lui
879 2727 3046 2941 hundert oder zweihundert anfangen.Nur lei-
4160 2712 6273 3007 hatte. „Herr Leutnant“, sagte der Konsul.
891 2847 3016 3106 der, wes war so wenig Zeit mehr, kaum zwan-
4175 2899 6261 3148 „Bedauere sehr“,erwiderte Will mit einer
888 3064 3070 3266 zig Minuten. Walches Schweigen ringsum. Herr
4166 3034 6255 3299 hellen schnarrenden Stimme und wies vor
4145 3127 4521 3233 de bien
4690 3164 5743 3284 Mr Elizu Caille pour
894 3133 2977 3416 Leutnant, fragte der Konsul.-„Ach ja“.Er
4145 3242 6246 3449 sich hin Da lagen nur ein jaar armselige
3826 3206 4051 3341 G.S.
912 3344 3028 3567 lachte und bog den Tausender in der Mitte
4124 3353 6294 3597 Banknoten zu fünf und zehn Gulden.Und als
4298 3443 4527 3549 men
894 3501 3088 3729 um. „Die Hälfte“. Auch die Andern setzten der
4133 3468 6348 3750 wäre es ein Witz setzte er zehn Gulden auf
1857 3609 3004 3717 es u de Hing de Auftrag
894 3675 2989 3865 Form wegen, aber alles sah schon nach Auf-
4121 3615 6336 3934 sein Blatt und gewann.Dann zwanzig.Und ger
906 3787 3058 4030 bruch aus. Nicht alle sassen.) Wimmer zum Bei-
4109 3781 6095 4079 wann wieder.Und fünfzig und gewann. Das
3127 3787 3311 3967 am
2688 3880 3082 3988 myst lebet
605 3928 786 4079 -:0v
3145 3919 3356 4079 all
912 3976 3076 4223 spiel stand mit umgehängtem Mantel da Fort
4088 3967 6104 4160 Blut stieg ihm zu Kopf, er hätte weinen
2580 4103 2947 4256 to him jr
4280 4103 5918 4334 glück. Und die Tausend wandert...
