7176 4536
6312 180 6603 386 2 1.1.
4224 253 4540 389 1 in 1
6141 465 6346 664 206
2588 636 2857 794 2 05
4126 576 6369 800 umwandte überfiel ihn eine Seham,wie er sie
5790 762 6220 883 Nul it is
715 810 3002 1019 Klinke in die Hand. Er war wie unter einem
4119 797 6245 978 niemals noch verspürt. Aber nun war es zu
702 984 2949 1180 Alpdrugk, wollte rufen, vermochte es nicht,
4126 952 6258 1107 spät,unaufhaltsam stürzte es von seinen
743 1114 3047 1319 wollte aufstehen, wollte ihr nach, sie zurück-
4132 1082 6242 1281 Lippen. Sei nicht bös, Leopoldine, du hast
1215 1259 1981 1367 sutile en bueil et
4119 1262 6574 1414 mich gestern wahrscheinlich missverstanden. Z-
721 1275 3151 1509 halten, ihr über die Treppe nachlaufen im Hem
724 1433 2920 1604 wie er einmal in einem öffentlichen Hause
4078 1373 6274 1620 Nicht eintausend, elftausend. Unwillkürlich
759 1591 3012 1784 eine Dirne einem Herrn hatte nachlaufen se-
4119 1563 6280 1724 zog er die Bettdecke tiefer über die Knie
1895 1705 2079 1803 Cot
788 1689 3091 1943 hen, der ihr die Liebeszeche schuldig geblie-
4132 1702 4461 1908 herab
4423 1822 6365 2031 sie blickte ihn zuerst scheinbar ver-
800 1936 1436 2104 ben war.
449 1908 718 2164 212
1209 2009 3180 2243 Doch plötzlich blieb sie stehen,wandte
4119 2031 6277 2202 stännislos an. Dann (erst) öffnete sie die
5021 2145 5492 2243 me for us sub¬
810 2164 3113 2408 sich wieder um,griff mit zwei Fingern in den
4113 2173 6460 2329 Augen weit, als besänne sie sich (eben. „Ach so,
2376 2284 2765 2379 Bal hil
823 2341 3145 2537 Ausschnitts ihres Kleids. Ich hätte wirklich
4056 2291 6290 2484 du dach teste -und dann, mit einem Blick auf
5824 2436 6312 2531 Lomif hat.d
2082 2449 2408 2559 bestest
819 2442 2936 2689 bald ergessen", sagte sie und liess eine
4065 2461 6365 2613 die Banknote, den Kopf schüttelnd: „Das da hat
804 2597 3148 2870 Banknote auf den Tisch gleiten. „Adieu,Schatz"
4113 2607 6312 2771 keinen Bezug. Deine Spielschulden kann ich
4315 2756 4527 2851 and
867 2781 3167 2996 und war schon wieder bei der Tür und drückte
4005 2771 6340 2987 dir unmöglich zahlen. Mein Advokat ist auch
4107 2901 6432 3100 der Meinung.) Die tausend Gulden da, die gehö-
823 2990 1788 3154 die Klinke nieder.
1240 3069 3189 3281 Willy(starrte auf die Banknote),sprang
4122 3072 6312 3262 ren dir, die sind nicht geliehen Die sind /
2525 3183 3173 3293 miscieren thint
895 3271 3151 3464 unwillkürlich aus dem Bett und sass auf dem
4113 3237 6271 3423 für die verflas sene Nacht, mein Schatz.
1534 3350 3325 3483 und statt auf die Rankwoll. Es man wenn ein
876 3426 2942 3610 Rand (mit m okten Beinen) Es war nur eine
4502 3379 6555 3604 Die peekeglitt von Willys Füssen.Er
2018 3518 2563 3635 Rohar geb in
835 3562 3056 3790 Banknote. Kein Zweifel. Ein Tausender war es
4119 3547 6657 3721 stieg stadd aufrecht da, das Blut stieg ihm keinen
895 3679 3100 3952 undnicht mehr. „Leopoldine“, rief er beinahe
4103 3689 6305 3869 in die stirne. Sie blickte ihn unbeugt, wie
1534 3815 3021 3948 was in a une nouvelle ont
845 3888 3202 4103 wider Willen. Und als sie sich nach ihm wieder
1544 4015 1715 4167 mir
