7128 4504
1118 782 3274 1012 spital besuchen, der hier ein altes rheuma¬
1078 941 3062 1159 tisches Leiden auskurierte. (Auch hiezu
1081 1087 3115 1296 älächelte der Rechtsanwalt ironisch). Ob
1081 1246 3149 1448 denn dieser pesuch den ganzen Nabhmittag
2149 1355 3380 1511 He drei kann. Er zu möchte unbedeut
1081 1473 3327 1657 in Anspruch nehme? Nun, jedesfalls würde
1125 1567 3215 1776 man sich freuen, wenn er sich feei machen
1093 1713 2962 1922 könne, ihn gegen Abend wiederzusehen.
1093 1866 3184 2084 Bis gegen secha bleibe man jedesfalls zu
2595 2000 3149 2103 in hoffe men
1146 2065 3190 2255 hause. Und wenn nicht heute, viellächt an
2576 2124 3411 2271 du voyage si la tes
1146 2237 3252 2430 einem der nächsten sonntage die Herr Kes-
1106 2358 1729 2561 ser meinte.)
1667 2448 3308 2666 Aka er das raus verliess,fuhren
1171 2623 3212 2822 eben zwei elegante junge Herren im Fia¬
1093 2775 3143 2978 ker vor, was Willi peinlich berührte. Was
2751 2919 3165 3043 Sceisligt.
1847 2956 2100 3075 erein
1224 2962 1505 3081 du d
1115 2947 3221 3168 konnte alles passieren,während er im Kal
1121 3093 3171 3299 foehaus für einen entgleisten Kameraden
2062 3258 2442 3358 our in
1184 3246 3274 3495 tausend Gulden gewinnen sollte. Ob esnicht
1311 3433 1579 3539 préder
1115 3395 3165 3613 das Klügste wäre, sich auf die Sache gar
1118 3560 3096 3778 nicht einzulassen und in einer halden
1125 3707 3246 3937 Stunde, nachdem man angeblich den kranken
1115 3869 3215 4090 Freund besucht, wieder in den kühlen Gar-
1177 4050 3227 4261 ten zu den drei Grazien zurückzukehren.
3934 455 4386 673 27/3. 1924.
4065 692 5947 906 Monsieur, dudit estela as
6015 676 6202 860 37
5180 825 5464 953 him of
4230 819 6299 1112 Die gewinnohancen im partenspiel, dachte
4193 1009 6439 1262 er lächelnd, waren ja ohnedies wieder erheb-
5573 1146 5890 1283 Hoben
4190 1190 6087 1396 lich gesunken. Andererseits konnte es
4906 1302 6109 1414 sich Inhalt einer Hände, in
4205 1333 6345 1614 auch glücken, die tausend Gulden zu gewin-
4196 1448 6703 1735 nen, ja vielleicht etwas mehr, so dass man
4009 1632 6495 1847 gadnt und xxxx weltgewandt den Damen
4426 1654 4919 1763 in der Last.
4701 1791 5140 1894 du R. J.
4230 1744 6292 2028 ein paar Blumen mitbringen konnte.- Von
4280 1894 6417 2146 einer Anschlagsäule starrte ihn ein gros-
4289 2059 6470 2305 ses gelbes Rennplakat entgegen/Es fiel ihm
4243 2218 6619 2458 ein, dass Winter in dieser Stunde schon bei
4426 2411 4934 2520 (in Reime)
4243 2371 6451 2651 der Arbeit war vielleicht schon auf eigene
4233 2526 6464 2754 Faust die nötige Summe gewonnen hatte. Und
5155 2670 6174 2794 Wie aber wenn Bosne
4261 2738 6249 2922 wenn es wirklich so wäre und Winter as
4501 2875 5280 2990 Dinn solcher Stätsel
4271 2832 6327 3062 ihm verschweigen würde, um noch überdies
4261 2997 6376 3215 die tausend Gulden zu bekommen, die Willi
4317 3146 6355 3374 dem Konsul Schnabel oder dem Regiments-
5015 3324 5607 3451 Blamen kathi
4324 3311 6401 3536 arzt Tugut abgeminnen marda.Nun ja,wenn
4277 3448 6411 3691 man einmal so tief gesunken war, dass man
4296 3598 6513 3847 in eine fremde Kasse griff...Mit den paar
4349 3775 6370 4046 Gulden war es doch keinesfalls getan.
4355 3900 6610 4155 in paar Monaten oder Wochen würde Hinter
5137 4187 5538 4358 „sich
