7144 4536
5976 212 6212 424 170
4263 493 6140 696 re  en étant il a été de He -
4988 654 5430 752 du titre.
6236 549 6460 761 154
4164 612 6322 869 weiter. Ja, willy dn weisst nichtsunddu
639 794 851 979 S###1
4170 833 6391 1045 wirst es hoffentlich nie erfahren, wohin ein
2695 839 2884 985 153
5197 970 5531 1087 Alte
800 982 2967 1242 bist verheiratet", rief Willy erstaunt aus.
4158 949 6260 1197 Manu. geraten kann, der alt. wird- und sich
5934 1075 6782 1251 geaure auchal keit
4110 1116 6280 1334 (doch nicht entschliessen) kann auf das zu
1113 1104 3042 1373 Der Onkel nickte. Eine neue Hoffnung
779 1316 2842 1487 glänzte in Willys Aug. „Aber wenn deine
4152 1254 6280 1519 verziehten, was halt der Jugend zukommt."
782 1442 2904 1642 Frau Gemahlin, deine eigene Frau Gemählin
4131 1454 6355 1672 Hm, so sich - versteh ungefähr, aber
797 1618 2952 1821 das geld hat, da müsste sich doch einModus
4125 1582 6230 1824 damit ist ja noch nichts gesagt —"
794 1779 2994 1940 finden lassen. Wenn du deiner Frau Gemahlin
4119 1725 6266 1949 „Alles ist damit gesagt“,erwiderte
800 1925 2158 2146 sagt „Onke, dass es sich” -
4137 1922 6451 2081 Robert Wilram kurz. Int unter by Miss, &
5821 2036 6645 2188 hoff wilt insgeb uit
1173 2030 3110 2263 Robert Wilram unterbrach ihn miteiner
4161 2054 4355 2194 3e7
4498 2057 6251 2278 Du bist vielleicht - ich kenne ja
812 2221 2988 2433 ungeduldigen, nicht misszuverstehenden Hand-
5421 2209 6394 2355 trois court d'ellères et
4098 2206 6355 2439 die Frau cemahlin nicht) aber es wäre ja doh
2549 2284 3370 2391 drie wilt wil - in
5558 2379 5991 2487 a rachte
1319 2385 3006 2552 „Wär alles vergeblich;dakönntest
4146 2370 6388 2630 möglich, dass sie nicht so hartherzig ist). wie
806 2436 1095 2600 beweg
1319 2492 1737 2594 il n'avante
806 2534 3057 2725 du ebenso gut - Er hielt inne,Willy auckte
4092 2519 6224 2734 du dir (aus mir unbekannten Gründen) einbi-
2227 2624 3006 2728 ploktent ive neves
821 2704 2952 2881 hilflos die Achseln, aber sein Beiben be-
4075 2663 4833 2839 dest, onkel.
5701 2710 6224 2881 bauernen
4895 2678 5477 2892 Der körti
472 2755 737 2916 at M
1212 2809 1507 2919 Stettin
5663 2827 6155 2955 myret
821 2794 2931 3045 wies, dass er die Hoffnung-noch nicht auf-
4331 2827 6313 3069 „Vor anderthalb Jahren“, sagte Robert
448 2878 734 2994 nitha
454 2967 767 3084 recht in
836 3006 2931 3188 zugeben gewillt war,und (um irgendwie neu
4063 2940 6158 3167 Wilram, habe ich ihr mein Vermögen über-
430 3051 761 3194 in cette
818 3164 3086 3319 anzuknüpfen bemerkte er: „Deine„FrauGemahlin
4054 3116 6266 3337 schrieben, freiwillig, Willy, freiwillig -und
409 3158 734 3295 jai dic
442 3242 2415 3424 ndl. Afferesse rheil, zur die trilben. Er seilen hat
839 3307 2627 3510 lebt wahrscheinlich nicht in Wien?
4048 3289 6451 3486 habe mit ihr ausgemacht, dass sie mir eine xxx
1373 3337 2931 3543 Wie kommt durch zu habe. xxx
779 3454 2925 3651 -Sie lebt in Wien, aber nicht mit
4045 3439 6116 3645 Rente ausbezahlt. Ich habe es eigentlich
812 3609 2967 3800 mir zusammen, wie du siehst“. Er erhob sich
4021 3555 6355 3821 mehr um meinetwillen getan als um ihretwillen
3937 3746 6185 3973 Denn ich bin ja nicht sehr haushälterisch
719 3752 2919 4000 wieder und ging in paar Malim Zinnerhin
1558 3872 2224 3982 mit een unterstorben,
2672 3907 2931 4092 mehr
788 3940 2639 4122 hund her. Dann/sagte er: Ja, ich habe
4003 3898 6131 4176 angelegt und es hat wirklich die Gefahr
2472 4012 2636 4092 1 bey
767 4075 2973 4313 vreloren als ein Porte-épée und lebe auh
