7128 4536
5966 255 6205 397 170
4327 283 4523 504 V.3.
4308 504 6491 738 zu sehen. Und das, das hätte ich.- ich
6436 424 6654 606 156
2657 593 2869 729 155
4231 609 6559 904 brauch sie halt, Willy, ich kann ohne sie
695 649 901 907 »&!
4204 787 6565 1055 nicht existieren. Alle acht Tage sehe ich
809 763 3063 966 betanden, wenn ich so weiterwirtschaften, dass
781 947 3001 1168 ich in drei, vier Jahren als einBettler da-
4293 932 6636 1190 sie, alle acht Tage kommt sie einmal zumir.
4259 1079 6682 1365 Ja, sie hält unseren Pakt,sie ist überhaupt
824 1101 2937 1279 stehe. Und - sie, sie ist sehr sparsam, das
821 1230 3041 1461 muss man ihr lassen und auch sehr geshäfts¬
4388 1261 6722 1531 das ordentlichste Geschöpf von der Welt.Noth
827 1424 3026 1624 tüchtig und hat das Gold vernünftiger ange
4446 1418 6664 1679 nie ist sie ausgeblieben und auch das Geld
830 1544 3035 1740 legt als ich es je getroffen hätte. Sie hat
4400 1571 6611 1805 war jeden ersten und fünfzehnten pünktlich
4388 1704 6405 1965 da In Sommer sind wir eine volle Woche
849 1710 3173 1937 es in irgendwelche Unternehmungen investiert,
4403 1842 6485 2149 irgendwo auf dem Land beisammen -das ist
830 1879 3097 2088 in die näheren Umstände bin ich nicht einge
4376 2023 6516 2272 auch in unserem Kontrakt -aber die übrige
852 2057 3001 2257 weiht, ich verstünde auch nichts davon.Die
4366 2165 6547 2411 Zeit, die gehört ihr. Da kann ich nichts da-
913 2152 2998 2340 Rente, die ich ausbezahlt bekomme,beträgt
913 2331 1162 2429 zw ölt
756 2340 3100 2528 stehe bei halb Perzent, je genau zwölfeinhalb
4348 2334 6645 2617 gegen tun, wenn ich nicht riskieren will, dass
4336 2451 6328 2706 es aus ist ein für alle Mal.
886 2466 2921 2691 (von meinem Vermögen/Also ich darf mich
5209 2626 5381 2715 welk
4443 2641 4671 2771 aab.
892 2605 3010 2841 nicht beklagen. Aber auch keinen Kreutzer
4782 2623 6418 2875 „Und du-besuchst sienie, Onkel?“
4253 2740 6387 3026 Aber freilich, willy. Am ersten
886 2795 3063 2983 mehr.Und jeder Versuch, den ich unternommen
818 2927 3023 3127 habe,ummehr zu bekommen,war uus onst. Nach
4320 2940 6476 3204 Weihnachtsfeiertag,am Ostersonntag und am
4081 3053 6559 3401 Pfingstmontag. Der ist heuer am achten Juni.
886 3118 3057 3324 dem zweiten versuch habe ich es wohlweis-
4124 3238 6559 3490 Und wenn du - verzeih Onkel-wenns
827 3229 3186 3466 lich unterlassen, denn hab ich sie sechs
4102 3321 6553 3653 dir einmal einfiele sie an einem andern Tag
879 3398 3130 3632 Wochen lang nicht zu sehen bekommen und sie
4148 3545 6448 3819 in ihrer Wohnung - du bist doch schliess¬
873 3530 3109 3748 hat einen Eid geschworen, wenn ich noch ein
701 3705 3112 3905 einziges Mal mit einem solchen Ansinnen an
1986 3828 2635 3927 seh in in u by
864 3862 3201 4120 sie herantrete, so bekomme ich sie nie wieder
4800 3801 5098 4059 peut être
5753 3881 6402 4130 Borgen,
5154 3881 6141 4179 sib seit  xxx
1836 4065 1996 4253 G.H.
