7080 4504
4879 367 5385 525 du de
6102 480 6266 771 83
6462 812 6636 1030 77
736 932 2790 1182 hin vornehm-lässig,wie jener Vicomte in
4437 875 6589 1185 Dritt, Fahrten in den Wienerwald...um zwei
755 1065 2835 1302 der Tiefe der Zeiten er hatte eine neue
4494 1090 6636 1334 Uhr waren es sechstausend zweihundert,die
5331 1210 5735 1321 &c in in the
4471 1245 6655 1510 wili gewonnen hatte.Die Uebrigen waren zu-
781 1242 2857 1473 Nuance: halbgeschlossene,müde Augen.Die
796 1359 2964 1608 Blume im Knopfloch war welk, er legte eine
4478 1387 6563 1650 rückgefallen,spielten nicht mehr. Es ist
818 1514 3040 1741 Bank auf, als verstünde das sich von selbst.
4443 1523 6481 1760 genug“,sagte Konsul Schnabel plötzlich.
828 1700 2917 1893 Wohne hatte er plötzlich die dreihundert
4433 1681 6541 1956 Wili fühlte sich zwiespältig bewegt. Wenn
850 1836 2914 2076 Gulden her? Wili fuhr es durch den Sinn,
4430 1871 6475 2067 man jetzt aufhörte,so konnte ihm nichts
853 1943 2939 2193 ob dieser überraschende Geldbesitz nicht
4411 1997 6627 2237 mehr s schehen. Zugleich aber spürte er eins
4424 2152 6664 2402 unbändige, eine mehrhaft höllische Lust — der
853 2136 2800 2367 mit der gl ichzeitigen Entfernung des
866 2240 3049 2490 Schauspielers Elrief und des Fräulein Mizi
4389 2285 6273 2534 weiterzuspielen. Noch einige, alle die
860 2443 2939 2677 Rihoschek in Znaammenhang stehen könnte.
4373 2417 6535 2711 blanken Tausender aus der Brieftasche des
875 2579 2910 2806 So spielte er eigentlich mit desKonsuls
4380 2613 6573 2853 Konsuls in seine herüberzuzaubern.Er hätte
891 2733 2983 2964 Gelde gegen den monsul und spielte nicht
4370 2781 6557 2989 nun einen Fond von tausend, zweitausend für
6393 2787 6636 2914 in de
679 2869 2977 3122 nur, sondern gewann auch) Die Stimmung hob
4348 2904 6446 3163 später,es muaste ja nicht immer Baccarat
638 3015 3015 3264 sich (Es war keine Rede mehr von Aufhören).
4348 3053 6355 3302 sein, es gab ja die Pferderennen in der
4165 3084 4490 3239 Tubern
4936 3176 5350 3283 Einer reine
878 3144 3027 3400 Der Konsul verlor ununterbrochengogen El-
4326 3226 6402 3441 Freudenau, Ein flüchtiger Bekannter, kein
850 3365 3015 3561 fief,gegen Tugut, gegen Greising und ganz
4326 3388 6427 3625 Offizier,Bankbeamter,war durch kluge Wet
755 3479 3018 3713 besonders gegen Will, der nun dreitausend
4320 3520 6506 3754 ten geradezu reich geworden.Auch spielban-
575 3643 3122 3899 Gulden besass. Es war unheimlich.Ein Waffen
4288 3672 6412 3941 keu gab es Montecarlo zum Beispiel. Hätte
2496 3748 2740 3843 Heim
585 3811 2898 4061 .dol als rock, Portespée, eine Kappe, einige neue
4298 3843 6298 4057 er dergleichen vor einer Stunde nur zu
3918 3808 4083 4004 Ma
1033 3972 1419 4105 waßte ich
667 3950 3090 4200 doim Wäsche neue Lackschuhe eine Schachtel Ziga
5742 4001 5944 4092 e e e e
4279 3991 6440 4263 träumen gewagt? Während so seine Gedanken
5524 4140 5694 4269 ma
939 4121 3046 4320 retten, Nachtmähler ohne Zahl zu Zweit, zu
4260 4152 5043 4373 gluck. Oui...
