5813 6952
1849 143 2136 231 G.C.H.P.
1967 179 2203 307 G.C.F.P.
3453 149 3709 389 dire une
1982 312 2269 471 G.C.F.P.
1675 333 1916 451 le reste des
1624 420 1870 553 G.F.P.
3678 553 4129 743 G.C.F.P
4400 845 4585 989 P.
2382 871 3509 1045 Beriner Illustrirte Zeitung
4385 937 4564 1060 G.F.P
840 917 1024 1055 Nr. 49
2213 1004 2802 1178 Fiaker zur Bahn neht
2863 1024 3514 1173 Auf die zwei Gulden
3560 1019 4912 1147 überhaupt nichts mehr kosten. Ein kleines Aben¬
902 1030 2167 1235 „Nun — was denkst du über meine Idee?“
2218 1132 2771 1265 am es heute wirklich
3560 1137 4892 1235 teuer vor drei Monaten, das vielverheißend be¬
2812 1127 3094 1270 nicht an.
830 1147 1209 1296 fragte Willi.
3565 1194 4923 1291 gonnen hatte, war daran gescheitert, daß Willi
907 1209 2162 1332 Bogner zuckte die Achseln. „Ich dank' dir
3570 1276 4902 1357 buchstäblich nicht in der Lage gewesen wäre, an
840 1296 2126 1470 jedenfalls sehr — ich sag natürlich nicht Rein
3570 1337 4918 1465 einem gewissen Abend ein Nachtmahl für zwei
820 1404 1086 1501 obwohl -
2315 1373 4282 1496 Als er um die Mittagsstunde in Baden den Personen zu bezahlen.
896 1409 2157 1547 „Garantieren kann ich selbstverständlich nicht,“
3652 1429 4933 1557 Eigentlich traurig, dachte er. Niemals
2233 1465 3535 1598 Zug verließ, befand er sich in gar nicht übler
825 1537 2167 1634 unterbrach ihn Willi mit übertriebener Lebhaftig¬
3586 1552 4912 1634 noch war ihm die Enge seiner Verhält¬
2228 1542 3540 1649 Laune. Auf dem Bahnhof in Wien hatte der
840 1608 2167 1696 keit, „aber riskiert ist am End’ auch nicht viel.
3581 1614 4933 1716 nisse so deutlich zum Bewußtsein gekommen
2249 1629 3529 1726 Oberleutnant Wositzky — im Dienst ein sehr un¬
307 1614 522 1757 list
830 1644 2776 1778 Und wenn ich gewinn' — respektive von dem, langenehmer Herr —
3581 1696 4912 1772 als heute — an diesem wunderschönen Frühlings¬
2817 1685 3535 1778 sich aufs freundlichste mit
830 1757 2177 1829 was ich gewinn', gehören dir tausend — min.
3596 1762 4938 1839 tag, da er in einem leider nicht mehr sehr fun¬
2233 1778 3535 1854 ihm unterhalten, und im Coupé hatten zwei junge
830 1808 2182 1916 destens tausend gehören dir. Und wenn ich
2228 1844 3545 1926 Mädel so lebhaft mit ihm kokettiert, daß er er um
3596 1839 4959 1926 kelnden Waffenrock / in drap Beinkleidern, die an
820 1895 2090 2018 zufällig einen besonderen Riß machen sollte —
3591 1890 4948 1988 den Knien ein wenig zu glänzen anfingen, und
2249 1916 3540 2003 seines Tagesprogramms willen beinahe froh war,
3591 1967 4943 2059 mit einer Kappe, die erheblich niedriger war als
896 1962 2177 2090 „Versprich nicht zu viel," sagte Otto mit trü¬
2249 1972 3540 2059 als sie nicht zugleich mit ihm ausstiegen. In all
359 1962 656 2151 the
3591 2039 4943 2116 die neueste Offiziersmode vorschrieb, durch die
2239 2044 3540 2126 seiner günstigen Stimmung aber fühlte er sich
840 2044 2182 2126 bem Lächeln, er streckte ihm die Hand entgegen.
3601 2105 4943 2198 duftenden Parkanlagen den Weg zu dem Land¬
840 2105 2177 2203 „In jedem Fall dank' ich dir sehr, Willi. — Aber
2239 2121 3550 2198 doch versucht, dem einstigen Kameraden Bogner
456 2121 651 2274 die
3596 2172 4933 2259 haus nahm, in dem die Familie Keßner wohnte
830 2182 2182 2280 jetzt will ich dich nicht länger aufhalten. Schon
2239 2182 3550 2274 innerlich Vorwürfe zu machen, nicht einmal so
3601 2244 4933 2326 — wenn es nicht gar ihr Besitz war. Zum ersten¬
2259 2249 3535 2341 sehr wegen des Eingriffs in die Kasse, der jo
840 2244 2192 2341 um meinetwillen. Und morgen früh werde ich
3601 2305 4938 2382 mal auch geschah es ihm heute, daß er die Hoff¬
845 2320 2172 2402 mir erlauben — vielmehr... ich warte morgen
2249 2305 3535 2402 durch die unglückseligen außeren Verhältnisse ge-
3601 2372 4959 2469 nung auf eine Einladung zum Mittagessen oder
2239 2377 3565 2490 wissermaßen entschuldbar war, als vielmehr
845 2392 2172 2469 früh um halbacht drüben vor der Alserkirche.
2254 2459 3555 2536 wegen der dummen Spielgeschichte, mit der er
3622 2438 4959 2531 vielmehr dem Umstand, daß ihm diese Erwartung
845 2454 2182 2531 Und mit bitterem Lachen: „Wir können uns ja
3622 2525 4959 2597 eine Hoffnung bedeutete, als beschämend empfand.
825 2520 2203 2607 auch zufällig begegnet sein.“ Den Versuch einer
2915 2510 3560 2618 Karriere einfach abge¬
2254 2520 2833 2628 sich vor drei Jahren
3673 2571 4959 2669 Immerhin gab er sich nicht ungern darein, daß
845 2587 2182 2669 Erwiderung von seiten Willis wehrte Bogner ab¬
2254 2587 3565 2689 schnitten hatte. Ein Offizier mußte doch am
3611 2643 4959 2725 diese Hoffnung sich erfüllte, nicht nur wegen des
845 2659 2182 2741 und fügte rasch hinzu: „Uebrigens, ich laß mein
2254 2659 3555 2751 Ende wissen, bis wohin er gehen durfte. Er
3622 2715 4953 2817 schmackhaften Mittagessen und des trefflichen
840 2720 2192 2822 Hände unterdessen auch nicht im Schoß liegen.
2264 2730 3576 2833 selbst zum Beispiel war vor drei Wochen, als ihn
3616 2782 4959 2869 Weins, sondern auch darum, weil Fräulein
850 2792 2182 2884 Siebzig Gulden hab' ich noch im Vermögen. Die
2264 2797 3570 2884 das Unglück beständig verfolgte, einfach vom
3616 2853 4964 2940 Emilie, die zu seiner Rechten saß, durch freund¬
845 2863 2203 2951 rikier' ich heut' nachmittag beim Rennen — auf
2254 2858 3570 2951 Kartentisch aufgestanden, obwohl der Konsul
3627 2920 4959 3002 liche Blicke und zutrauliche Berührungen, die
2264 2930 3565 3027 Schnabel ihm in der liebenswürdigsten Weise
845 2930 2198 3027 dem Zehn=Kreuzer=Platz natürlich.“ Er trat rasch
850 3007 2182 3120 zum Fenster, sah in den Kasernenhof hinab —
3622 2986 4948 3094 übrigens durchaus als zufällig gelten konnten, sich
2269 3002 3570 3089 seine Börse zur Verfügung gestellt hatte. Er
3622 3058 4948 3161 als sehr angenehme Tischnachbarin erwies. Er
845 3063 2192 3161 „die Luft ist rein," sagte er, verzog bitter=höhnisch
2249 3068 3565 3171 hatte überhaupt immer gewußt, Versuchungen zu
2264 3125 4969 3227 widerstehen, und jederzeit war es ihm gelungen, war nicht der einzige Gast. Auch ein junger
830 3140 2203 3273 den Mund, schlug den Kragen hoch, reichte Willi
3627 3191 4959 3294 Rechtsanwalt war anwesend, den der Hausherr
2259 3212 3565 3304 mit der knappen Gage und den geringen Zu¬
840 3217 1450 3319 die Hand und ging.
3627 3273 4969 3360 aus Wien mitgebracht hatte, und der das Ge¬
2269 3289 3581 3376 schüssen auszukommen, die er zuerst vom Vater,
953 3258 2198 3381 Wilhelm seufzte leicht, sann eine Weile nach,
3632 3325 4974 3427 spräch in einem fröhlichen, leichten, zuweilen auch
2264 3345 3565 3432 und nachdem dieser als Oberst in Temesvar ge¬
845 3335 2208 3447 dann machte er sich eilig zum Gehen fertig. Mit
3627 3396 4964 3483 etwas ironischen Tone zu führen wußte. Der
2285 3417 3586 3504 storben war, von Onkel Robert erhalten hatte.
850 3427 2203 3524 dem Zustand seiner uniform war er übrigens
3627 3478 4984 3560 Hausherr war höflich, aber etwas kühl gegenüber
2264 3483 3581 3576 Und seit diese Zuschüsse eingestellt waren, hatte
855 3509 2213 3596 nicht sehr zufrieden. Wenn er heute gewinnen
3637 3540 4989 3627 Willi, wie er ja im allgemeinen von den Sonn¬
2269 3565 3586 3642 er sich eben danach einzurichten gewußt: der
866 3570 2213 3673 sollte, war er entschlossen, sich mindestens einen
3637 3601 4969 3693 tagsbesuchen des Herrn Leutrants, der seinen
855 3632 3581 3719 neuen Waffenrock anzuschaffen. Das Dampfoad Kaffeehausbesuch wurde eingeschränkt, von Neu¬
3637 3668 4974 3770 Damen im vergangenen Fasching auf einem Ball
2264 3693 3596 3780 anschaffungen wurde Abstand genommen, an Vi¬
866 3714 2218 3811 gab er in Anbetracht der vorgerückten Stunde
3657 3750 4984 3883 vorgestellt worden war, und eine Aufforderung.
2269 3765 3601 3903 garetten gespart, und die Weiber durften einen
861 3791 2218 3893 auf; in jedem Falle aber wollte er sich einen
4728 3852 4959 3996 Nr. 49
2428 3888 3330 4037 Beriner Muhrifte Zeitung.
825 3908 994 4042 1644
1496 4026 3601 4149 Tee zu kommen, vielleicht in Südtirol aufgehalten haben; und war es nicht
2218 4108 4149 4211 der Herr Leutnant gewesen, den sie an einem man sich freuen,
1096 4144 2172 4226 ortlich aufgefaßt hatte, nicht sonderlich
3601 4175 4595 4293 zu machen, ihn im Laufe des heute
2228 4180 3565 4288 schönen Sommertag an ihrem Hotel in Seis auf
896 4165 2177 4288 entzückt zu sein schien. Auch die noch immer
3622 4231 4083 4349 wiederzusehen.
2228 4252 3565 4354 einem Rappen vorbeisprengen gesehen hatten?
825 4288 2167 4380 hübsche Hausfrau hatte offensichtlich keinerlei Er¬
3698 4252 4959 4390 Als er das Haus verließ, fuhren eben zwei
2228 4329 3565 4426 Willi wollte es nicht geradezu in Abrede stellen,
3622 4354 4959 4457 elegante junge Herren im Fiaker vor, was Willi
825 4359 2182 4436 innerung mehr daran, daß sie vor vierzehn Tagen
2228 4395 3565 4487 obzwar er bei sich sehr gut wußte, daß er, ein
830 4421 2182 4508 auf einer etwas abseits gelegenen Gartenbank
3616 4431 4948 4528 nicht angenehm berührte. Was konnte in diesem
825 4457 3570 4559 einer unerwartet kühnen Umarmung des Leut=7 kleiner Infanterieleutnant vom 8, niemals auf
840 4492 4948 4636 mants sich erst entzogen, als das Geräusch nahen= 1/8 einem stolzen Roß durch irgendeine in Tirol oder Hause sich nicht alles ereignen, während er ge-
3627 4564 4959 4661 nötigt war, für einen entgleisten Kameraden im
2239 4595 3576 4723 sonstwo gelegene Ortschaft gesprengt sein konnte.
845 4631 2177 4702 der Schritte auf dem Kies vernehmbar gewor¬
2331 4631 4969 4769 Die beiden jungen Damen waren anmutig Kaffeehaus tausend Gulden zu verdienen? Ob
840 4687 2177 4769 den war. Bei Tische war zuerst in allerlei, für
3632 4687 4974 4805 es nicht das weitaus Klügere wäre, sich auf die
2249 4749 3591 4836 in Weiß gekleidet; das Fräulein Keßner, hellrosa,
3637 4764 4969 4882 Sache gar nicht einzulassen und in einer halben
840 4764 2177 4846 den Leutnant nicht ganz verständlichen Aus¬
2249 4815 3581 4912 in der Mitte, so liefen sie alle drei mutwillig
3652 4836 4974 4938 Stunde etwa, nachdem man angeblich den kranken
825 4836 2192 4912 drücken von einem Prozeß die Rede, den der
2239 4897 2853 5010 über den Rasen
820 4902 2198 4974 Rechtsanwalt für den Hausherrn in Angelegen¬
3657 4897 5046 5020 Freund besucht, wieder in den schönen Garten zu
2336 4897 3611 5041 „Wie drei Grazien, nicht wahr?“ meinte der
845 4969 2198 5041 heit seiner Fabrik zu führen hatte; dann aber
2264 4979 4979 5107 Rechtsanwalt. Wieder klang es wie Ironie, und den drei Grazien zurückzukehren? Um so klüger,
830 5035 2198 5112 kam das Gespräch auf Landaufenthalte und
3637 5051 4974 5138 dachte er mit einiger Selbstgefälligkeit weiter, als
2254 5092 3596 5179 dem Leutnant lag es auf der Zunge: Wie meinen
845 5102 2203 5179 Sommerreisen, und nun war auch für Willi die
3652 5117 4984 5261 seine Chancen für einen Gewinst im Spiel indes
2264 5153 3606 5240 Sie das, Herr Doktor? Doch es war um so
861 5174 2218 5245 Möglichkeit gegeben, sich daran zu beteiligen. Er
2259 5189 4626 5317 leichter, diese Bemerkung zu unterdrücken, als erheblich gesunken sein durften.
861 5235 2213 5317 hatte vor zwef Jahren die Kaisermanöver in den
4426 5256 4605 5368 G.H.F.P
2274 5297 3606 5384 Fräulein Emilie sich eben von der Wiese her
850 5312 2213 5389 Dolomiten mitgemacht, erzählte von Nachtlagern
4247 5286 4620 5450 III.
2269 5358 3606 5440 umgewandt und ihm lustig zugewinkt hatte. Sie
850 5379 2208 5455 unter freiem Himmel, von den zwei schwarz¬
2274 5425 3616 5517 war blond, etwas größer als er und es war an¬
3673 5384 5015 5558 Von einer Anschlagsäule starrte ihm ein
850 5450 2218 5527 lockigen Töchtern eines Kastelruther Wirts, die
2274 5496 3606 5589 zunehmen, daß sie eine nicht unbeträchtliche Mit¬
3673 5486 5005 5619 großes, gelbes Rennplakat entgegen, und es fiel
866 5522 2208 5594 man wegen ihrer Unnahbarkeit die zwei Me¬
2264 5558 3627 5655 gift erwarten durfte. Aber bis man so weit war
3678 5578 5015 5681 ihm ein, daß Bogner in dieser Stunde schon in
871 5573 2203 5660 dusen genannt hatte, und von einem Feldmar-
2290 5630 3601 5717 — wenn man überhaupt von solchen Möglich¬
3678 5645 4994 5753 der Freudenau bei den Rennen, ja vielleicht eben
871 5650 2208 5737 schalleutnant, der sozusagen vor Willis Augen
2274 5696 3627 5799 keiten zu träumen wagte dauerte es noch lange,
3688 5706 4984 5819 daran war, auf eigene Faust die rettende Summe
855 5717 2218 5814 wegen eines mißglückten Reiterangriffs in Un¬
866 5768 3637 5870 gnade gefallen war. Und wie es ihm beim — sehr lange, und die tausend Gulden für den ver¬
2290 5778 5020 5978 unglückten Kameraden mußten spätestens bis zu gewinnen. Wie aber, wenn Bogner ihm einen
3693 5850 5025 5963 solchen Glücksfall verschwiege, um noch überdies
855 5850 2244 5947 dritten oder vierten Glas Wein leicht zu geschehen
3693 5911 5005 6034 sich der tausend Gulden zu versichern, die Willi
2295 5901 3033 6009 morgen früh beschafft sein.
855 5922 2218 6014 pflegte, wurde er immer unbefangener, frischer,
2397 5932 3627 6075 So blieb ihm nichts übrig, als sich zu emp¬
3693 5973 5025 6101 indes dem Konsul Schnabel oder dem Regiments¬
866 5993 2218 6075 ja beinahe witzig. Er fühlte, wie er allmählich
2305 6034 3632 6132 fehlen, dem einstigen Oberleutnant Bogner zu¬
3688 6055 5010 6167 arzt Tugut im Kartenspiel abgewonnen? Nun
861 6065 2218 6147 den Hausherrn für sich gewann, wie der Rechts¬
2295 6127 3637 6214 liebe, gerade als die Unterhaltung im besten
2300 6121 5015 6260 Gange war. Man gab sich den Anschein, als ja, wenn man einmal tief genug gesunken war,
861 6127 2228 6224 anwalt im Ton immer weniger ironisch wurde,
3678 6178 5025 6301 um in eine fremde Kasse zu greifen... Und
886 6198 2290 6280 wie in der Hausfrau eine Erinnerung aufzu¬
3683 6249 5030 6388 in ein paar Monaten oder Wochen würde Bogner
2300 6244 3652 6337 wollte man ihn zurüchalten, er bedauerte sehr
902 6270 2244 6352 schimmern begann; und ein lebhafter Druck von
3688 6316 5005 6475 wahrscheinlich wieder gerade soweit sein wie=
891 6316 3637 6413 Emiliens Knie an dem seinen gab sich nicht mehr „ leider sei er verabredet, und vor allem mußte er
2305 6393 3642 6485 einen Kameraden im Garnisonsspitale besuchen,
3693 6393 4887 6536 heute. Und was dann?
1071 6408 1911 6516 mühe, als zufällig zu gelten.
994 6470 3637 6552 Zum schwarzen Kaffee erschien eine wohl- der hier ein altes rheumatisches Leiden aus¬
3760 6434 5010 6593 Musik klang zu ihm herüber. Es war irgend=
2300 6531 3642 6634 kurierte. Auch hierzu lächelte der Rechtsanwalt
3698 6536 5020 6669 eine italienische Ouvertüre von der halb ver¬
881 6557 2249 6629 beleibte, ältere Dame mit ihren zwei Töchtern,
2300 6608 3652 6705 ironisch. Ob denn dieser Besuch den ganzen
978 6608 5000 6787 ill" vorgestellt wurde. Es ergab sich bald, daß L.-Nachmittag in Anspruch nähme! fragte Frau schollenen Art, wie sie überhaupt nur von Neu
902 6618 2244 6726 denen Willi als „unser Tänzer vom Industriellen.
1445 6685 5010 6869 ihr vor zwei Jahren gleichfalls Kehner, verheißungsvoll lächelnd. Willi zuckte nüchestern gespielt zu werden pflegen. Willt aber
3519 6808 3898 6880 de la faveur des
