6872 4472
4072 771 5714 975 Ich hätte eine Idee.-Aber du da
5812 750 6209 984 st mich
1553 759 2350 951 will glaube.
812 877 3070 1076 du hundertmal den Kopf schüttelst. Ich weiss
4066 913 4970 1111 nicht auslachen.
5350 931 5839 1120 ment mit
765 1067 3088 1206 ja auch nicht, was mit ihm g'schehen ist. Viel-
4090 1085 6369 1266 Otto wandte sich zu ihm. „In der Hin-
1541 1180 2356 1283 ein Einel verblödet
2878 1171 3251 1298 mir sein
809 1221 2922 1363 leicht ist er irrsinnig, das kommt ja bei
3989 1236 6185 1417 sicht kannst du beruhigt sein."
3044 1310 3260 1437 rest.
815 1381 3002 1517 alten Leuten vor, dass sie sich so merkwür-
4520 1366 6328 1580 Also hör einmal. Ich fahr nämlich
806 1520 3002 1654 dig verändern. Ich kann dir doch nicht mehr
4001 1532 6328 1675 heute aufs Land - nach Baden. Da ist manchmal
806 1672 2922 1820 sagen, als dass ich seit fünfviertel Jahr
4007 1660 6176 1861 am Sonntag Nachmittag im Café Schopf eine
782 1835 3050 1959 einfach sein Haus nicht mehr betreten habe,
4037 1855 6419 2015 kleine hazardpartie.Einundzwanzig oder Makao,
785 1992 2893 2098 weil er mich in einer Weise - - Wenn er
4066 1989 6334 2172 oder Baccarat - Ich bin natürlich höchst be
788 2107 2934 2261 nicht mein Onkel wär und ein alter Herr,-
4037 2146 6168 2309 scheiden daran beteöligt oder gar nicht.
777 2258 2984 2460 Er hielt inne Auhh Otto schwieg ud sah vor
4054 2300 6215 2463 Kannst dir ja denken.Der Hauptspieler ist
782 2410 3038 2623 sich hin. Plötzlich hob er wieder den Kopf,
4054 2433 5993 2620 der Regimentsarzt Tugut, der übrigens
750 2581 3062 2747 sah Willi lang an,sagte: Also, ich bitt dich
4037 2605 6010 2765 Mordssau hat. Der Oberleutant Wimmer
750 2744 2967 2913 um Entschuldigung.Grüss dich Gott.“ Er Er
4034 2777 6028 2937 auch gewöhnlich dabei, dann der Greisir
765 2884 2999 3079 nahm den Hut und wandte sich, als wollte er
4043 2919 5969 3085 aber den kennst du nicht.Er ist in B
756 3020 1200 3189 gehen.
3918 3067 5999 3222 lung draussen wegen einer alten G'sch
1100 3150 1778 3349 Aber Ottol
4037 3195 6111 3367 Dann ein Jurisdoktor, der Sekretär vom T
1594 3316 1752 3402 laat
779 3331 3020 3548 Otto blieb stehen ohne sich umzuwen-
4054 3373 6194 3527 ter. Woher der das Geld hat möcht ich auch
735 3465 1031 3669 den.
4025 3521 6245 3717 wissen. Dann ein Schauspieler von draussan
1108 3625 2934 3850 Otto, rief Willi noch einmal.
4031 3696 6123 3844 und endlich ein äleerer Herr, der Konsul
1832 3794 2196 3968 o ea isb
2537 3826 2881 3989 G.C.H.F.P
5619 3808 6357 4048 ### draussen mit
4037 3829 4769 4028 Schnabel.Der
611 3900 2454 4111 nus, oi j0. o s i smale han jai ae i odA.
