7176 4488
6292 568 6466 740 65
4301 689 6574 929 Mimius“,fragte Greising.-Sie kommt nachher
2890 707 3050 890 64
4307 833 6367 1071 ins Kaffeehaus kibitzen, wenn der Herr
938 842 3086 1047 vierzig geht der letzte Zug. - „Ihr dass
4286 965 6457 1215 Konsul erlauben", sagte Elrief. Der Konsul
950 1035 3143 1185 Glas wein können Sie schon noch austrinken,
4334 1137 5753 1338 verzog keine Miene.
938 1215 2986 1377 sagte der Konsul, wie in Wagen bringt Sie
4349 1287 6481 1492 Wili trank sein Glas aus und erhob
806 1359 3125 1489 zur Bahn.- „O,das kann ich nicht?— „Kannst
4325 1429 6397 1627 sich. Die Herren entschuldigen " - "Auf
944 1477 3155 1675 schon“,sagte Wimmer. -„No,was is„, sagte der
4328 1588 6460 1832 nächsten sonntag“,sagte Wimmer,da werden
956 1615 3059 1808 Regimentsarzt Tugut, machen wir heut noch
4307 1744 6313 1940 wir dich wieder etwas leichter machen!
950 1747 2965 1985 was? Die haben s gut, dachte Wili, muss
4301 1907 6397 2111 Nie wieder, dachte Will.Neuer Waffenrock,
950 1946 3017 2111 keiner heut noch nach Wien hineinfahren
5741 2066 6195 2174 will train
4289 2090 6460 2313 neues Porteepéë - „Sie sind so gut; bemerk
938 2105 3146 2301 und spürte mit einem ganz leisen schrecken,
4289 2244 6352 2457 te der Konsul,und sagen dem Kutscher,er
944 2265 3122 2403 dass er sie um die Aussicht beneidete-sich
1017 2352 1850 2451 not belo
4265 2400 6445 2565 soll vom Bahnhof direkt wieder zum Kaffee
932 2427 3131 2556 heute nochmals an den Kartentisch setzen zu
2268 2520 2734 2617 sairer jener
1308 2508 2093 2601 & cnd das gents t
4265 2529 6472 2722 haus fahren" und zu den hebrigen gewendet:
938 2583 3017 2761 dürfen. (Keiner hatte gezweifelt, dass die
4226 2668 6406 2926 „Aber so spät, respektive früh wie neulich,
926 2710 3065 2878 Partie heute nach dem Machtmahl noch ihre
4241 2833 6307 3056 darf's heut nicht werden, meine Herren.-
917 2857 2875 3053 Fortsetzung finden werde.Es war jeden
4283 2962 6307 3170 Wili hatte allen die pand gerecht
920 3004 3041 3215 Sonntag dieselbe Geschichte.) - Der Schau-
5504 3113 6000 3239 da ich in
4226 3122 6647 3423 und wandte sich zum Gehen.. An einem der
6066 3152 6677 3308 in Auguste
902 3191 3101 3314 spieler Elrief, dem der Wein gleich zu vopf
4229 3311 6177 3501 nicht sehr zahlreich besetzten Tische
914 3338 3122 3492 stiegmbestellte mit einem xuux etwas dumma
4183 3407 6394 3690 sass die Familie Kesser, mit ihnen die Dame
911 3462 3071 3621 und frechen Gesicht dem Konsul einen Tuss
4195 3546 6427 3814 von Nachmittag und ihre zwei Töchter. Weder
920 3648 3143 3792 von Fräulein Mizi Rhorschek,wie ihre gemein
4198 3735 6162 4000 der ironische Advokat war da noch die
908 3747 3107 3946 schaftliche Freundin hiess. - Warum haben S
839 3895 3071 4105 das Fräulein nicht gleich mitgebracht,Herr
