7064 4536
518 3426 1394 3622 nur desKämmers nur
387 3539 1617 3875 ein aus ein einen möchte.
474 3747 1787 3989 sied uns xxx mehr xxx.
712 3926 1725 4126 A. o J am novab xxxJ
4531 83 4709 214 FJ
3712 119 4206 283 in the
4239 140 4581 331 tape
4006 214 4269 468 41.
6127 706 6360 882 119
4224 849 6610 1081 wenn auch er nicht, er hatte doch Weib und Kind,
3834 903 4120 1108 G.H.
4188 983 6586 1200 den würde die Summe doch in jedem Fall gele-
4200 1138 6500 1361 gen kommen und, wenn er noch lehte - aber na-
3902 1084 4137 1311 116
4200 1293 6538 1522 türlich lebte er noch -aus diesem vermächtnis
3890 1311 4069 1519 th
4194 1442 6428 1680 an ihn müsste er jedenfalls ersehen, dass es
4176 1620 6470 1811 gestern keine swegs Gleichgültigkeit oder gar
4152 1713 6416 1993 Herz losigkeit (von willi gewesen war), dass er
4152 1912 6503 2148 die tausend Gulden gestern einfach noch nicht
4137 2055 6392 2309 gehabt hatte. Ja, das war das Vernünftigste,
4146 2204 6386 2431 was er tun konnte und im Grunde das Einzige
4120 2338 6443 2553 was er noch zu tun hatte. Ein Testament ver-
4111 2523 6369 2740 fassen,das war vor allem auch die beste Ma-
4102 2654 6476 2872 thode die Zeit bis zwölf Uhr Mittag hinzubrin-
4099 2842 6240 3068 gen. Bis zwölf -komisch, als wenn er sich
4081 2991 6386 3202 verpflichtet wäre sich Punkt zwölf Uhr umzu-
4075 3116 6378 3333 bringen (gerade um die Stunde,in der der Herr
4060 3268 6235 3503 Konsul ihn erwartete, als wenn er es nicht
4063 3443 6404 3694 ebenso gut eine Stunde früher oder später tun
4033 3533 6351 3780 dürfte. Wäre übrigens tatsächlich kein übler
4021 3720 6345 3938 Einfall dem Herrn Konsul einen Besuch zu ma-
