7192 4504
4369 812 6489 1053 zügelte er seine Ungeduld und mit Bedahht
1079 843 3207 1056 Sommerabende in Gesellschaft irgend eines
4386 970 6567 1173 gab er dem gutscher ein sehr nobles Trink-
1148 1044 3173 1179 anmutigen weiblichen Wesens nach Rodaun
4389 1107 6581 1363 geld, ein eigener Wagen hätte ihn kaum mehr
1102 1170 3006 1314 oder zum Roten Stadel. Ah, was für eine
2086 1271 2387 1380 gulden
4395 1268 6541 1518 gemostet. So wollte er sich das Schicksal
1102 1262 3049 1500 Wonne nicht jeden Kreutzer dreimal um-
4409 1460 6463 1592 günstig stimmen. Der Dank des Kutschers
1084 1466 3075 1629 drehen zu müssen,ehe man ihn ausgab. Er
4409 1563 6572 1761 hisk immer noch zurückhaltend, aber immer-
4458 1589 4616 1678 1 e 1
1087 1635 3196 1770 würde nicht fünfhundert Guldenirkiereh,
4335 1710 6595 1905 hin freundlich aus (so dass sich Will inner-
1090 1767 3153 1919 keine Idee,höchstens dreihundert.Immer¬
5944 1839 6145 1965 a as e
4389 1891 5448 2074 lich erhoben fühlte.
1084 1939 3285 2083 hin war es ja möglich, dass er weitergewann,
4857 2040 6466 2206 Die Spielpartie war vollzählig
1036 2091 3273 2215 nicht nur möglich, sogar wahrscheinlich. Denn
4406 2123 6719 2375 beisammen ; auch die Freundin des Konsuls
1090 2235 3285 2367 er wollte nun das System Flegmann anwenden,
2909 2318 3282 2433 Ceresse
4409 2295 6524 2516 war anwesend, stattlich mit überschwarzen
1036 2364 3158 2513 das dieser nur nicht mit dem nötigen Sy¬
4415 2507 6555 2662 Augenbrauen,in einem lichten Sommerkleid,
1084 2510 3279 2694 stem durchführte: zuerst einen geringen Be¬
4415 2622 6526 2811 das sie noch (stattlicher machte, sass sie
1142 2679 3070 2797 trag setz n,einen, höchstens zwei oder
4432 2817 6495 2972 neben dem Konsul, den Arm auf der Lehne
1024 2831 3245 2998 fünf Gulden, nicht höher gehen, bevor er ein-
4426 2972 6607 3127 seines Sessels und schaute ihm in die Kar-
1070 3018 3181 3118 mal gewonnen, dann aber nie das Ganze ris¬
4426 3110 6590 3282 ten hinain. Er blickte nicht auf, als Will
1070 3147 3207 3279 kieren, sondern Dreiviertel des Gesammtbe-
5709 3202 5961 3333 think
4429 3250 6658 3425 an den Tisch trat doch wusste der Leutnant,
1084 3288 3219 3465 trags und so weiter. Doktor Flegmann fing
4395 3402 6492 3609 dass Schnabel sein Kommen bemerkt hatte.
1070 3437 3224 3617 immer mit diesem System an, aber es fehlte
1830 3537 2467 3649 verwittens durch
4464 3529 6653 3772 „Ah,Zug versäumt“,sagte Greising. -.Um eine
1064 3606 3207 3738 ihm an Geduld/Son konnte er natürlich auf
2849 3706 3153 3798 is above
4455 3701 6587 3950 Minute“,sagte Wilï.-„Das kommt davon”,be-
1084 3744 3124 3902 keinen grünen Zweig kommen. Wili spragg
832 3841 1322 3979 vid clad
4452 3864 6601 4056 merkte Wimmer, wenn man sich hinstellt mit
1059 3916 3296 4128 aus dem Wagen, noch ehe dieserhielt.Aber nun
4470 3988 6572 4312 schönen jungen Damen pissdarn pituschen.
