6936 4440
5848 184 6067 323 170
5106 222 5749 523 and de her
5889 463 6190 653 kesxx
5791 615 6000 748 168
558 571 742 837 631
2683 641 2886 831 167
3901 695 6165 1021 wohnte und als die erklärte Maitresse eines
790 752 3013 1005 her wohl bekannt gewesen sein dürfte,er sah
3936 894 6206 1154 Bankjuden ihn selbst keinen Heller kostete,
793 932 2892 1142 den blinden Wuschelkopf auf dem groblei¬
3878 1059 6200 1265 was bei seinen verhältnissen immerhin in Be-
790 1078 2968 1316 neynen, rotdurchscimmernden Bettpolster (sah
3910 1173 6032 1449 tracht kam, so dass er weder beim Hornigg
2524 1262 2892 1367 and do
783 1221 3006 1481 das blasse, etwas rührende Gesicht,wie durch
3923 1326 6190 1636 erschien. noch von der Adresse der Schwester
786 1433 2946 1586 die Spalten der schadhaften Holzjalousiene
5483 1487 5883 1589 reichel.
3936 1513 6247 1741 einen Gebrauch machte. Aber er war (trotzdem)
828 1567 2845 1770 das Dämmerlicht des sommermorgens fiel,
4823 1668 5290 1785 ses un se
3945 1655 6273 1906 überzeugt, dass sie ihn nicht vergessen hatte,
688 1674 2895 1950 (erinnerte) sich des schmalen coldreifs mit
3948 1795 6251 2042 so wenig wie er sie.Denn trotzdem sie nichts
828 1855 2981 2049 dem Halbedelstein auf dem -inglinger ihrer
2207 2023 2363 2125 reh
3993 1969 6057 2217 viel besseres gewegen war, wie der Onkel
767 1992 2943 2255 linken Hand, die über der (muffig riechenden
3958 2137 6228 2356 richtig bemerkt, als ein Mensch,in jenen we-
802 2182 2965 2394 Bettdecke lag). Sie war noch liegen geblie-
5255 2277 5423 2388 dans les
4440 2309 4681 2416 Nach
4005 2264 6146 2521 nigen (Morgenstunden) hatte sie ihm grosse
755 2315 2860 2540 ben, nachdem er sie um sechs Uhr Früh ver-
5201 2404 6092 2540 und crnicht so ging vie
3970 2442 6159 2667 Zärtlichkeit erwiesen (und schien ihm über-
793 2486 2886 2661 lassen,um noch rechtzeitig den Dienst an
5344 2588 5572 2680 nein
3974 2547 6314 2813 die sehr gutäütig zu sein. So sehr konnte sie
1659 2616 1846 2705 unto
742 2578 2940 2838 treten zu können. Siehatte ihm so gut gefal
1915 2765 2515 2870 bestimmen.
3980 2702 6232 2984 sich nicht verändert haben, dass er ihr gar
748 2753 2886 2981 len, dass er sich (ganz sicher vornahm) näch-
1367 2908 1633 3048 allen
3993 2870 6352 3162 nichts mehr bedeutete, dass sie ruhig zusehen
1995 2933 2217 3019 I am
707 2930 3003 3162 stens wieder zum Hornig zu kommen. (Sie hatte)
5623 3025 5784 3127 sal
4005 3010 6352 3295 konnte,wenn er ihr maus verliess,um sich zu
688 3079 2784 3263 ihm übrigens auch die Adresse ihrer ver-
4018 3203 6333 3492 erschiessen,er der noch dazu der Neffe ihres
479 3238 2899 3444 heirateten Schwester angegeben, bei der sie
5334 3346 5975 3463 le fustow. og
434 3390 2981 3615 wohnte und zu der man Ihr schreiben konnte,
4053 3384 4795 3685 Mannes Nar.
511 3542 2800 3764 aber der Zufall wollte es, dass gerade da¬
4614 3409 6203 3710 Er hatte immerhin eine Stunde
381 3679 2781 3891 mals ein anderes weibliches Wesen ältere
4075 3618 6396 3958 im Meldungsamt zu warten, bis er den Zettel
3726 3384 3989 3907 xx
5968 3786 6371 4015 cela
444 3821 2879 4062 Rechte an ihn hatte, die näher und bequemer
4281 4034 5461 4227 wurde ich nur möchte.
