7160 4504
2693 778 2924 913 175
6350 832 6548 1006 176
682 967 1234 1117 den Tisch.
4270 970 6392 1186 Sonst ist eben die Ehre verloren-und was
1000 1006 2846 1210 „Um elftausend Gulden,gnädige Frau
4276 1120 6476 1342 sonst noch dazu gehört. Da er in ihren Au¬
1015 1195 2909 1318 „Und welche Sicherheit würden Siemir
5480 1264 5897 1381 the such
258 1222 1838 1417 de Roi war 1st cui servir si une ne
4273 1276 6485 1489 gen eine Spur von Erinnerung schimmern zu
706 1348 1096 1510 bieten?"
4297 1435 6302 1636 sehen glaubte.erzählte er ihr,wie eine
1036 1429 2942 1648 Ich bin Offizier.gnädige Frau.
5143 1594 5426 1720 all.
1033 1588 2915 1792 „Verzei hen sie, Herr Leutnant,das ist
4291 1594 6338 1805 stunde vorher ihrem Gatten, doch noch in
718 1798 2900 1931 im geschäftlichen minne noch keine Sicher¬
4285 1741 6398 1931 beweglicheren und gewandteren Worten die
4915 1901 5417 2009 de tes hont
712 1928 2387 2063 heit. Wer würde für Sie bürgen?“
4303 1874 6446 2123 Geschichte seiner Unvorsichtigkeit,seines
4747 2072 4924 2198 sera
4315 2042 6455 2252 Unglücks. Sie schien seine Erzählung ohne
1084 2087 2984 2216 Willy schwieg. Eine brüske Abweisung
736 2186 3030 2399 hätte ihn in geringere Verlegenheit gebracht
4297 2207 6500 2414 sie zu unterbrechen mit allen Zeichen des
736 2339 3150 2555 als diese kühle Höflichkeit. Auf diese Weise,
4354 2360 6407 2552 Mitgefühls zu begleiten. Alser geendet,
4966 2513 5164 2609 John W
781 2513 3006 2702 konnte er nicht weiter gelangen. Und so ent-
4315 2507 6215 2702 fragte sie. /.Und ich bin das einzige
802 2681 2891 2873 schloss er sich in seiner Bedrängnis und
4309 2666 6386 2873 menschliche Wesen auf Erden,an das - du
4324 2843 6633 3027 dich in dieser Situation wenden konntest? --
745 2852 2879 3009 Ungeduld sofort zu einer anderen Methode.
733 3024 2837 3216 Ich will Ihnen ganz aufrichtig gestehen.
4732 2972 6494 3162 Die Ansprache beglückte ihn. Schon
799 3135 2879 3360 gnädige Frau“, sagte er, dass ibh die for-
4327 3108 6572 3327 hielt er sich für gerettet. Wäre ich sonst
730 3300 3060 3474 melle seite der Angelegenheit nicht genügend
4387 3264 6449 3471 da?“ fragte er. „Ich habewirklich sonst
6041 3414 6407 3555 doel
640 3438 2927 3615 überlegt habe. Ich befinde mich nämlich in
4345 3456 5311 3660 keinen Menschen.
4771 3501 6627 3795 „Umso peinlicher ist es mir „erwide-
552 3591 2939 3768 Meiner verzweifelten situation. Und sie ist
4516 3627 4711 3777 dans
700 3762 3015 3978 ganz plötzlich über mich hereingebrochen). Es
4357 3744 6419 3939 te sie, dass ich dir leider nichtdienen
748 3903 2867 4146 handelt sich um eine Ehrenschuld, die bis
4243 3861 6563 4164 kann. Ich habe den betrag nicht flüssig, den
769 4068 2918 4288 morgen acht Uhr Früh beglichen sein muss.
4444 4077 4819 4288 assgüt
