7096 4488
894 766 3031 1003 ner Weise verständigen oder bring dir das
907 977 2654 1204 Geld persönlich in deine Wohnung,
1319 1143 3136 1329 Otto schüttelte den Kopf. „Ich warte
885 1258 3232 1434 morgen Früh um halb acht für der Alserkirche.
1380 1418 1907 1514 tous un
907 1444 3258 1600 Wir können uns ja auch zufällig begegnet sein:
2204 1565 2635 1654 alivetire
1124 1575 1287 1654 died
888 1610 3452 1766 Eine Erwiderung Willis wehrte er durch seine Meine
901 1766 3044 1913 Handbewegung ab. Und ich lass meine Hände
904 1894 3101 2041 unterdessen auch nicht im Schoss liegen. Du
888 2082 3203 2207 hast mich auf eine Idee gebracht.Siebzig Gul
1594 2175 1814 2255 vais
901 2200 3088 2357 den hab ich noch fünfzig-rikier ich heute
907 2331 3095 2501 Nachmittag beim Rennen- auf dem Zehnkreuzer
891 2510 3197 2654 Platz.“ Er trat rasch zum Fenster, um sich zu
901 2670 3152 2810 überzeugen, ob nicht xxx frühere Kameraden im
888 2791 3232 2961 Kasernhofe unten zu sehen seien; die Luft war
897 2951 3213 3120 rein, mit einem bittern Lächeln von dem Willi
894 3101 3251 3293 nicht musste,ob es Selbstverachtung oder Ver-
891 3235 3210 3452 achtung der Welt ausdrücken sollte, schlug er
888 3392 3242 3590 den Kragen hoch, drückte den Hut in die Stirn,
1658 3548 1958 3638 Nellany
901 3548 3191 3749 reichte Willi und ging. Der Leutnant öffnete
687 3737 1003 3880 a e d o 1 e
2156 3737 2849 3922 dol aasb. dol
1491 3858 2820 4043 kolos dolb aJnnöd dol.mid
776 3848 1175 4046 e orai
3947 418 4366 639 27/3. 1924.
6279 712 6442 834 27
4117 818 6493 1076 das Fensterwartete bis der alte Freund untan
4120 1028 6279 1265 ersehienen war; der aber wandte den Blick
4452 1025 4663 1115 in acte
4126 1156 6343 1380 nicht herauf und gesenkten Haupts, mit über
4133 1332 6266 1546 raschen Schritten eilte er dem Ausgang zu.
5586 1405 5797 1504 -
4133 1476 6237 1715 Wilhelm seufzte unwillkürlich und machte
4139 1575 6311 1843 sich zum Weggehen fertig. Mit dem Zustand
4427 1616 4628 1737 et les
4158 1769 6279 1977 seiner uniform war er nicht mehr ganz zu-
4145 1849 6356 2162 frieden. Wenn er heute gewinnen sollte war
4161 2050 6423 2325 er entschlossen sich mindestens einen neuen
5468 2095 6649 2277 Nas darunftige geb u für heintig
4171 2229 6665 2446 Waffenrock zu bestellen. In jedem Falle aber —,
4698 2341 5611 2485 nite in Fiche wehr
4171 2344 6439 2609 wollte er zum Bahnhof im Fiaker fahren, auf
4181 2539 6327 2814 die zwei Gulden kam es wirklich nicht an.
5557 2606 6320 2779 I schon gegen hatten
5388 2718 6349 2884 um die Killaphide
4257 2782 4602 2999 gemeub
4653 2839 6410 3066 Als er in Baden/den Zug verlies s.
5640 2890 6669 3028 beforgen so mitt ubl
4203 2935 4391 3104 H
4216 2996 6356 3238 war die Mittagsstunde nah. Er war in guter
4209 3079 6324 3376 Laune. Auf dem Bahnhof in Wien hatte der
4216 3238 6403 3535 Oberstleutnant Wosiozky (der im Dienst ein
5953 3382 6132 3500 als!
6496 3379 6704 3571 und
4241 3424 6368 3689 sehr unangenehmer Herr war, ein paar sehr.
6340 3421 6525 3587 Esq
5905 3520 6362 3638 im Caipen ho
4589 3567 5784 3679 mit den inleitelten
4235 3583 6554 3858 liche Worte zu ihm gesprochen; zwei junge Mä-
5049 3714 5774 3839 libtif
4312 3689 6499 3995 eln hatten im Coupé ununterbrochen mit ihm
5468 3864 5694 3967 votre
4235 3855 6502 4152 kokettiert, er var fast froh, dass sie nicht
