<?xml version="1.0" encoding="UTF-8" standalone="yes"?>
<PcGts xmlns="http://schema.primaresearch.org/PAGE/gts/pagecontent/2013-07-15" xmlns:xsi="http://www.w3.org/2001/XMLSchema-instance" xsi:schemaLocation="http://schema.primaresearch.org/PAGE/gts/pagecontent/2013-07-15 http://schema.primaresearch.org/PAGE/gts/pagecontent/2013-07-15/pagecontent.xsd">
    <Metadata>
        <Creator>prov=READ-COOP:name=TrHtr:version=2.1.0:model_id=51170:date=14_08_2023_21:42</Creator>
        <Created>2023-05-10T14:46:05.764+02:00</Created>
        <LastChange>2023-08-14T21:42:19.923+02:00</LastChange>
        <TranskribusMetadata docId="1428676" pageId="55425135" pageNr="52" tsid="132826916" status="IN_PROGRESS" userId="64420" imgUrl="https://files.transkribus.eu/Get?id=KBASULTVWEJOZUXUXWNMEJJI&amp;fileType=view" xmlUrl="https://files.transkribus.eu/Get?id=JJNKZYAKRFJJNPAEIUPRXQYH" imageId="44699212"/>
    </Metadata>
    <Page imageFilename="1428676_0052.jpg" imageWidth="7160" imageHeight="4520">
        <ReadingOrder>
            <OrderedGroup id="ro_1711812108335" caption="Regions reading order">
                <RegionRefIndexed index="0" regionRef="tr_1"/>
                <RegionRefIndexed index="1" regionRef="tr_2"/>
            </OrderedGroup>
        </ReadingOrder>
        <TextRegion id="tr_1" custom="readingOrder {index:0;}">
            <Coords points="638,821 3188,821 3188,4100 638,4100"/>
            <TextLine id="tr_1_tl_1" custom="readingOrder {index:0;}">
                <Coords points="617,954 698,986 815,924 918,915 1021,954 1080,915 1225,931 1306,892 1400,905 1403,795 1367,782 1228,802 1112,766 1002,834 889,785 624,795"/>
                <Baseline points="638,895 692,901 782,889 871,889 961,895 1050,889 1140,883 1230,877 1319,877 1409,871"/>
                <TextEquiv>
                    <Unicode>to him jedachte</Unicode>
                </TextEquiv>
            </TextLine>
            <TextLine id="tr_1_tl_2" custom="readingOrder {index:1;}">
                <Coords points="905,1067 1438,1125 2011,1021 2909,1025 2912,960 1868,866 1510,947 912,924"/>
                <Baseline points="925,1032 943,1027 1032,1032 1122,1032 1212,1032 1301,1032 1391,1032 1480,1027 1570,1027 1659,1027 1749,1021 1839,1021 1928,1021 2018,1015 2107,1015 2197,1009 2286,1009 2376,1003 2465,1003 2555,997 2645,991 2734,991 2824,985 2913,979"/>
                <TextEquiv>
                    <Unicode>tun. Fräulein Rihoschek, die keinen Arm</Unicode>
                </TextEquiv>
            </TextLine>
            <TextLine id="tr_1_tl_3" custom="readingOrder {index:2;}">
                <Coords points="957,1199 3110,1186 3158,1057 1438,1125 960,1073"/>
                <Baseline points="973,1182 1015,1182 1104,1182 1194,1182 1283,1182 1373,1182 1462,1182 1552,1176 1642,1176 1731,1176 1821,1170 1910,1170 2000,1164 2089,1164 2179,1158 2268,1158 2358,1152 2448,1152 2537,1146 2627,1146 2716,1146 2806,1146 2895,1140 2985,1134 3075,1134 3164,1128"/>
                <TextEquiv>
                    <Unicode>frei hatte, dickte nur lebhaft und vergnügt.</Unicode>
                </TextEquiv>
            </TextLine>
            <TextLine id="tr_1_tl_4" custom="readingOrder {index:3;}">
                <Coords points="912,1390 2835,1345 3142,1293 3145,1190 1442,1270 918,1183"/>
                <Baseline points="931,1337 1003,1343 1092,1337 1182,1337 1271,1331 1361,1331 1450,1331 1540,1331 1630,1325 1719,1325 1809,1319 1898,1319 1988,1319 2077,1313 2167,1313 2257,1313 2346,1307 2436,1301 2525,1301 2615,1295 2704,1295 2794,1295 2883,1295 2973,1283 3063,1283 3152,1277"/>
                <TextEquiv>
                    <Unicode>Als der Wagen über die Brücke einbog,wandte</Unicode>
                </TextEquiv>
            </TextLine>
            <TextLine id="tr_1_tl_5" custom="readingOrder {index:4;}">
                <Coords points="905,1519 3139,1471 3161,1332 908,1426"/>
                <Baseline points="925,1480 931,1486 1021,1486 1110,1486 1200,1486 1289,1480 1379,1480 1468,1480 1558,1480 1647,1474 1737,1468 1827,1468 1916,1468 2006,1462 2095,1462 2185,1456 2274,1450 2364,1450 2454,1450 2543,1450 2633,1450 2722,1444 2812,1444 2901,1438 2991,1438 3081,1433 3170,1421"/>
                <TextEquiv>
                    <Unicode>der Konsul sich nach den preien um und Wink-</Unicode>
                </TextEquiv>
            </TextLine>
            <TextLine id="tr_1_tl_6" custom="readingOrder {index:5;}">
                <Coords points="1212,1568 2541,1565 2667,1545 2667,1480 1212,1513"/>
                <Baseline points="1230,1546 1241,1546 1331,1546 1421,1546 1510,1546 1600,1546 1689,1546 1779,1540 1868,1540 1958,1540 2048,1534 2137,1540 2227,1534 2316,1534 2406,1534 2495,1534 2585,1528 2674,1522"/>
                <TextEquiv>
                    <Unicode>in lebtefter Unterhaltung beruffen</Unicode>
                </TextEquiv>
            </TextLine>
            <TextLine id="tr_1_tl_7" custom="readingOrder {index:6;}">
                <Coords points="934,1668 2777,1652 3106,1632 3110,1555 1516,1594 941,1519"/>
                <Baseline points="955,1642 967,1642 1056,1636 1146,1636 1235,1636 1325,1636 1415,1636 1504,1636 1594,1630 1683,1630 1773,1624 1862,1624 1952,1618 2042,1618 2131,1612 2221,1612 2310,1612 2400,1606 2489,1606 2579,1600 2669,1600 2758,1594 2848,1594 2937,1588 3027,1588 3116,1594"/>
                <TextEquiv>
                    <Unicode>te ihnen zu. Doch die merkten es nicht mehr.</Unicode>
                </TextEquiv>
            </TextLine>
            <TextLine id="tr_1_tl_8" custom="readingOrder {index:7;}">
                <Coords points="1332,1788 2625,1813 2719,1758 2955,1788 2958,1674 2631,1645 1982,1720 1771,1662 1332,1716"/>
                <Baseline points="1349,1785 1438,1779 1528,1773 1618,1779 1707,1773 1797,1773 1886,1773 1976,1773 2065,1767 2155,1767 2245,1761 2334,1755 2424,1755 2513,1755 2603,1749 2692,1749 2782,1749 2872,1743 2961,1737"/>
                <TextEquiv>
                    <Unicode>Sie fuhren durch die schlafende</Unicode>
                </TextEquiv>
            </TextLine>
            <TextLine id="tr_1_tl_9" custom="readingOrder {index:8;}">
                <Coords points="924,1952 2984,1956 3009,1849 924,1862"/>
                <Baseline points="943,1928 955,1934 1044,1940 1134,1934 1224,1934 1313,1940 1403,1934 1492,1934 1582,1934 1671,1928 1761,1928 1850,1922 1940,1922 2030,1916 2119,1916 2209,1916 2298,1910 2388,1910 2477,1904 2567,1904 2657,1898 2746,1898 2836,1898 2925,1898 3015,1892"/>
                <TextEquiv>
                    <Unicode>Kurstatdt, kein laut war zu vernehmen als</Unicode>
                </TextEquiv>
            </TextLine>
            <TextLine id="tr_1_tl_10" custom="readingOrder {index:9;}">
                <Coords points="931,2121 3103,2066 3106,1965 1458,2020 1199,1962 934,2027"/>
                <Baseline points="949,2095 961,2095 1050,2095 1140,2089 1230,2089 1319,2089 1409,2083 1498,2083 1588,2083 1677,2077 1767,2077 1856,2077 1946,2077 2036,2071 2125,2071 2215,2071 2304,2065 2394,2059 2483,2059 2573,2048 2663,2054 2752,2054 2842,2048 2931,2042 3021,2042 3110,2042"/>
                <TextEquiv>
                    <Unicode>der klappernde Hufschlag der Pferde. „Etwas</Unicode>
                </TextEquiv>
            </TextLine>
            <TextLine id="tr_1_tl_11" custom="readingOrder {index:10;}">
                <Coords points="2538,2143 2761,2153 2812,2133 2854,2153 2932,2137 2951,2156 3003,2146 3006,2062 2951,2078 2925,2056 2870,2075 2845,2059 2790,2078 2731,2062 2644,2085 2622,2066 2592,2088 2541,2075"/>
                <Baseline points="2555,2125 2561,2125 2651,2131 2740,2125 2830,2125 2919,2119 3009,2113"/>
                <TextEquiv>
                    <Unicode>verspürte</Unicode>
                </TextEquiv>
            </TextLine>
            <TextLine id="tr_1_tl_12" custom="readingOrder {index:11;}">
                <Coords points="931,2272 3068,2247 3161,2137 934,2163"/>
                <Baseline points="949,2245 1015,2245 1104,2245 1194,2245 1283,2245 1373,2245 1462,2239 1552,2239 1642,2233 1731,2227 1821,2227 1910,2221 2000,2227 2089,2227 2179,2221 2268,2215 2358,2215 2448,2215 2537,2209 2627,2215 2716,2203 2806,2203 2895,2203 2985,2197 3075,2197 3164,2203"/>
                <TextEquiv>
                    <Unicode>kühl, bemerkte der Konsul. Willi wenig</Unicode>
                </TextEquiv>
            </TextLine>
            <TextLine id="tr_1_tl_13" custom="readingOrder {index:12;}">
                <Coords points="2751,2298 2887,2308 2916,2289 2951,2289 3009,2311 3094,2285 3126,2305 3129,2221 3106,2217 3061,2243 2987,2205 2909,2237 2874,2208 2825,2247 2751,2260"/>
                <Baseline points="2770,2286 2776,2286 2866,2286 2955,2286 3045,2280 3134,2274"/>
                <TextEquiv>
                    <Unicode>at dart</Unicode>
                </TextEquiv>
            </TextLine>
            <TextLine id="tr_1_tl_14" custom="readingOrder {index:13;}">
                <Coords points="937,2434 2596,2366 2896,2415 3016,2308 1952,2331 1671,2266 937,2334"/>
                <Baseline points="955,2400 961,2400 1050,2400 1140,2400 1230,2394 1319,2394 1409,2388 1498,2388 1588,2388 1677,2394 1767,2388 1856,2382 1946,2382 2036,2376 2125,2376 2215,2370 2304,2370 2394,2364 2483,2364 2573,2358 2663,2358 2752,2358 2842,2358 2931,2352 3021,2346"/>
                <TextEquiv>
                    <Unicode>Lust ein Gespräch zu führen, aberermusete</Unicode>
                </TextEquiv>
            </TextLine>
            <TextLine id="tr_1_tl_15" custom="readingOrder {index:14;}">
                <Coords points="2392,2463 2431,2460 2457,2470 2495,2453 2508,2466 2550,2470 2557,2399 2541,2395 2525,2405 2483,2386 2441,2395 2399,2382"/>
                <Baseline points="2412,2460 2471,2448 2561,2448"/>
                <TextEquiv>
                    <Unicode>in</Unicode>
                </TextEquiv>
            </TextLine>
            <TextLine id="tr_1_tl_16" custom="readingOrder {index:15;}">
                <Coords points="685,2505 1093,2479 1270,2512 1480,2460 1736,2492 1739,2402 1548,2434 1474,2395 1254,2405 1122,2444 689,2399"/>
                <Baseline points="704,2477 758,2483 847,2483 937,2477 1027,2471 1116,2477 1206,2471 1295,2465 1385,2471 1474,2460 1564,2460 1653,2465 1743,2465"/>
                <TextEquiv>
                    <Unicode>die holwendigkeit in se</Unicode>
                </TextEquiv>
            </TextLine>
            <TextLine id="tr_1_tl_17" custom="readingOrder {index:16;}">
                <Coords points="944,2596 1982,2544 2321,2615 2466,2531 2909,2557 2935,2441 947,2492"/>
                <Baseline points="961,2561 967,2555 1056,2561 1146,2555 1235,2555 1325,2555 1415,2549 1504,2549 1594,2543 1683,2543 1773,2537 1862,2537 1952,2531 2042,2531 2131,2525 2221,2525 2310,2525 2400,2525 2489,2519 2579,2513 2669,2513 2758,2513 2848,2507 2937,2501"/>
                <TextEquiv>
                    <Unicode>doch wohl reden und wäre es nur, um den</Unicode>
                </TextEquiv>
            </TextLine>
            <TextLine id="tr_1_tl_18" custom="readingOrder {index:17;}">
                <Coords points="937,2725 3113,2693 3113,2609 2883,2538 2557,2618 941,2596"/>
                <Baseline points="955,2704 973,2704 1062,2704 1152,2704 1241,2698 1331,2698 1421,2698 1510,2698 1600,2692 1689,2692 1779,2692 1868,2686 1958,2680 2048,2680 2137,2680 2227,2680 2316,2674 2406,2674 2495,2674 2585,2669 2674,2669 2764,2663 2854,2663 2943,2657 3033,2657 3122,2663"/>
                <TextEquiv>
                    <Unicode>Konsul in freundlicher Stimmung zu halten,</Unicode>
                </TextEquiv>
            </TextLine>
            <TextLine id="tr_1_tl_19" custom="readingOrder {index:18;}">
                <Coords points="899,2935 1206,2854 1516,2925 1943,2835 3035,2870 3074,2761 905,2754"/>
                <Baseline points="919,2854 931,2860 1021,2866 1110,2860 1200,2854 1289,2854 1379,2848 1468,2848 1558,2848 1647,2848 1737,2842 1827,2842 1916,2836 2006,2836 2095,2836 2185,2830 2274,2824 2364,2824 2454,2824 2543,2824 2633,2824 2722,2818 2812,2818 2901,2812 2991,2812 3081,2806"/>
                <TextEquiv>
                    <Unicode>denn - dies war der einzige klare Gedanke</Unicode>
                </TextEquiv>
            </TextLine>
            <TextLine id="tr_1_tl_20" custom="readingOrder {index:19;}">
                <Coords points="937,3094 1752,3009 1881,3110 2033,3009 3032,2987 3032,2909 2883,2877 941,2919"/>
                <Baseline points="955,3009 979,3009 1068,3015 1158,3015 1247,3015 1337,3003 1427,3003 1516,2997 1606,2997 1695,2991 1785,2991 1874,2991 1964,2985 2054,2985 2143,2985 2233,2985 2322,2979 2412,2979 2501,2973 2591,2973 2680,2967 2770,2967 2860,2967 2949,2967 3039,2967"/>
                <TextEquiv>
                    <Unicode>in Willys Hirn - vorläufig blieb nur eins</Unicode>
                </TextEquiv>
            </TextLine>
            <TextLine id="tr_1_tl_21" custom="readingOrder {index:20;}">
                <Coords points="937,3207 3097,3152 3184,3042 2046,3042 1881,3110 1160,3026 941,3090"/>
                <Baseline points="955,3158 1038,3164 1128,3164 1218,3164 1307,3164 1397,3158 1486,3158 1576,3152 1665,3146 1755,3146 1845,3140 1934,3140 2024,3140 2113,3134 2203,3134 2292,3134 2382,3128 2471,3128 2561,3128 2651,3122 2740,3122 2830,3122 2919,3116 3009,3122 3098,3110 3188,3110"/>
                <TextEquiv>
                    <Unicode>übrig Aufschub zu erwirken.) Man durfte doch</Unicode>
                </TextEquiv>
            </TextLine>
            <TextLine id="tr_1_tl_22" custom="readingOrder {index:21;}">
                <Coords points="937,3342 3094,3304 3097,3194 941,3207"/>
                <Baseline points="955,3313 1044,3319 1134,3313 1224,3313 1313,3307 1403,3307 1492,3301 1582,3301 1671,3301 1761,3295 1850,3295 1940,3289 2030,3289 2119,3284 2209,3284 2298,3284 2388,3284 2477,3278 2567,3278 2657,3272 2746,3272 2836,3278 2925,3272 3015,3266 3104,3260"/>
                <TextEquiv>
                    <Unicode>nicht gleich die sache verloren gebenZeit</Unicode>
                </TextEquiv>
            </TextLine>
            <TextLine id="tr_1_tl_23" custom="readingOrder {index:22;}">
                <Coords points="941,3533 1584,3459 2793,3472 3048,3439 3051,3359 1448,3320 944,3401"/>
                <Baseline points="961,3475 997,3475 1086,3469 1176,3469 1265,3463 1355,3463 1444,3457 1534,3457 1624,3457 1713,3457 1803,3451 1892,3451 1982,3445 2071,3445 2161,3439 2251,3439 2340,3433 2430,3433 2519,3427 2609,3427 2698,3421 2788,3421 2877,3421 2967,3421 3057,3415"/>
                <TextEquiv>
                    <Unicode>gewonnen, alles gewonnen. Aber wie? KinVer</Unicode>
                </TextEquiv>
            </TextLine>
            <TextLine id="tr_1_tl_24" custom="readingOrder {index:23;}">
                <Coords points="944,3704 1506,3620 2922,3614 3061,3588 3064,3520 1558,3465 947,3540"/>
                <Baseline points="961,3642 1009,3630 1098,3624 1188,3618 1277,3612 1367,3612 1456,3606 1546,3606 1636,3606 1725,3600 1815,3600 1904,3594 1994,3594 2083,3594 2173,3588 2262,3588 2352,3588 2442,3588 2531,3582 2621,3582 2710,3576 2800,3570 2889,3570 2979,3570 3069,3558"/>
                <TextEquiv>
                    <Unicode>such hei onkel Robert musste gemacht wer-</Unicode>
                </TextEquiv>
            </TextLine>
            <TextLine id="tr_1_tl_25" custom="readingOrder {index:24;}">
                <Coords points="2699,3672 2725,3666 2754,3672 2770,3656 2803,3646 2838,3682 2851,3682 2883,3653 2900,3653 2900,3591 2883,3591 2867,3578 2858,3585 2828,3582 2819,3572 2790,3591 2773,3578 2731,3598 2699,3588"/>
                <Baseline points="2716,3636 2806,3636 2895,3636 2907,3642"/>
                <TextEquiv>
                    <Unicode>men</Unicode>
                </TextEquiv>
            </TextLine>
            <TextLine id="tr_1_tl_26" custom="readingOrder {index:25;}">
                <Coords points="924,3827 1451,3766 1914,3824 2327,3737 2534,3827 2731,3743 3071,3782 3074,3649 928,3688"/>
                <Baseline points="943,3779 1021,3779 1110,3779 1200,3773 1289,3767 1379,3767 1468,3761 1558,3761 1647,3755 1737,3755 1827,3755 1916,3755 2006,3749 2095,3749 2185,3743 2274,3737 2364,3737 2454,3743 2543,3737 2633,3731 2722,3731 2812,3731 2901,3731 2991,3725 3081,3719"/>
                <TextEquiv>
                    <Unicode>den, zum Totschiessen war dann noch Zeit</Unicode>
                </TextEquiv>
            </TextLine>
            <TextLine id="tr_1_tl_27" custom="readingOrder {index:26;}">
                <Coords points="924,3999 1626,3908 3058,3918 3061,3798 928,3831"/>
                <Baseline points="943,3934 1003,3928 1092,3928 1182,3934 1271,3928 1361,3928 1450,3922 1540,3916 1630,3910 1719,3904 1809,3904 1898,3904 1988,3899 2077,3899 2167,3899 2257,3893 2346,3893 2436,3893 2525,3887 2615,3881 2704,3887 2794,3881 2883,3875 2973,3881 3063,3893"/>
                <TextEquiv>
                    <Unicode>genug.- „Mit den vierundzwanzig Stunden“,</Unicode>
                </TextEquiv>
            </TextLine>
            <TextLine id="tr_1_tl_28" custom="readingOrder {index:27;}">
                <Coords points="2602,3986 2638,3992 2670,3976 2693,3992 2735,3966 2761,3966 2796,3973 2819,3992 2858,3989 2858,3905 2819,3905 2812,3895 2790,3915 2764,3902 2722,3924 2670,3885 2628,3918 2609,3911"/>
                <Baseline points="2621,3970 2686,3964 2776,3958 2866,3952"/>
                <TextEquiv>
                    <Unicode>Thun</Unicode>
                </TextEquiv>
            </TextLine>
            <TextLine id="tr_1_tl_29" custom="readingOrder {index:28;}">
                <Coords points="944,4112 2350,4121 2450,4054 3055,4112 3087,3960 947,3957"/>
                <Baseline points="961,4090 1032,4084 1122,4078 1212,4072 1301,4072 1391,4072 1480,4072 1570,4066 1659,4066 1749,4066 1839,4060 1928,4060 2018,4054 2107,4054 2197,4048 2286,4042 2376,4042 2465,4042 2555,4048 2645,4048 2734,4042 2824,4042 2913,4036 3003,4036 3092,4036"/>
                <TextEquiv>
                    <Unicode>sagte der Konsul nach einer Pause, „wollen</Unicode>
                </TextEquiv>
            </TextLine>
        </TextRegion>
        <TextRegion id="tr_2" custom="readingOrder {index:1;}">
            <Coords points="3982,427 6753,427 6753,4213 3982,4213"/>
            <TextLine id="tr_2_tl_1" custom="readingOrder {index:0;}">
                <Coords points="4933,514 6029,627 6349,517 6533,550 6530,411 6093,472 5764,404 5531,462 5266,388 4930,401"/>
                <Baseline points="4949,477 5039,483 5129,495 5218,501 5308,507 5397,519 5487,525 5576,525 5666,531 5755,531 5845,531 5935,531 6024,537 6114,537 6203,531 6293,531 6382,525 6472,531 6538,525"/>
                <TextEquiv>
                    <Unicode>d. den konlken fels schil " 99</Unicode>
                </TextEquiv>
            </TextLine>
            <TextLine id="tr_2_tl_2" custom="readingOrder {index:1;}">
                <Coords points="4299,747 4332,737 4406,747 4435,740 4451,721 4490,724 4471,537 4445,546 4435,540 4416,562 4370,559 4332,592 4315,588 4306,601 4286,601"/>
                <Baseline points="4311,680 4400,686 4490,698 4496,698"/>
                <TextEquiv>
                    <Unicode>8e</Unicode>
                </TextEquiv>
            </TextLine>
            <TextLine id="tr_2_tl_3" custom="readingOrder {index:2;}">
                <Coords points="4341,905 6116,1012 6717,1154 6701,986 6604,967 4325,740"/>
                <Baseline points="4352,829 4442,841 4531,853 4621,865 4711,871 4800,877 4890,889 4979,901 5069,907 5158,919 5248,931 5338,937 5427,949 5517,955 5606,961 5696,973 5785,979 5875,985 5964,997 6054,997 6144,1009 6233,1021 6323,1032 6412,1038 6502,1050 6591,1062 6681,1062 6717,1068"/>
                <TextEquiv>
                    <Unicode>wir’s nicht so genau nehmen". - Mit welchen</Unicode>
                </TextEquiv>
            </TextLine>
            <TextLine id="tr_2_tl_4" custom="readingOrder {index:3;}">
                <Coords points="4180,1021 5405,1089 6096,1251 6420,1199 6675,1306 6659,1141 6258,1034 4167,879"/>
                <Baseline points="4191,961 4281,979 4370,985 4460,997 4549,1009 4639,1015 4728,1027 4818,1027 4908,1038 4997,1044 5087,1056 5176,1068 5266,1080 5355,1086 5445,1092 5535,1104 5624,1116 5714,1122 5803,1134 5893,1146 5982,1152 6072,1164 6162,1170 6251,1176 6341,1188 6430,1194 6520,1200 6609,1206 6669,1206"/>
                <TextEquiv>
                    <Unicode>xxx vierundzwanzig - ach ###dachte Willy und</Unicode>
                </TextEquiv>
            </TextLine>
            <TextLine id="tr_2_tl_5" custom="readingOrder {index:4;}">
                <Coords points="4823,1131 4939,1125 5111,1173 5188,1138 5343,1199 5392,1160 5479,1209 5531,1177 5631,1215 5692,1196 5686,1125 5644,1115 5550,1141 5405,1089 5334,1122 5149,1070 4816,1067"/>
                <Baseline points="4836,1104 4926,1110 4979,1116 4991,1116 5081,1122 5170,1128 5260,1140 5349,1152 5439,1158 5529,1164 5618,1176 5702,1176"/>
                <TextEquiv>
                    <Unicode>worff die Schlesenk</Unicode>
                </TextEquiv>
            </TextLine>
            <TextLine id="tr_2_tl_6" custom="readingOrder {index:5;}">
                <Coords points="4176,1157 6646,1367 6640,1299 6103,1254 5941,1157 5350,1202 4642,1034 4170,1060"/>
                <Baseline points="4191,1116 4281,1128 4370,1134 4460,1146 4549,1158 4639,1164 4728,1170 4818,1182 4908,1194 4997,1200 5087,1212 5176,1224 5266,1230 5355,1235 5445,1241 5535,1259 5624,1259 5714,1271 5803,1277 5893,1283 5982,1289 6072,1301 6162,1313 6251,1319 6341,1331 6430,1337 6520,1337 6609,1337 6651,1337"/>
                <TextEquiv>
                    <Unicode>er atmete auf. Ich wollte sie eben er-</Unicode>
                </TextEquiv>
            </TextLine>
            <TextLine id="tr_2_tl_7" custom="readingOrder {index:6;}">
                <Coords points="4170,1329 6749,1519 6737,1358 6643,1341 4163,1228"/>
                <Baseline points="4185,1283 4275,1283 4364,1289 4454,1301 4543,1307 4633,1313 4723,1325 4812,1331 4902,1337 4991,1343 5081,1355 5170,1367 5260,1373 5349,1385 5439,1385 5529,1397 5618,1403 5708,1409 5797,1415 5887,1427 5976,1433 6066,1444 6156,1450 6245,1462 6335,1462 6424,1474 6514,1474 6603,1486 6693,1486 6753,1486"/>
                <TextEquiv>
                    <Unicode>suchen.Herr Konsul, da ich hegreiflicherwei-</Unicode>
                </TextEquiv>
            </TextLine>
            <TextLine id="tr_2_tl_8" custom="readingOrder {index:7;}">
                <Coords points="4290,1493 6058,1610 6261,1687 6507,1629 6478,1484 6126,1523 4277,1364"/>
                <Baseline points="4305,1450 4394,1450 4484,1456 4573,1462 4663,1468 4752,1474 4842,1480 4931,1492 5021,1498 5111,1504 5200,1510 5290,1516 5379,1528 5469,1534 5558,1546 5648,1558 5738,1558 5827,1570 5917,1576 6006,1588 6096,1594 6185,1600 6275,1606 6365,1606 6454,1606 6514,1612"/>
                <TextEquiv>
                    <Unicode>se die ganze Summe nicht flässig habe"-</Unicode>
                </TextEquiv>
            </TextLine>
            <TextLine id="tr_2_tl_9" custom="readingOrder {index:8;}">
                <Coords points="4309,1616 6252,1852 6617,1807 6559,1619 6261,1687 4703,1487 4302,1532"/>
                <Baseline points="4322,1600 4412,1600 4502,1612 4591,1618 4681,1624 4770,1630 4860,1636 4949,1647 5039,1653 5129,1659 5218,1671 5308,1677 5397,1689 5487,1695 5576,1701 5666,1707 5755,1713 5845,1719 5935,1731 6024,1737 6114,1743 6203,1755 6293,1761 6382,1767 6472,1773 6562,1779 6621,1767"/>
                <TextEquiv>
                    <Unicode>„Selbstverständlich“,sagte der Konsulab-</Unicode>
                </TextEquiv>
            </TextLine>
            <TextLine id="tr_2_tl_10" custom="readingOrder {index:9;}">
                <Coords points="4399,1823 4923,1813 6235,1994 6659,1943 6585,1804 6449,1868 6058,1771 5890,1826 5191,1700 4387,1694"/>
                <Baseline points="4412,1749 4502,1755 4591,1767 4681,1773 4770,1785 4860,1785 4949,1791 5039,1803 5129,1815 5218,1821 5308,1827 5397,1839 5487,1845 5576,1850 5666,1856 5755,1868 5845,1874 5935,1880 6024,1886 6114,1892 6203,1904 6293,1910 6382,1916 6472,1922 6562,1928 6651,1928 6663,1922"/>
                <TextEquiv>
                    <Unicode>während.- Die Hufschläge klapperten, ein Wi-</Unicode>
                </TextEquiv>
            </TextLine>
            <TextLine id="tr_2_tl_11" custom="readingOrder {index:10;}">
                <Coords points="4454,1956 5544,2014 5922,2137 6016,2072 6213,2140 6581,2104 6568,1949 6054,2007 5650,1891 5185,1940 4923,1813 4441,1813"/>
                <Baseline points="4466,1904 4555,1916 4645,1922 4734,1928 4824,1940 4914,1946 5003,1958 5093,1964 5182,1976 5272,1982 5361,1988 5451,1994 5541,2000 5630,2006 5720,2012 5809,2030 5899,2030 5988,2036 6078,2042 6167,2054 6257,2059 6347,2065 6436,2077 6526,2083 6585,2083"/>
                <TextEquiv>
                    <Unicode>derhall tönte,sie fuhren unter einem via-</Unicode>
                </TextEquiv>
            </TextLine>
            <TextLine id="tr_2_tl_12" custom="readingOrder {index:11;}">
                <Coords points="4432,2117 6559,2260 6549,2121 6433,2085 5990,2169 5547,2014 4422,2001"/>
                <Baseline points="4442,2059 4531,2071 4621,2077 4711,2083 4800,2089 4890,2095 4979,2107 5069,2113 5158,2125 5248,2131 5338,2143 5427,2149 5517,2155 5606,2161 5696,2173 5785,2179 5875,2185 5964,2191 6054,2197 6144,2209 6233,2215 6323,2227 6412,2233 6502,2239 6568,2245"/>
                <TextEquiv>
                    <Unicode>dukt der freien Landschaft zu. „Wenn ich</Unicode>
                </TextEquiv>
            </TextLine>
            <TextLine id="tr_2_tl_13" custom="readingOrder {index:12;}">
                <Coords points="4409,2247 5970,2431 6695,2415 6685,2321 6501,2276 4399,2140"/>
                <Baseline points="4424,2209 4514,2221 4603,2233 4693,2239 4782,2245 4872,2251 4961,2257 5051,2268 5140,2274 5230,2280 5320,2292 5409,2298 5499,2304 5588,2310 5678,2316 5767,2322 5857,2334 5947,2346 6036,2352 6126,2364 6215,2370 6305,2376 6394,2388 6484,2388 6574,2400 6663,2400 6699,2406"/>
                <TextEquiv>
                    <Unicode>nämlich auf den üblichen vierundzanzig Stur</Unicode>
                </TextEquiv>
            </TextLine>
            <TextLine id="tr_2_tl_14" custom="readingOrder {index:13;}">
                <Coords points="4396,2399 5822,2495 6187,2628 6701,2586 6695,2499 5815,2437 5644,2353 4390,2331"/>
                <Baseline points="4412,2376 4502,2376 4591,2382 4681,2394 4770,2400 4860,2406 4949,2412 5039,2424 5129,2430 5218,2442 5308,2442 5397,2454 5487,2460 5576,2465 5666,2471 5755,2483 5845,2489 5935,2501 6024,2507 6114,2513 6203,2519 6293,2531 6382,2537 6472,2549 6562,2555 6651,2555 6705,2555"/>
                <TextEquiv>
                    <Unicode>den bestände“, sagte der Konsul heiter, wären</Unicode>
                </TextEquiv>
            </TextLine>
            <TextLine id="tr_2_tl_15" custom="readingOrder {index:14;}">
                <Coords points="5224,2386 5246,2379 5263,2392 5285,2386 5305,2399 5327,2386 5350,2402 5389,2389 5385,2334 5340,2321 5321,2331 5311,2324 5301,2327 5259,2292 5246,2292 5233,2308 5217,2308"/>
                <Baseline points="5242,2376 5332,2388 5397,2388"/>
                <TextEquiv>
                    <Unicode>hofe</Unicode>
                </TextEquiv>
            </TextLine>
            <TextLine id="tr_2_tl_16" custom="readingOrder {index:15;}">
                <Coords points="6423,2483 6442,2476 6459,2486 6539,2479 6585,2499 6594,2489 6614,2489 6610,2411 6588,2418 6562,2408 6556,2415 6539,2411 6533,2421 6478,2405 6459,2386 6420,2392"/>
                <Baseline points="6442,2454 6532,2454 6621,2465"/>
                <TextEquiv>
                    <Unicode>fore</Unicode>
                </TextEquiv>
            </TextLine>
            <TextLine id="tr_2_tl_17" custom="readingOrder {index:16;}">
                <Coords points="4387,2541 6656,2748 6643,2605 6184,2622 5831,2505 4674,2408 4380,2460"/>
                <Baseline points="4400,2525 4490,2525 4579,2531 4669,2537 4758,2549 4848,2555 4937,2561 5027,2573 5117,2579 5206,2585 5296,2597 5385,2603 5475,2609 5564,2621 5654,2627 5744,2639 5833,2639 5923,2651 6012,2657 6102,2669 6191,2674 6281,2680 6370,2692 6460,2698 6550,2704 6639,2710 6657,2716"/>
                <TextEquiv>
                    <Unicode>Sie verpflichtet mir mitten in der Nacht um</Unicode>
                </TextEquiv>
            </TextLine>
            <TextLine id="tr_2_tl_18" custom="readingOrder {index:17;}">
                <Coords points="4357,2725 5734,2809 6032,2919 6229,2835 6672,2896 6662,2764 5987,2777 5705,2660 4341,2560"/>
                <Baseline points="4370,2669 4460,2680 4549,2686 4639,2692 4728,2698 4818,2704 4908,2716 4997,2722 5087,2728 5176,2740 5266,2752 5355,2758 5445,2764 5535,2776 5624,2776 5714,2788 5803,2800 5893,2806 5982,2812 6072,2818 6162,2824 6251,2836 6341,2842 6430,2848 6520,2854 6609,2866 6675,2866"/>
                <TextEquiv>
                    <Unicode>halbdrei Ihre Schuld zu zahlen. Das wäre um</Unicode>
                </TextEquiv>
            </TextLine>
            <TextLine id="tr_2_tl_19" custom="readingOrder {index:18;}">
                <Coords points="4367,2877 5311,2912 5980,3064 6210,2987 6494,3013 6484,2870 5479,2890 5282,2770 4471,2696 4357,2754"/>
                <Baseline points="4382,2818 4472,2836 4561,2842 4651,2848 4740,2860 4830,2866 4920,2872 5009,2877 5099,2883 5188,2889 5278,2901 5367,2907 5457,2919 5547,2931 5636,2937 5726,2943 5815,2949 5905,2955 5994,2967 6084,2973 6173,2979 6263,2991 6353,2997 6442,2997 6502,2997"/>
                <TextEquiv>
                    <Unicode>hequem für uns Beide. So setzen wir denn</Unicode>
                </TextEquiv>
            </TextLine>
            <TextLine id="tr_2_tl_20" custom="readingOrder {index:19;}">
                <Coords points="4163,2990 5754,3129 6048,3242 6513,3168 6504,3035 6290,2993 5996,3064 4807,2883 4154,2887"/>
                <Baseline points="4179,2961 4269,2967 4322,2967 4370,2967 4460,2979 4549,2991 4639,2997 4728,3009 4818,3015 4908,3021 4997,3033 5087,3039 5176,3051 5266,3057 5355,3063 5445,3069 5535,3075 5624,3086 5714,3092 5803,3098 5893,3110 5982,3116 6072,3128 6162,3134 6251,3146 6341,3152 6430,3158 6520,3164"/>
                <TextEquiv>
                    <Unicode>die stunde auf zwölf Uhr mittag fest,wenn</Unicode>
                </TextEquiv>
            </TextLine>
            <TextLine id="tr_2_tl_21" custom="readingOrder {index:20;}">
                <Coords points="5127,2971 5162,2964 5178,2980 5201,2977 5217,2987 5243,2980 5259,2987 5285,2977 5301,2987 5327,2984 5321,2916 5298,2912 5253,2942 5227,2935 5214,2922 5195,2929 5143,2896 5124,2900"/>
                <Baseline points="5146,2961 5236,2973 5326,2973 5332,2973"/>
                <TextEquiv>
                    <Unicode>tint</Unicode>
                </TextEquiv>
            </TextLine>
            <TextLine id="tr_2_tl_22" custom="readingOrder {index:21;}">
                <Coords points="4315,3155 5366,3236 6012,3384 6404,3300 6391,3171 6048,3242 5764,3126 4306,3022"/>
                <Baseline points="4334,3122 4424,3134 4514,3146 4603,3152 4693,3158 4782,3170 4872,3176 4961,3188 5051,3194 5140,3200 5230,3206 5320,3218 5409,3224 5499,3230 5588,3236 5678,3248 5767,3254 5857,3260 5947,3266 6036,3272 6126,3284 6215,3289 6305,3295 6394,3301 6412,3301"/>
                <TextEquiv>
                    <Unicode>es Ihnen recht ist. Ich werde in meinem</Unicode>
                </TextEquiv>
            </TextLine>
            <TextLine id="tr_2_tl_23" custom="readingOrder {index:22;}">
                <Coords points="4296,3320 5557,3465 6475,3462 6459,3297 6012,3384 5366,3236 5208,3291 5043,3207 4283,3161"/>
                <Baseline points="4311,3272 4400,3284 4490,3289 4579,3301 4669,3307 4758,3319 4848,3331 4937,3343 5027,3349 5117,3349 5206,3361 5296,3367 5385,3379 5475,3385 5564,3391 5654,3397 5744,3409 5833,3415 5923,3421 6012,3427 6102,3433 6191,3445 6281,3451 6370,3457 6460,3457 6478,3457"/>
                <TextEquiv>
                    <Unicode>Bureau sein" - Er entnahm seiner Briefta-</Unicode>
                </TextEquiv>
            </TextLine>
            <TextLine id="tr_2_tl_24" custom="readingOrder {index:23;}">
                <Coords points="3986,3439 6585,3659 6523,3468 5851,3523 4622,3323 3979,3349"/>
                <Baseline points="4000,3403 4090,3409 4179,3421 4269,3427 4358,3439 4448,3445 4537,3451 4627,3457 4717,3469 4806,3469 4896,3487 4985,3492 5075,3498 5164,3504 5254,3510 5343,3522 5433,3528 5523,3534 5612,3546 5702,3558 5791,3564 5881,3570 5970,3576 6060,3588 6150,3594 6239,3612 6329,3612 6418,3624 6508,3624 6585,3618"/>
                <TextEquiv>
                    <Unicode>sche eine Visitekarte, übergab sie Willy, der</Unicode>
                </TextEquiv>
            </TextLine>
            <TextLine id="tr_2_tl_25" custom="readingOrder {index:24;}">
                <Coords points="3999,3578 6462,3776 6410,3630 5712,3669 5043,3517 3989,3488"/>
                <Baseline points="4012,3558 4102,3564 4191,3582 4281,3588 4370,3594 4460,3600 4549,3606 4639,3612 4728,3624 4818,3630 4908,3636 4997,3648 5087,3654 5176,3660 5266,3672 5355,3678 5445,3684 5535,3690 5624,3696 5714,3701 5803,3713 5893,3713 5982,3725 6072,3737 6162,3743 6251,3755 6341,3761 6430,3761 6466,3761"/>
                <TextEquiv>
                    <Unicode>gisie aufmerksam betrachtete. Er konnte die</Unicode>
                </TextEquiv>
            </TextLine>
            <TextLine id="tr_2_tl_26" custom="readingOrder {index:25;}">
                <Coords points="4021,3753 5395,3850 5815,3966 6000,3885 6536,3931 6530,3837 6261,3753 5935,3834 4348,3620 4015,3692"/>
                <Baseline points="4036,3719 4125,3725 4215,3737 4305,3749 4394,3749 4484,3755 4573,3761 4663,3767 4752,3779 4842,3785 4931,3791 5021,3803 5111,3815 5200,3821 5290,3827 5379,3833 5469,3839 5558,3851 5648,3857 5738,3863 5827,3875 5917,3875 6006,3881 6096,3887 6185,3899 6275,3904 6365,3916 6454,3922 6544,3910"/>
                <TextEquiv>
                    <Unicode>Adresse schon lesen, so weit war wie Morgen-</Unicode>
                </TextEquiv>
            </TextLine>
            <TextLine id="tr_2_tl_27" custom="readingOrder {index:26;}">
                <Coords points="5347,3776 5395,3753 5469,3798 5625,3779 5728,3818 5760,3798 5974,3824 5964,3743 5941,3737 5903,3763 5747,3704 5702,3730 5392,3679 5340,3704"/>
                <Baseline points="5361,3731 5451,3737 5541,3755 5630,3767 5720,3773 5809,3785 5899,3785 5976,3785"/>
                <TextEquiv>
                    <Unicode>Helfordert</Unicode>
                </TextEquiv>
            </TextLine>
            <TextLine id="tr_2_tl_28" custom="readingOrder {index:27;}">
                <Coords points="4558,3856 4613,3873 4684,3843 4703,3856 4729,3847 4781,3860 4816,3879 4846,3863 4884,3869 4878,3798 4749,3814 4713,3792 4677,3801 4622,3772 4590,3801 4551,3795"/>
                <Baseline points="4573,3827 4663,3833 4752,3839 4842,3851 4890,3857"/>
                <TextEquiv>
                    <Unicode>man to</Unicode>
                </TextEquiv>
            </TextLine>
            <TextLine id="tr_2_tl_29" custom="readingOrder {index:28;}">
                <Coords points="3966,3889 5760,4151 6155,4066 6530,4128 6513,3927 6193,4018 5075,3840 3957,3801"/>
                <Baseline points="3982,3863 4072,3875 4161,3887 4251,3887 4340,3899 4430,3904 4520,3910 4609,3922 4699,3934 4788,3946 4878,3946 4967,3952 5057,3958 5146,3964 5236,3970 5326,3988 5415,3994 5505,4000 5594,4006 5684,4012 5773,4030 5863,4042 5953,4048 6042,4048 6132,4060 6221,4066 6311,4072 6400,4078 6490,4090 6532,4090"/>
                <TextEquiv>
                    <Unicode>dämmerung schon fortgeschritten. Wie meinen</Unicode>
                </TextEquiv>
            </TextLine>
            <TextLine id="tr_2_tl_30" custom="readingOrder {index:29;}">
                <Coords points="5227,3915 5250,3915 5272,3931 5295,3908 5311,3918 5321,3911 5343,3915 5353,3905 5359,3911 5379,3908 5376,3860 5359,3860 5334,3843 5317,3860 5311,3853 5298,3863 5272,3866 5253,3853 5240,3863 5224,3863"/>
                <Baseline points="5242,3893 5332,3893 5385,3899"/>
                <TextEquiv>
                    <Unicode>un</Unicode>
                </TextEquiv>
            </TextLine>
            <TextLine id="tr_2_tl_31" custom="readingOrder {index:30;}">
                <Coords points="5932,3963 5957,3953 6012,3973 6067,3973 6103,4002 6119,3992 6158,4015 6216,4008 6210,3931 6190,3934 6142,3895 6132,3911 6077,3905 6064,3915 6003,3885 5977,3898 5964,3889 5945,3915 5928,3915"/>
                <Baseline points="5947,3940 6036,3946 6126,3952 6215,3970 6221,3970"/>
                <TextEquiv>
                    <Unicode>Heefin</Unicode>
                </TextEquiv>
            </TextLine>
            <TextLine id="tr_2_tl_32" custom="readingOrder {index:31;}">
                <Coords points="3989,4054 4322,4034 5835,4222 5825,4138 5599,4076 5447,4118 5036,4018 4920,4076 4629,3953 3970,3889"/>
                <Baseline points="4000,4000 4090,4006 4179,4012 4269,4024 4358,4036 4448,4042 4537,4048 4627,4060 4717,4072 4806,4090 4896,4096 4985,4108 5075,4113 5164,4119 5254,4131 5343,4143 5433,4155 5523,4167 5612,4173 5702,4191 5791,4203 5839,4203"/>
                <TextEquiv>
                    <Unicode>dépar in Stande war die Artrük pr leu</Unicode>
                </TextEquiv>
            </TextLine>
        </TextRegion>
    </Page>
</PcGts>
