7064 4536
5931 185 6150 339 170
5231 231 5841 490 peut de Par
2651 616 2873 746 155
6183 598 6424 780 158
4263 681 6578 949 schon alles gesagt habe, also einmal binich
768 761 928 971 ed!
2836 783 3030 928 157
885 829 3024 1119 lich ihr Mann, Onkel, und wer weiss - Ja, ich
4229 891 6498 1181 (eines Abends) vor ihrer Haustüre,vielmehr in
848 1045 3110 1245 hab sogar den Eindruck,Onkel, dass alle die-
4294 1107 6347 1356 ihrer Strasse auf und ab gegangen -drei
4352 1208 4599 1298 asw.
823 1239 3116 1409 se besonderen Bedingungen gewissermassen in
4282 1270 5071 1467 Stunden lang—
5330 1310 6298 1535 xxxsare werle
838 1378 3027 1591 deinem Interesse gestellt) sind. Dass sie im
4651 1424 5145 1563 „Nun und?
6039 1470 6220 1628 G.H.F.P.
848 1510 3067 1686 Auszahlen der Rente mhan so genau ist, weil
4624 1492 6470 1788 (.Sie ist nicht sichtbar geworden.
866 1677 3070 1837 sie eben deine Noblesse kennt und dass sie
576 1680 737 1886 H de
4242 1677 6415 1862 Aber am nächsten Tag ist ein Brief von ihr
4762 1803 6627 1960 avec ce demi et je me voit écrouver en fill
866 1840 3012 1982 mit ihrer eigenen Person so sparsamist,um
4232 1908 6224 2065 gekommen:/ Wenn ich noch einmalvorihrem
5558 1979 6208 2090 sie theiout.
891 1973 2876 2164 sich deine Liebe zu erhalten. Und wer
4245 1964 6424 2222 Wohnhaus promeniere, dass ich sie in meinem
5598 2130 5971 2232 G.P.F.O.V.
860 2133 3156 2315 weiss, ob es ihr nicht gerade schmeicheln wür
4226 2127 6322 2349 Leben nicht wieder zu sehen bekomme. (Und
5407 2281 5918 2411 2. wilt. -
854 2296 3101 2444 de, wenn du einmal diese strenge Quarantaine
4217 2287 6365 2531 plötzlich aufstehende.So steht s(mitmir.)
5354 2432 5542 2534 G.C.F.P.
851 2454 2873 2632 durchbrechen und plötzlichbei ihr er-
4223 2484 6510 2673 Willy. Und ich sage dir, ob sie mich nun wirk-
894 2599 1890 2759 scheinen würdest" -
4214 2629 6495 2811 lich gern hat,os kommt mir manchmalso vor-
1141 2740 2978 2935 Und sie „fügte der Onkelhinzu“um
4205 2737 6365 2928 Zu Willys Erstaunen färbte ein flüchtiges
6150 2919 6378 3005 mit
885 2891 3150 3101 elftausend Gulden für meinen Neffen angehen
4205 2904 6523 3153 Rot die faltigen Wangen des alten Manns —. Ich
1181 3049 3058 3252 Ich versichere dich, onkel, dass ich
848 3039 1091 3206 T.F.P.
4201 3110 6424 3283 weiss,wenn mein eigenes Leben davon abhin-
4917 3190 5256 3295 olf
829 3237 2947 3394 in diesem Augenblick nicht daran gedacht
4205 3261 6344 3437 ge,von diesen xakntausend Gulden,as liess
808 3345 1245 3529 habe.°
4208 3351 6359 3582 mich eher zugrunde gehen, als dass ich sie
644 3502 3123 3699 Nun, es wäre dir zu verzeihen, "erit-
4208 3502 6519 3770 von ihr bekommen könnte.) Da wirst du viel eher
4220 3640 4590 3754 meddoi
598 3653 3033 3838 derte der Onkel. Aber auch diesen Versuch
4242 3665 6476 3970 den Herrn vonsul zur Nachgiebikeit bewegen,
1307 3791 1920 3927 prisse de fer
598 3804 3015 4007 sie einmal zu besuchen - Nein, das habe ich
4251 3986 4883 4192 melnem
644 3964 2972 4220 nicht riskiert - Aber ich bin - welich dir
