7192 4584
5311 514 6433 756 Universelleurs général
4267 699 6336 878 würden als etwa: armer Teufel. (Aberiner
4270 856 6373 1031 hat's ihm denn geschafft mehr zu riskie-
4267 1003 6383 1198 ren als er hatte zahlen können. Wir haben
4267 1198 6226 1379 ihn ja zurückhalten wollen den dummen
4220 1336 6449 1520 Kerl.) Und dann ein paar Schollen aufs Grab
4254 1499 6461 1677 und ein militärischer Salut(dann man starb
4267 1624 6355 1799 ja doch immerhin als offizier-und dann
5157 1759 5364 1853 selleur
4195 1828 6715 1959 abends ins Kaffeehaus zur Biblardpartie
4878 1906 5195 2000 Chicart.
4245 1947 6502 2079 und am nächsten sonntag wahrscheinlich wie-
4906 2057 5652 2169 [illegible] to
4239 2100 6283 2251 der die opielpartie in Baden, allerdings
4245 2238 6367 2423 ohne den Monsul Schnabel, der ja indessen
4242 2392 5721 2583 nach Amerika abgedampft war.
6145 2483 6558 2668 in de Slac
4759 2546 6452 2715 Aber jetzt,jetzt war er noch da,
4188 2712 6505 2872 (heute ging er auch noch ine Bursau) schon um
4245 2862 6389 3013 den Besuch des Herrn Leutnant Kasda abzu-
4239 3025 6493 3188 warten und die elftausend Gulden in Empfang
5706 3144 5862 3232 laid
4239 3191 6261 3345 zu nehmen. Nein, Herr Konsul,Sie werden
4226 3311 6380 3492 vergeblich warten. Es ist nicht so leicht
4226 3477 6386 3715 sich elftausend Gulden zu verschaffen als
940 3637 1298 3806 peutreur de
