<?xml version="1.0" encoding="UTF-8" standalone="yes"?>
<PcGts xmlns="http://schema.primaresearch.org/PAGE/gts/pagecontent/2013-07-15" xmlns:xsi="http://www.w3.org/2001/XMLSchema-instance" xsi:schemaLocation="http://schema.primaresearch.org/PAGE/gts/pagecontent/2013-07-15 http://schema.primaresearch.org/PAGE/gts/pagecontent/2013-07-15/pagecontent.xsd">
    <Metadata>
        <Creator>prov=READ-COOP:name=TrHtr:version=2.1.0:model_id=51170:date=14_08_2023_21:42</Creator>
        <Created>2023-05-10T14:46:04.090+02:00</Created>
        <LastChange>2023-08-14T21:42:15.349+02:00</LastChange>
        <TranskribusMetadata docId="1428676" pageId="55425042" pageNr="39" tsid="132826901" status="IN_PROGRESS" userId="64420" imgUrl="https://files.transkribus.eu/Get?id=VQSVKURKKCKRMHLPLFFDTDBC&amp;fileType=view" xmlUrl="https://files.transkribus.eu/Get?id=XMGELOUARCSNBSFWHKRNNJUY" imageId="44699119"/>
    </Metadata>
    <Page imageFilename="1428676_0039.jpg" imageWidth="7176" imageHeight="4504">
        <ReadingOrder>
            <OrderedGroup id="ro_1711812049507" caption="Regions reading order">
                <RegionRefIndexed index="0" regionRef="tr_2"/>
                <RegionRefIndexed index="1" regionRef="tr_1"/>
            </OrderedGroup>
        </ReadingOrder>
        <TextRegion id="tr_2" custom="readingOrder {index:0;}">
            <Coords points="591,941 3142,941 3142,4089 591,4089"/>
            <TextLine id="tr_2_tl_1" custom="readingOrder {index:0;}">
                <Coords points="574,1051 1685,1024 2082,1117 2869,1012 2872,880 577,958"/>
                <Baseline points="591,1039 621,1033 710,1027 800,1027 848,1027 901,1021 991,1021 1081,1021 1170,1021 1260,1021 1350,1021 1439,1015 1529,1015 1618,1015 1708,1015 1798,1015 1887,1009 1977,1009 2066,1009 2156,1009 2246,1003 2335,1003 2425,997 2514,997 2604,997 2694,991 2783,991 2873,991"/>
                <TextEquiv>
                    <Unicode>miten stattfinden sollen? Er antwortete</Unicode>
                </TextEquiv>
            </TextLine>
            <TextLine id="tr_2_tl_2" custom="readingOrder {index:1;}">
                <Coords points="1105,1141 1310,1105 1421,1138 1502,1093 1673,1129 1718,1096 1958,1093 1958,1045 1907,1036 1781,1057 1682,1021 1412,1030 1211,1060 1108,1027"/>
                <Baseline points="1123,1099 1158,1099 1248,1099 1338,1105 1427,1099 1517,1093 1606,1093 1696,1087 1786,1087 1875,1087 1965,1087"/>
                <TextEquiv>
                    <Unicode>curs ab enbois</Unicode>
                </TextEquiv>
            </TextLine>
            <TextLine id="tr_2_tl_3" custom="readingOrder {index:2;}">
                <Coords points="664,1198 2914,1186 3076,1156 3076,1039 2523,1117 667,1111"/>
                <Baseline points="680,1176 752,1170 842,1176 931,1170 1021,1170 1111,1176 1200,1170 1290,1170 1379,1176 1469,1170 1559,1164 1648,1164 1738,1164 1827,1164 1917,1158 2007,1164 2096,1158 2186,1158 2275,1152 2365,1152 2455,1152 2544,1146 2634,1146 2723,1146 2813,1140 2903,1140 2992,1134 3082,1134"/>
                <TextEquiv>
                    <Unicode>eilfertig, somelt er es imstande war.Nunaber</Unicode>
                </TextEquiv>
            </TextLine>
            <TextLine id="tr_2_tl_4" custom="readingOrder {index:3;}">
                <Coords points="1430,1265 2977,1253 3028,1247 3031,1162 1430,1195"/>
                <Baseline points="1445,1254 1511,1248 1600,1248 1690,1242 1780,1242 1869,1236 1959,1236 2048,1230 2138,1230 2228,1230 2317,1230 2407,1224 2496,1224 2586,1218 2676,1218 2765,1218 2855,1218 2944,1218 3034,1224"/>
                <TextEquiv>
                    <Unicode>er muss leide, crick ci e le</Unicode>
                </TextEquiv>
            </TextLine>
            <TextLine id="tr_2_tl_5" custom="readingOrder {index:4;}">
                <Coords points="829,1376 2866,1322 2866,1229 2736,1220 1430,1274 832,1186"/>
                <Baseline points="848,1326 901,1326 991,1326 1081,1326 1170,1326 1260,1320 1350,1320 1439,1326 1529,1326 1618,1320 1708,1320 1798,1320 1887,1314 1977,1314 2066,1314 2156,1314 2246,1308 2335,1308 2425,1302 2514,1302 2604,1302 2694,1296 2783,1296 2873,1296"/>
                <TextEquiv>
                    <Unicode>so sehr er es bedauerte, laidornehme der</Unicode>
                </TextEquiv>
            </TextLine>
            <TextLine id="tr_2_tl_6" custom="readingOrder {index:5;}">
                <Coords points="880,1520 2550,1451 2914,1502 2917,1325 2676,1400 883,1415"/>
                <Baseline points="896,1475 949,1481 1039,1475 1128,1475 1218,1475 1308,1469 1397,1469 1487,1469 1576,1469 1666,1469 1756,1469 1845,1469 1935,1463 2025,1463 2114,1463 2204,1463 2293,1457 2383,1457 2473,1451 2562,1445 2652,1445 2741,1445 2831,1445 2921,1439"/>
                <TextEquiv>
                    <Unicode>Zug keinerlei Rücksicht - Zwar beruhigte</Unicode>
                </TextEquiv>
            </TextLine>
            <TextLine id="tr_2_tl_7" custom="readingOrder {index:6;}">
                <Coords points="913,1643 2893,1667 3094,1616 3097,1535 916,1544"/>
                <Baseline points="931,1624 949,1624 1039,1630 1128,1630 1218,1624 1308,1624 1397,1624 1487,1624 1576,1624 1666,1618 1756,1618 1845,1618 1935,1612 2025,1612 2114,1612 2204,1618 2293,1612 2383,1612 2473,1612 2562,1606 2652,1600 2741,1600 2831,1600 2921,1594 3010,1594 3100,1594"/>
                <TextEquiv>
                    <Unicode>ihn Herr Kassner (dessen Augen geradezu mit</Unicode>
                </TextEquiv>
            </TextLine>
            <TextLine id="tr_2_tl_8" custom="readingOrder {index:7;}">
                <Coords points="904,1829 3022,1772 3022,1685 2460,1661 907,1718"/>
                <Baseline points="925,1780 967,1780 1057,1780 1146,1780 1236,1780 1326,1774 1415,1774 1505,1774 1594,1774 1684,1774 1774,1768 1863,1768 1953,1768 2042,1762 2132,1762 2222,1762 2311,1762 2401,1756 2490,1756 2580,1756 2670,1756 2759,1756 2849,1750 2938,1750 3028,1756"/>
                <TextEquiv>
                    <Unicode>Wohlgefallen auf ihm ruhten), dass Sonntag</Unicode>
                </TextEquiv>
            </TextLine>
            <TextLine id="tr_2_tl_9" custom="readingOrder {index:8;}">
                <Coords points="907,1973 3010,1940 3085,1838 910,1829"/>
                <Baseline points="925,1935 937,1935 1027,1935 1117,1929 1206,1929 1296,1929 1385,1929 1475,1929 1565,1923 1654,1923 1744,1923 1833,1917 1923,1917 2013,1917 2102,1917 2192,1917 2281,1911 2371,1911 2461,1911 2550,1911 2640,1905 2729,1905 2819,1905 2909,1899 2998,1899 3088,1893"/>
                <TextEquiv>
                    <Unicode>Abend alle Züge mindestens zwanzig Minuten</Unicode>
                </TextEquiv>
            </TextLine>
            <TextLine id="tr_2_tl_10" custom="readingOrder {index:9;}">
                <Coords points="895,2076 1171,2142 2406,2058 2658,2106 2878,2067 2881,2004 898,1982"/>
                <Baseline points="913,2066 1003,2078 1093,2084 1182,2084 1272,2084 1361,2078 1451,2078 1541,2078 1630,2072 1720,2072 1809,2072 1899,2066 1989,2066 2078,2066 2168,2066 2257,2066 2347,2060 2437,2060 2526,2060 2616,2060 2705,2060 2795,2054 2885,2060"/>
                <TextEquiv>
                    <Unicode>werspätung hätten, aber,meinte Wili,.da</Unicode>
                </TextEquiv>
            </TextLine>
            <TextLine id="tr_2_tl_11" custom="readingOrder {index:10;}">
                <Coords points="889,2253 2890,2247 3043,2157 889,2148"/>
                <Baseline points="907,2240 985,2234 1075,2234 1164,2234 1254,2234 1344,2234 1433,2228 1523,2228 1612,2228 1702,2228 1792,2222 1881,2222 1971,2222 2060,2222 2150,2222 2240,2216 2329,2216 2419,2216 2508,2210 2598,2210 2688,2210 2777,2210 2867,2204 2956,2204 3046,2204"/>
                <TextEquiv>
                    <Unicode>man sich darauf doch auch nicht verlassen</Unicode>
                </TextEquiv>
            </TextLine>
            <TextLine id="tr_2_tl_12" custom="readingOrder {index:11;}">
                <Coords points="889,2409 1343,2397 1601,2472 2346,2451 2343,2373 2271,2349 1949,2406 1610,2373 1382,2250 1244,2322 886,2265"/>
                <Baseline points="907,2383 997,2389 1087,2389 1176,2389 1266,2389 1355,2395 1409,2401 1427,2413 1517,2431 1606,2437 1696,2437 1786,2437 1875,2431 1965,2431 2054,2425 2144,2425 2234,2419 2323,2413 2353,2419"/>
                <TextEquiv>
                    <Unicode>könnte.o</Unicode>
                </TextEquiv>
            </TextLine>
            <TextLine id="tr_2_tl_13" custom="readingOrder {index:12;}">
                <Coords points="2349,2424 2379,2427 2391,2415 2403,2424 2430,2421 2463,2406 2529,2424 2547,2415 2562,2424 2571,2415 2595,2421 2601,2334 2583,2328 2535,2364 2520,2358 2469,2382 2460,2370 2427,2379 2391,2355 2352,2358"/>
                <Baseline points="2365,2413 2425,2407 2514,2401 2604,2401"/>
                <TextEquiv>
                    <Unicode>wol</Unicode>
                </TextEquiv>
            </TextLine>
            <TextLine id="tr_2_tl_14" custom="readingOrder {index:13;}">
                <Coords points="1256,2550 2854,2547 3031,2454 1259,2457"/>
                <Baseline points="1272,2532 1332,2532 1421,2526 1511,2532 1600,2532 1690,2526 1780,2532 1869,2526 1959,2520 2048,2520 2138,2520 2228,2514 2317,2514 2407,2514 2496,2514 2586,2514 2676,2514 2765,2508 2855,2508 2944,2502 3034,2496"/>
                <TextEquiv>
                    <Unicode>Er küsste allen Damen die Hand,wo-</Unicode>
                </TextEquiv>
            </TextLine>
            <TextLine id="tr_2_tl_15" custom="readingOrder {index:14;}">
                <Coords points="898,2709 3001,2664 2983,2565 901,2610"/>
                <Baseline points="919,2682 943,2688 1033,2688 1123,2688 1212,2682 1302,2682 1391,2682 1481,2682 1571,2682 1660,2682 1750,2676 1839,2670 1929,2670 2019,2670 2108,2670 2198,2670 2287,2664 2377,2664 2467,2670 2556,2664 2646,2664 2735,2664 2825,2664 2915,2658 3004,2652"/>
                <TextEquiv>
                    <Unicode>rüber Herr Kessner zu lächein schien, und</Unicode>
                </TextEquiv>
            </TextLine>
            <TextLine id="tr_2_tl_16" custom="readingOrder {index:15;}">
                <Coords points="1907,2772 1949,2772 1955,2778 1961,2772 1994,2781 2000,2775 2007,2781 2016,2772 2031,2778 2043,2769 2058,2769 2058,2703 2043,2703 2022,2691 2000,2703 1991,2700 1982,2706 1970,2700 1958,2709 1925,2691 1907,2691"/>
                <Baseline points="1923,2759 2013,2759 2066,2759"/>
                <TextEquiv>
                    <Unicode>me</Unicode>
                </TextEquiv>
            </TextLine>
            <TextLine id="tr_2_tl_17" custom="readingOrder {index:16;}">
                <Coords points="901,2860 3031,2821 3031,2754 2890,2715 1976,2784 1583,2700 1493,2763 901,2745"/>
                <Baseline points="919,2843 973,2843 1063,2843 1152,2843 1242,2843 1332,2837 1421,2837 1511,2837 1600,2831 1690,2831 1780,2831 1869,2825 1959,2825 2048,2825 2138,2825 2228,2825 2317,2819 2407,2819 2496,2819 2586,2819 2676,2819 2765,2813 2855,2813 2944,2807 3034,2807"/>
                <TextEquiv>
                    <Unicode>ein paar Sekünden drauf saas er im Fiaker</Unicode>
                </TextEquiv>
            </TextLine>
            <TextLine id="tr_2_tl_18" custom="readingOrder {index:17;}">
                <Coords points="895,3007 2812,2995 2860,2872 2499,2935 1712,2854 1460,2923 895,2908"/>
                <Baseline points="913,2992 985,2998 1075,2998 1164,2992 1254,2992 1344,2992 1433,2992 1523,2992 1612,2992 1702,2986 1792,2986 1881,2980 1971,2980 2060,2980 2150,2980 2240,2974 2329,2974 2419,2974 2508,2968 2598,2968 2688,2968 2777,2968 2867,2968"/>
                <TextEquiv>
                    <Unicode>des Konsuls. „Gischwind“,sagte er dem</Unicode>
                </TextEquiv>
            </TextLine>
            <TextLine id="tr_2_tl_19" custom="readingOrder {index:18;}">
                <Coords points="907,3160 3079,3166 3100,3031 910,3079"/>
                <Baseline points="925,3148 955,3153 1045,3148 1134,3148 1224,3142 1314,3142 1403,3142 1493,3142 1582,3142 1672,3136 1762,3136 1851,3136 1941,3130 2030,3130 2120,3130 2210,3130 2299,3130 2389,3124 2478,3124 2568,3124 2658,3118 2747,3118 2837,3118 2927,3118 3016,3118 3106,3124"/>
                <TextEquiv>
                    <Unicode>Kutscher, „Sie kriegen ein gutes Trinkgeld“.</Unicode>
                </TextEquiv>
            </TextLine>
            <TextLine id="tr_2_tl_20" custom="readingOrder {index:19;}">
                <Coords points="883,3328 2950,3310 3046,3283 3049,3178 1679,3220 1319,3163 886,3226"/>
                <Baseline points="901,3303 991,3303 1081,3303 1170,3297 1260,3297 1350,3297 1439,3297 1529,3291 1618,3291 1708,3291 1798,3291 1887,3285 1977,3285 2066,3285 2156,3285 2246,3279 2335,3279 2425,3279 2514,3279 2604,3279 2694,3273 2783,3273 2873,3273 2962,3267 3052,3273"/>
                <TextEquiv>
                    <Unicode>Das Versprechen schien keinerlei Eindruck</Unicode>
                </TextEquiv>
            </TextLine>
            <TextLine id="tr_2_tl_21" custom="readingOrder {index:20;}">
                <Coords points="895,3469 2827,3430 2953,3487 3106,3448 3109,3355 898,3340"/>
                <Baseline points="913,3446 961,3452 1051,3452 1140,3452 1230,3446 1320,3446 1409,3446 1499,3446 1588,3446 1678,3440 1768,3440 1857,3440 1947,3440 2036,3434 2126,3434 2216,3434 2305,3434 2395,3428 2484,3428 2574,3428 2664,3428 2753,3428 2843,3428 2932,3428 3022,3422 3112,3422"/>
                <TextEquiv>
                    <Unicode>auf den Kutscher zu machen, ja es war sogar</Unicode>
                </TextEquiv>
            </TextLine>
            <TextLine id="tr_2_tl_22" custom="readingOrder {index:21;}">
                <Coords points="904,3626 3010,3580 3010,3508 2664,3478 907,3502"/>
                <Baseline points="925,3607 955,3607 1045,3607 1134,3602 1224,3602 1314,3602 1403,3602 1493,3596 1582,3596 1672,3590 1762,3590 1851,3590 1941,3590 2030,3590 2120,3590 2210,3590 2299,3590 2389,3590 2478,3584 2568,3584 2658,3578 2747,3584 2837,3578 2927,3578 3016,3578"/>
                <TextEquiv>
                    <Unicode>ein deutlicher Mangel an pespekt in der</Unicode>
                </TextEquiv>
            </TextLine>
            <TextLine id="tr_2_tl_23" custom="readingOrder {index:22;}">
                <Coords points="1775,3695 1808,3695 1847,3662 1904,3680 1928,3668 1973,3668 1979,3611 1949,3608 1928,3623 1925,3617 1910,3623 1892,3611 1862,3632 1841,3604 1778,3623"/>
                <Baseline points="1792,3667 1803,3667 1893,3661 1983,3655"/>
                <TextEquiv>
                    <Unicode>it we</Unicode>
                </TextEquiv>
            </TextLine>
            <TextLine id="tr_2_tl_24" custom="readingOrder {index:23;}">
                <Coords points="895,3773 2842,3740 3136,3863 3139,3653 3073,3641 2463,3680 2229,3611 1802,3695 1634,3626 898,3629"/>
                <Baseline points="913,3757 991,3763 1081,3757 1170,3757 1260,3757 1350,3757 1439,3757 1529,3757 1618,3751 1708,3751 1798,3751 1887,3745 1977,3739 2066,3739 2156,3739 2246,3739 2335,3733 2425,3733 2514,3733 2604,3733 2694,3733 2783,3739 2873,3733 2962,3733 3052,3727 3142,3733"/>
                <TextEquiv>
                    <Unicode>Gleichgültigkeit, mit der er das Versprechen</Unicode>
                </TextEquiv>
            </TextLine>
            <TextLine id="tr_2_tl_25" custom="readingOrder {index:24;}">
                <Coords points="889,3938 1499,3992 1748,3911 2751,3893 2983,3965 3025,3812 892,3806"/>
                <Baseline points="907,3918 967,3918 1057,3918 1146,3912 1236,3912 1326,3912 1415,3906 1505,3906 1594,3906 1684,3900 1774,3900 1863,3900 1953,3900 2042,3900 2132,3900 2222,3894 2311,3894 2401,3894 2490,3894 2580,3888 2670,3888 2759,3888 2849,3888 2938,3888 3028,3888"/>
                <TextEquiv>
                    <Unicode>hinnahm Die Pferde gingen vortrefflich.</Unicode>
                </TextEquiv>
            </TextLine>
            <TextLine id="tr_2_tl_26" custom="readingOrder {index:25;}">
                <Coords points="889,4100 1706,4136 2361,4055 2637,4130 3040,4046 3043,3965 892,3971"/>
                <Baseline points="907,4079 985,4079 1075,4073 1164,4073 1254,4073 1344,4067 1433,4067 1523,4061 1612,4061 1702,4055 1792,4055 1881,4055 1971,4055 2060,4055 2150,4055 2240,4050 2329,4050 2419,4050 2508,4050 2598,4050 2688,4050 2777,4055 2867,4050 2956,4038 3046,4038"/>
                <TextEquiv>
                    <Unicode>Es war ein berühmtes Paar, das vorgespann</Unicode>
                </TextEquiv>
            </TextLine>
        </TextRegion>
        <TextRegion id="tr_1" custom="readingOrder {index:1;}">
            <Coords points="4294,666 6702,666 6702,4024 4294,4024"/>
            <TextLine id="tr_1_tl_1" custom="readingOrder {index:0;}">
                <Coords points="6335,772 6356,772 6371,760 6395,766 6407,760 6419,769 6428,760 6443,769 6458,757 6497,763 6491,598 6473,598 6464,589 6446,598 6434,589 6425,598 6410,583 6383,592 6368,583 6350,598 6329,592"/>
                <Baseline points="6349,716 6439,716 6499,722"/>
                <TextEquiv>
                    <Unicode>69</Unicode>
                </TextEquiv>
            </TextLine>
            <TextLine id="tr_1_tl_2" custom="readingOrder {index:1;}">
                <Coords points="4328,967 6260,946 6587,883 6590,757 4331,862"/>
                <Baseline points="4348,943 4354,943 4444,937 4533,931 4623,925 4713,925 4802,925 4892,919 4981,919 5071,913 5161,913 5250,907 5340,907 5429,901 5519,896 5609,896 5698,896 5788,896 5877,890 5967,890 6057,890 6146,884 6236,884 6325,878 6415,884 6505,872 6594,878"/>
                <TextEquiv>
                    <Unicode>war und es dauerten keine fünf Minuten,bis</Unicode>
                </TextEquiv>
            </TextLine>
            <TextLine id="tr_1_tl_3" custom="readingOrder {index:2;}">
                <Coords points="4647,1027 4662,1030 4671,1024 4674,1030 4710,1006 4719,1018 4731,1012 4758,1027 4779,1009 4803,1009 4809,967 4788,961 4773,943 4758,958 4737,940 4707,952 4695,952 4677,940 4656,943"/>
                <Baseline points="4665,1009 4725,997 4814,991"/>
                <TextEquiv>
                    <Unicode>I am</Unicode>
                </TextEquiv>
            </TextLine>
            <TextLine id="tr_1_tl_4" custom="readingOrder {index:3;}">
                <Coords points="4274,1147 4761,1084 5740,1144 6224,1042 6332,1087 6338,958 4280,1024"/>
                <Baseline points="4294,1099 4372,1093 4462,1093 4551,1087 4641,1081 4730,1087 4820,1081 4910,1075 4999,1069 5089,1069 5179,1063 5268,1063 5358,1063 5447,1057 5537,1057 5627,1051 5716,1051 5806,1051 5895,1045 5985,1039 6075,1039 6164,1033 6254,1033 6343,1033"/>
                <TextEquiv>
                    <Unicode>sie vor dem Bahnhof standen. Aber in dem</Unicode>
                </TextEquiv>
            </TextLine>
            <TextLine id="tr_1_tl_5" custom="readingOrder {index:4;}">
                <Coords points="4379,1307 6155,1268 6602,1195 6605,1111 4382,1162"/>
                <Baseline points="4396,1248 4456,1248 4545,1242 4635,1236 4725,1230 4814,1230 4904,1230 4993,1224 5083,1224 5173,1218 5262,1218 5352,1212 5441,1212 5531,1206 5621,1206 5710,1200 5800,1200 5889,1200 5979,1194 6069,1194 6158,1188 6248,1188 6337,1188 6427,1188 6517,1182 6606,1176"/>
                <TextEquiv>
                    <Unicode>gleichen Augenblick setzte sich der Zug, ob</Unicode>
                </TextEquiv>
            </TextLine>
            <TextLine id="tr_1_tl_6" custom="readingOrder {index:5;}">
                <Coords points="4367,1409 4860,1463 5605,1370 6461,1385 6554,1289 5875,1229 5139,1259 4995,1337 4370,1313"/>
                <Baseline points="4384,1391 4408,1391 4498,1391 4587,1391 4677,1385 4766,1385 4856,1379 4946,1379 5035,1373 5125,1373 5214,1373 5304,1367 5394,1367 5483,1361 5573,1361 5662,1355 5752,1350 5842,1350 5931,1350 6021,1344 6110,1344 6200,1344 6290,1344 6379,1338 6469,1338 6558,1326"/>
                <TextEquiv>
                    <Unicode>wohl er mit fünf Minuten Verspätung einge-</Unicode>
                </TextEquiv>
            </TextLine>
            <TextLine id="tr_1_tl_7" custom="readingOrder {index:6;}">
                <Coords points="4379,1571 6533,1529 6536,1397 4382,1487"/>
                <Baseline points="4396,1547 4480,1541 4569,1541 4659,1535 4748,1535 4838,1535 4928,1535 5017,1535 5107,1529 5196,1523 5286,1523 5376,1517 5465,1517 5555,1511 5644,1511 5734,1505 5824,1505 5913,1505 6003,1499 6092,1499 6182,1493 6272,1493 6361,1493 6451,1487 6540,1493"/>
                <TextEquiv>
                    <Unicode>troffen war, in Bewegung.Wili war noch aus</Unicode>
                </TextEquiv>
            </TextLine>
            <TextLine id="tr_1_tl_8" custom="readingOrder {index:7;}">
                <Coords points="4376,1739 5890,1667 6035,1739 6185,1664 6500,1676 6503,1589 4382,1595"/>
                <Baseline points="4396,1696 4450,1696 4539,1696 4629,1696 4719,1690 4808,1690 4898,1690 4987,1684 5077,1684 5167,1678 5256,1678 5346,1672 5435,1666 5525,1666 5615,1660 5704,1660 5794,1654 5883,1654 5973,1648 6063,1648 6152,1648 6242,1648 6331,1642 6421,1636 6511,1636"/>
                <TextEquiv>
                    <Unicode>dem Wagen gesprungen, blieb aber zwischen</Unicode>
                </TextEquiv>
            </TextLine>
            <TextLine id="tr_1_tl_9" custom="readingOrder {index:8;}">
                <Coords points="4373,1868 6596,1814 6620,1709 4376,1760"/>
                <Baseline points="4390,1851 4474,1851 4563,1845 4653,1845 4742,1845 4832,1839 4922,1839 5011,1839 5101,1833 5190,1827 5280,1821 5370,1821 5459,1821 5549,1815 5638,1809 5728,1809 5818,1809 5907,1803 5997,1803 6086,1798 6176,1798 6266,1798 6355,1798 6445,1792 6534,1792 6624,1792"/>
                <TextEquiv>
                    <Unicode>dem Wagensch lag und der Bahnhoftüre stehen,</Unicode>
                </TextEquiv>
            </TextLine>
            <TextLine id="tr_1_tl_10" custom="readingOrder {index:9;}">
                <Coords points="4391,2007 6404,1991 6542,1973 6545,1874 4391,1922"/>
                <Baseline points="4408,2001 4492,2001 4581,1995 4671,1995 4760,1995 4850,1995 4940,1989 5029,1989 5119,1983 5208,1983 5298,1977 5388,1977 5477,1971 5567,1965 5656,1965 5746,1965 5836,1965 5925,1965 6015,1959 6104,1959 6194,1953 6284,1947 6373,1953 6463,1941 6552,1941"/>
                <TextEquiv>
                    <Unicode>blickte den erleuchteten Waggons nach,wie</Unicode>
                </TextEquiv>
            </TextLine>
            <TextLine id="tr_1_tl_11" custom="readingOrder {index:10;}">
                <Coords points="4391,2169 6254,2124 6437,2178 6506,2172 6512,2025 4394,2085"/>
                <Baseline points="4408,2156 4456,2156 4545,2150 4635,2150 4725,2150 4814,2144 4904,2144 4993,2138 5083,2138 5173,2138 5262,2132 5352,2126 5441,2126 5531,2126 5621,2120 5710,2114 5800,2114 5889,2108 5979,2108 6069,2102 6158,2102 6248,2096 6337,2096 6427,2090 6517,2084"/>
                <TextEquiv>
                    <Unicode>sie sich langsam und schwer über den via</Unicode>
                </TextEquiv>
            </TextLine>
            <TextLine id="tr_1_tl_12" custom="readingOrder {index:11;}">
                <Coords points="4397,2340 6521,2271 6518,2184 6335,2139 4400,2229"/>
                <Baseline points="4414,2311 4468,2305 4557,2305 4647,2299 4736,2299 4826,2293 4916,2293 5005,2293 5095,2287 5184,2281 5274,2281 5364,2281 5453,2275 5543,2275 5632,2275 5722,2269 5812,2263 5901,2263 5991,2257 6080,2257 6170,2257 6260,2252 6349,2252 6439,2246 6529,2252"/>
                <TextEquiv>
                    <Unicode>dukt fortwälzten, hörte, wie der Pfiff der</Unicode>
                </TextEquiv>
            </TextLine>
            <TextLine id="tr_1_tl_13" custom="readingOrder {index:12;}">
                <Coords points="4403,2490 6473,2436 6560,2316 4410,2349"/>
                <Baseline points="4420,2467 4504,2461 4593,2455 4683,2455 4772,2449 4862,2449 4952,2443 5041,2443 5131,2443 5220,2431 5310,2431 5400,2431 5489,2425 5579,2425 5668,2419 5758,2419 5848,2413 5937,2413 6027,2407 6116,2407 6206,2401 6296,2401 6385,2401 6475,2401 6564,2395"/>
                <TextEquiv>
                    <Unicode>Lokomative in der Nachtluft verwehte. Wili</Unicode>
                </TextEquiv>
            </TextLine>
            <TextLine id="tr_1_tl_14" custom="readingOrder {index:13;}">
                <Coords points="5190,2517 6527,2505 6647,2496 6647,2442 6395,2403 6029,2454 5917,2418 5836,2472 5662,2430 5190,2448"/>
                <Baseline points="5208,2496 5220,2490 5310,2490 5400,2496 5489,2496 5579,2496 5668,2490 5758,2496 5848,2496 5937,2484 6027,2478 6116,2478 6206,2478 6296,2473 6385,2473 6475,2473 6564,2473 6654,2473"/>
                <TextEquiv>
                    <Unicode>in eœuf relk' un, il a arguleil et fort en</Unicode>
                </TextEquiv>
            </TextLine>
            <TextLine id="tr_1_tl_15" custom="readingOrder {index:14;}">
                <Coords points="4410,2631 6416,2634 6464,2490 4413,2526"/>
                <Baseline points="4426,2622 4498,2616 4587,2610 4677,2604 4766,2598 4856,2604 4946,2598 5035,2598 5125,2592 5214,2598 5304,2592 5394,2592 5483,2586 5573,2586 5662,2580 5752,2574 5842,2568 5931,2568 6021,2568 6110,2562 6200,2568 6290,2562 6379,2556 6469,2556"/>
                <TextEquiv>
                    <Unicode>schüttelte den Kopf. Der Kutscher sass</Unicode>
                </TextEquiv>
            </TextLine>
            <TextLine id="tr_1_tl_16" custom="readingOrder {index:15;}">
                <Coords points="4452,2812 6608,2763 6611,2646 6194,2595 5818,2688 4458,2670"/>
                <Baseline points="4468,2777 4557,2771 4647,2759 4736,2759 4826,2759 4916,2759 5005,2753 5095,2753 5184,2747 5274,2747 5364,2741 5453,2735 5543,2735 5632,2729 5722,2729 5812,2723 5901,2723 5991,2723 6080,2717 6170,2717 6260,2711 6349,2711 6439,2705 6529,2705 6618,2700"/>
                <TextEquiv>
                    <Unicode>gle ichgültig auf dem Bock und streichelte</Unicode>
                </TextEquiv>
            </TextLine>
            <TextLine id="tr_1_tl_17" custom="readingOrder {index:16;}">
                <Coords points="4403,2938 5656,2959 5878,2890 6266,2908 6356,2887 6356,2802 6173,2754 5548,2815 5488,2763 5410,2821 4407,2857"/>
                <Baseline points="4420,2921 4480,2921 4569,2915 4659,2915 4748,2909 4838,2909 4928,2903 5017,2903 5107,2903 5196,2897 5286,2897 5376,2891 5465,2891 5555,2891 5644,2885 5734,2879 5824,2879 5913,2879 6003,2873 6092,2873 6182,2873 6272,2867 6361,2867"/>
                <TextEquiv>
                    <Unicode>das eine Ross mit dem Peitschenstiel.</Unicode>
                </TextEquiv>
            </TextLine>
            <TextLine id="tr_1_tl_18" custom="readingOrder {index:17;}">
                <Coords points="4397,3112 6620,3052 6623,2938 4400,2992"/>
                <Baseline points="4414,3082 4474,3076 4563,3076 4653,3070 4742,3064 4832,3064 4922,3058 5011,3058 5101,3058 5190,3052 5280,3052 5370,3046 5459,3046 5549,3040 5638,3040 5728,3040 5818,3034 5907,3034 5997,3028 6086,3028 6176,3022 6266,3022 6355,3022 6445,3016 6534,3016 6624,3004"/>
                <TextEquiv>
                    <Unicode>Er wunderte sich auch nicht weiter, als der</Unicode>
                </TextEquiv>
            </TextLine>
            <TextLine id="tr_1_tl_19" custom="readingOrder {index:18;}">
                <Coords points="4407,3256 6554,3202 6596,3073 4413,3139"/>
                <Baseline points="4426,3225 4450,3231 4539,3231 4629,3225 4719,3225 4808,3219 4898,3219 4987,3213 5077,3213 5167,3207 5256,3207 5346,3201 5435,3201 5525,3201 5615,3195 5704,3189 5794,3189 5883,3189 5973,3183 6063,3183 6152,3177 6242,3177 6331,3171 6421,3171 6511,3165 6600,3159"/>
                <TextEquiv>
                    <Unicode>Leutnant ergeben in sein Schicksal bemerk</Unicode>
                </TextEquiv>
            </TextLine>
            <TextLine id="tr_1_tl_20" custom="readingOrder {index:19;}">
                <Coords points="6095,3265 6131,3262 6137,3268 6152,3259 6182,3277 6203,3274 6212,3265 6230,3274 6245,3262 6260,3265 6263,3205 6248,3202 6236,3211 6209,3187 6164,3223 6149,3208 6131,3211 6116,3223 6098,3220"/>
                <Baseline points="6110,3261 6176,3255 6266,3249"/>
                <TextEquiv>
                    <Unicode>Cahin</Unicode>
                </TextEquiv>
            </TextLine>
            <TextLine id="tr_1_tl_21" custom="readingOrder {index:20;}">
                <Coords points="4422,3418 6644,3382 6650,3253 6074,3319 5917,3250 4425,3289"/>
                <Baseline points="4438,3380 4504,3386 4593,3380 4683,3380 4772,3380 4862,3375 4952,3375 5041,3375 5131,3369 5220,3363 5310,3363 5400,3357 5489,3351 5579,3351 5668,3351 5758,3345 5848,3345 5937,3345 6027,3339 6116,3339 6206,3333 6296,3327 6385,3327 6475,3327 6564,3327 6654,3327"/>
                <TextEquiv>
                    <Unicode>te: „Da kann man nix machen. Also, zurück zum</Unicode>
                </TextEquiv>
            </TextLine>
            <TextLine id="tr_1_tl_22" custom="readingOrder {index:21;}">
                <Coords points="4425,3580 4593,3614 4686,3589 4761,3617 4824,3577 5007,3604 5133,3589 5136,3427 5052,3418 4959,3460 4794,3475 4740,3448 4566,3472 4428,3454"/>
                <Baseline points="4444,3542 4515,3536 4605,3536 4695,3536 4784,3530 4874,3530 4963,3530 5053,3524 5143,3524"/>
                <TextEquiv>
                    <Unicode>Café Schopp".</Unicode>
                </TextEquiv>
            </TextLine>
            <TextLine id="tr_1_tl_23" custom="readingOrder {index:22;}">
                <Coords points="4938,3728 5311,3695 5455,3746 5992,3644 6416,3734 6653,3674 6656,3559 6209,3565 6137,3508 5854,3583 4941,3614"/>
                <Baseline points="4957,3679 5047,3679 5137,3679 5226,3673 5316,3673 5405,3667 5495,3661 5585,3661 5674,3661 5764,3661 5854,3655 5943,3643 6033,3643 6122,3643 6212,3643 6302,3637 6391,3637 6481,3631 6570,3631 6660,3637"/>
                <TextEquiv>
                    <Unicode>Es war hübsch so im Fiaker durch</Unicode>
                </TextEquiv>
            </TextLine>
            <TextLine id="tr_1_tl_24" custom="readingOrder {index:23;}">
                <Coords points="4560,3761 4596,3761 4617,3749 4635,3761 4689,3722 4713,3737 4737,3728 4737,3604 4713,3608 4698,3592 4674,3595 4650,3586 4593,3614 4560,3611"/>
                <Baseline points="4575,3679 4665,3685 4742,3679"/>
                <TextEquiv>
                    <Unicode>G.F.P</Unicode>
                </TextEquiv>
            </TextLine>
            <TextLine id="tr_1_tl_25" custom="readingOrder {index:24;}">
                <Coords points="5866,3740 5893,3749 5959,3728 5998,3743 6023,3719 6044,3719 6071,3743 6101,3728 6128,3734 6125,3656 6095,3662 6071,3647 6020,3677 5986,3653 5935,3662 5908,3653 5878,3686 5863,3686"/>
                <Baseline points="5883,3709 5973,3703 6063,3709 6134,3721"/>
                <TextEquiv>
                    <Unicode>will</Unicode>
                </TextEquiv>
            </TextLine>
            <TextLine id="tr_1_tl_26" custom="readingOrder {index:25;}">
                <Coords points="4434,3929 6368,3836 6455,3818 6458,3728 4437,3755"/>
                <Baseline points="4450,3858 4492,3858 4581,3852 4671,3858 4760,3852 4850,3846 4940,3846 5029,3840 5119,3840 5208,3834 5298,3834 5388,3828 5477,3828 5567,3823 5656,3823 5746,3817 5836,3811 5925,3811 6015,3811 6104,3811 6194,3805 6284,3799 6373,3799 6463,3793"/>
                <TextEquiv>
                    <Unicode>das Städtchen zu sausen.Und er träumte</Unicode>
                </TextEquiv>
            </TextLine>
            <TextLine id="tr_1_tl_27" custom="readingOrder {index:26;}">
                <Coords points="4446,4043 6476,4025 6698,3968 6701,3851 4449,3920"/>
                <Baseline points="4462,4014 4551,4008 4641,4002 4730,4002 4820,4002 4910,3996 4999,3990 5089,3990 5179,3984 5268,3984 5358,3978 5447,3978 5537,3972 5627,3972 5716,3966 5806,3966 5895,3966 5985,3960 6075,3960 6164,3960 6254,3954 6343,3954 6433,3948 6523,3948 6612,3942 6702,3942"/>
                <TextEquiv>
                    <Unicode>sich södoh eine Fahrt für einen derhächsten</Unicode>
                </TextEquiv>
            </TextLine>
        </TextRegion>
    </Page>
</PcGts>
