7144 4600
2645 588 2879 753 100
909 912 1093 1026 80 1
2629 889 2843 1068 104
931 1040 3016 1252 wohler zu Mut war als ihm. Der Wagen kam
1006 1238 2955 1383 an einem hohen kahlen Gebäude vorüber,
1001 1408 2966 1564 ein Justizsoldat schritt auf und ab,es
1001 1514 2966 1709 war eine strafanstalt, der Justizsoldat
987 1659 2868 1856 salutierte demLeutnant, der höflicher
987 1843 2958 1985 dankte, als es sonst untergehmen gegex
1001 2007 2938 2160 niederen Cha rgen gegenüber seine Art
2746 2066 2913 2171 dem
987 2085 3024 2305 war. Der Blick, den der Konsul auf dass
638 2046 864 2311 116
1006 2269 3111 2453 Gebäude haften liess, gab, Willy zu dehken.
2668 2358 3325 2475 lieb u unter großen
521 2367 1714 2523 ein sjælbst, ist, nurwalt
1006 2394 3089 2617 denken, dassen frühere Bemerkung fiel ihm
987 2592 3080 2776 ein, die kaum anders gedeutet werden konnte
1650 2687 1940 2790 de l'in
1001 2740 2932 2938 te als dass (seine Vergangenheit nicht
1252 2840 1714 2958 makellos
987 2835 3080 3066 ganz kämlins gewesen war, dass er mit den
1001 3030 2916 3242 Gerichten,wenn nicht gar mit einemGe-
2801 3119 2980 3222 Abe
1006 3150 2944 3384 fängnis Bekanntschaft gemacht hat) Und
2325 3292 2693 3384 gebe er
1037 3348 2997 3529 wenn es auch so war, ihm,Willy, half es
978 3498 3116 3668 nichts.Spielschulden waren Spielschulden,
1377 3601 1859 3710 abzulafte.
1215 3649 3027 3794 ein Verbrecher hatte das Recht sie
1213 3702 3381 3894 and it at qull 1st bal on, in the Beweise from Schut
741 3691 1238 3872 auch
987 3813 2994 3992 einzufordern. Sie schwiegen beide, die
967 3983 3097 4131 zeit verstrich, die Pferde schienen immer
987 4100 2999 4257 schnelbar zu laufen. In einer Stunde, in
3997 312 4404 454 24 1 cts
6316 622 6523 772 105
4404 761 6648 948 einer halben war man in Wien-und was dann?
4404 889 6300 1087 pabei fühlte Willy deutlich,dass der
4399 1040 6459 1266 Konsul seine (Willys) Gedanken spürte.Er
5193 1193 5500 1266 min
4404 1240 6534 1422 wusste sicher den Verdacht, der vielleicht
4410 1335 6367 1569 ein falscher Verdacht war,und den er
4388 1508 6595 1714 übel nehmen, für den er sich rächen könnte.)
4309 1656 6431 1840 und ich als Und Subjekte wie dieser Leutnant
5564 1787 6414 1884 minait écrire géranke
4326 1862 6475 1982 Greising“, dagte der Konsul ganz unerwar-
4388 1943 6545 2163 tet, „lässt man frei herumlafen.) Willi
4585 2088 6172 2171 on unele oud jusst it, wt. oft hend
4388 2155 6428 2344 war wie vor den vopf.geschlagen. Also es
4382 2261 6422 2495 stimmte. Die Gedanken des Konsils(z) irrten
4374 2433 6367 2648 noch immer um die Strafastalt, Aber da-
5015 2553 5201 2643 n of
4362 2587 6445 2796 rauf kam es nicht an. Die Bemerkung des
4321 2712 6436 2944 Konsuels bedeutete eine offenbare Belei-
4321 2863 6408 3100 digung eines Kameraden,die nicht misszu-
4374 3063 6481 3192 verstehen war.Wie sollte Willy sich dazu
5084 3169 5411 3256 woi.
4388 3175 6414 3412 verhalten. Es war nicht möglich sie ein-
4362 3328 6428 3557 fach hingehen zu lassen,was immerweiter
5628 3479 5798 3576 in
4312 3523 6417 3730 draus erfolgen mochte. Ich mussbitten,
4293 3677 6319 3875 Herr Konsul, meinen Kameraden Greising
4864 3819 5996 4053 eben stadnagefegn* ein
5385 4000 6046 4187 G.C.F.T.KK
