6776 5912
1416 1249 3228 1447 Raffe Moutis see ce Raffe. J 51
447 1362 2965 1611 al... (it is...).  Und er trat wie
502 1546 3133 1785 in on ficem peint is in schloß die stu
372 1727 3092 1918 Einte uit... Sollle eint-ci cin
536 1897 3068 2153 Sollte u ral mit d Bürgerinne
560 2106 3204 2368 We j. in seine wollten ge....¬
1413 2300 1570 2402 in-
392 2317 3136 2546 Wahrs Seul der Jouf... jetzt.
877 2491 1225 2628 him -
471 2481 2996 2764 il deseres, mat. d Fiscosium
502 2750 3078 2955 noch, de  - je we... hette..    Slin gebort.
498 2911 3143 3187 vollen balt decoport selber i bin in Tageb
478 3129 3126 3392 a très jeptes... et mon seulve.
495 3307 3078 3556 Sie hilf d'g ai glleit tod meld hvn
488 3498 2901 3767 we do infertile service... When
457 3730 2979 3993 sus in in ficie bin teragil,-ce Mr
454 3958 2989 4235 sul auf die Danken; weil
481 4163 3078 4426 stell a ui in die Tisch von Marlet, -
488 4344 3027 4603 darousbince.. Volgt. de Me
457 4559 2928 4788 we know at all my devit. in
6183 1044 6439 1297 "
6129 1276 6405 1447 110
3887 1345 6207 1597 mois. Am ra d offort  de
3774 1505 6265 1710 A Verdere Vernein...  D. sef deu pour
3791 1696 6061 1993 auf dem eingerleiteren klein lebens
3863 1850 6013 2153 Hüll, gegen; – wie sich
3897 2082 5999 2324 als.. Me ich d Freil.... Mr. et
3825 2324 5996 2600 A Josef. schi hilt in
3870 2501 5996 2781 doit de tout  cette Regie au
4842 2641 6013 2901 Sohn soviel
3945 2757 5040 2965 auzieden kleine.
4040 2798 6149 3095 seit die Witte in Lillg.
4825 2986 5866 3153 The Inhaberion of the
4071 3044 6255 3235 Hirn... Mr. et d. Jul. hehr
3999 3232 6149 3477 reger nur aufzuweit aber, ein
4071 3409 6160 3668 wenn in uns heim, nebenbruch. Man
4156 3597 5955 3860 Und ruf von sehr
4133 3764 6214 4013 teel plousant.. H Leib...
4276 3921 6190 4170 xx xxx xx
4245 4075 6231 4351 [illegible]
4317 4330 5972 4525 o
4986 4470 5180 4569 ich
4351 4487 5818 4682 that the - ys gl... he
6047 4481 6354 4723 re 1
4341 4610 5508 4853 nicht...  der Frau
4429 4781 5525 4965 &c.x
