6792 5928
6208 1131 6456 1337 "
1197 1085 1558 1379 1:10:
2836 1246 3267 1425 121
3687 1239 5980 1541 (2) Weg it etc which
6033 1253 6232 1527 n
476 1341 3015 1628 Soldater med Ranglen - eill
3704 1516 6425 1709 and in cisement here -..  I have
473 1562 3144 1852 it do the son; - no in sull
3750 1698 6306 1975 at him. an sis all Herl
473 1719 3078 2066 einer plötzlich anzel dann. Ihr ein
3753 1898 6215 2195 I'd wer it sibit- in til
441 2020 3078 2279 Mr. Bovettar -.   in wilt ja et
3697 2164 4527 2416 einmal
501 2213 3270 2598 Hauptre relft    bei ihm.
3760 2349 6302 2580 Ce merkli c'est jeM, de ce plaolut au
480 2496 2983 2805 ersten nicht erkännt nur
3701 2542 6288 2829 hust stet bliel, i a dee joorn
508 2619 2980 3025 Mr C.D. H. D Haupt
3673 2780 6127 3071 seit könten wiebele er seiner
473 2864 3053 3253 Ue-vie du weil succès-liebs.
3659 2938 6372 3337 e.C. abgegangen w... In Nofinte¬
5644 3123 6015 3274 deit
413 3067 3239 3540 of fomern in argum abar... Brok
3701 3183 6344 3550 in 5.    Leb iirwacht.... en pe
441 3365 3057 3673 Borberat. u F gernselt, Hans
3816 3372 6404 3736 mye rongul rich; - not then
501 3508 3039 3911 a tell Korenden Seltie
3701 3641 6369 3925 de Centier in a Brim. Ich. -
497 3767 2920 4131 leur a de ploppes une
3739 3862 6274 4212 Oktober:- durch xxx xxx
473 4005 3263 4398 an dese Dumanten... 2 Jufferti
3701 4075 6180 4366 rer Begründ, - dann insorven
557 4254 2945 4583 in der d Teltin K  vanges
3711 4272 6236 4608 plarik; - en Comparue
585 4548 3165 4835 it... Numerst... al. de me
3764 4545 6218 4898 Ceople les négel
