6776 5912
5600 109 5859 372 G.H.F.P.
4716 109 4941 300 it is a
6047 894 6371 1150 15 C
6149 1102 6426 1321 112
3610 1239 6033 1604 Und ne mes fort... C'est pour les giebliche ou¬
3610 1467 5951 1751 stasse: weil dan. Das wir erholt
3563 1682 5931 1894 u,  er wittn.  Aus is...  M
3566 1897 5890 2164 weil in der netten in def. en de rest.
3607 2133 5760 2409 Hans zusammengehämpft heb
3614 2372 6272 2617 ... He jeutteit in m an it is beauft
3522 2563 6272 2873 c i une noit dei rabe theol toibuste
3597 2802 6129 3088 feilhel (wille mich même
3621 2989 5968 3208 Le mouvelle me Thud den de febri.
3621 3187 6067 3419 wrift nicht nicht, ob u der Leopold
3580 3351 5866 3607 dens loul da in fort a, in alb
3614 3621 5958 3870 weilen Stichsel. Sie dürfte
3559 3730 5794 4040 2 Teint, -offeele wt i aif -
3559 4010 5931 4228 willte de toi but theud.
3529 4214 5801 4433 it was - Weerellamd in -
3563 4433 6129 4754 Entzug zu. Durch den - dort ja in
