7192 4536
2509 762 2730 933 203
713 881 3078 1175 eine Waffe in der Hand behielt und schüttelte
1245 1062 2289 1215 Reine hinterteert - sels
783 1059 3063 1297 den vopf. „Du willst doch nicht gehen?“ sagte
793 1252 3032 1487 er mit etwas heßserer Stimme Und er konnte
2476 1322 3100 1441 gleich in pter
741 1398 3088 1622 sich einbilden, dass seine Worte von der glei-
753 1564 2999 1781 chen,ngst geklungen hätten.wenn es ihm nur
823 1649 2910 1965 um sie, um die schöne Frau zu tun gewesen
823 1818 2935 2069 wäre und nicht um etwas ander auch. Es
829 1992 3017 2215 kann noch nicht vier Uhr sein.Es ist doch
793 2136 2867 2408 nicht möglich, dass du jetzt schon gehen
796 2277 2974 2531 willst,Leopoldine?".O gewiss ist es mög-
848 2442 3149 2674 lich“, sagte sie und strich ihm schwesterlich
1239 2485 1478 2586 in of
1870 2592 2069 2696 my
811 2573 3081 2827 über die stirn.-Ich will mich auch noch für
2096 2730 2485 2849 Ai sont
1616 2769 1943 2883 Havr
814 2723 3069 3017 ein paar Stunden allein (in mein Bett legen.)
863 2870 3051 3152 Ich mus frisch sein Jm neun habe ich eine
835 3103 1946 3302 wichtige Besprechung.
1502 3179 3091 3418 Es fil ihm ein, dass dies viel-
842 3363 3106 3602 leicht die Besprechung in seiner Angelegen-
884 3513 3042 3755 heit sein könnte - mit dem Advokaten, der
842 3651 3066 3914 gestern viele icht keine Zeit gehabt hatte.
814 3819 3244 4085 Ah, wenn er vom Konsul Schnabel nur einen Auf-
842 3938 3072 4226 schub von einer Stunde bekommen könnte. Und
6353 205 6622 401 216
4263 294 4556 435 1 10 1
4159 517 4391 719 G:C:S:
5998 523 6230 713 204
4566 572 5383 741 frey in piederi¬
4107 673 6548 900 er konnte sich nicht enthalta zu fragen. Eine
4103 829 6328 1037 Besprechung mitteinem Advokaten?" - „Nein,
5606 982 6025 1102 it in act.
4103 991 6509 1184 erwiderte sie unbefangen, mit einem Geschäfts-
4119 1160 6450 1343 freund aus Prag.“ Sie beugte sich zu ihm he-
4110 1294 6359 1478 rab,strich ihm den kleinen Schnurrbart von
4085 1441 6551 1683 den Lippen zurück, küsste ihn,flüsterte „Adieu“,
3981 1585 6429 1812 stand auf (und nun konnte kein Zweifel sein,
4110 1781 6506 1980 dass sie fortgehen wollte.) In der nächsten Se-
4097 1894 6438 2087 kunde konnte sie bei der Türe draussen sein -
5300 2041 6343 2157 tull - day & very ill -
4165 2035 6469 2234 und verschwunden./Nun gab es Hoch eine Hoff-
4339 2188 4957 2277 sel u. Vielleine
6010 2215 6255 2316 Herrn
4162 2209 6343 2427 nung: Sie hatte vielleicht das Geld irgad-
4103 2362 6331 2537 wo(im Zimmer) hingelegt (Bei diesem Gedanken
6285 2494 6475 2616 Sir
4070 2543 6472 2733 stieg ihm das Blut in die Wangen.Und doch mit
4465 2653 4924 2745 doust in
4094 2662 6389 2861 einem hungrigen Blick irrte er im Zimmer um
4691 2812 4872 2892 auf de
4122 2815 6447 3014 he, sah m ch dem Tisch hin, ja zur Nische des
5532 2974 5780 3075 de jel
4122 2962 6450 3189 Ofens, oder hatte sie es ihm vielleicht unter
4091 3130 5618 3323 den Polster (gesteckt-oder &
5606 3127 6432 3326 war in das Porte-
5606 3271 6423 3387 xyz xyz
4067 3283 6371 3531 monnaie (das neben der Taschenuhr lag) Es war,
4287 3412 5046 3531 der acceptiert. det
5597 3442 5790 3540 frie
4097 3449 6346 3663 wie wenn sie seinem Blick mit einer leisen
4413 3568 4593 3660 δυνα
4896 3577 5704 3696 gebezt in- wie
4085 3586 6392 3797 Schadenfreude folgte. An der Tür wandte sie
3862 3764 6279 3987 sich um, warf ihm eine Kusshand zu,nahm die
