6856 4488
2802 652 2976 820 18
3743 665 6293 935 bevorsteht,menn ich bis morgen Früh die paar
1014 722 3018 941 Wahrheit ist, dass ich ihn dreiviertel
3778 878 6280 1034 schäbigen Gulden nicht zusammengebracht ha-
1046 903 3167 1100 Jahr schon mit keinem Auge gesehen habe -
3940 1030 6045 1221 be, ist alles, was dir von deinem Onkel
1059 1075 2942 1297 und wie ich ihn kurze Zeit vorher um
3714 1180 6141 1393 aus passieren könnte, doch nur eine kleine
1046 1202 3059 1415 eine Kleinigkeit ersucht habe, ausnahms-
4016 1352 5956 1510 Unannehmlichkeit.
3736 1339 3911 1495 310
1030 1348 3266 1565 weise, hat er mich in einer Weise - No. - nu
3708 1472 6096 1682 „ Ja, ja „gewiss“,sagte Wilhelm,dü
983 1533 3069 1743 dass er mich nicht hinausgeschmissen
3787 1625 6141 1835 darfst das um Gotteswillen nicht für eine
1024 1685 1301 1819 hat."
1781 1689 2601 1937 Otto nicht die Ihre
4004 1794 6182 1981 Ungefälligkeit halten. Aber wenn ich dich
1374 1835 3066 2035 „Hm, so. Das ist ja allerdings sehr
3972 1921 6150 2115 versichere, es ist total aussichtalos. Wenn
979 2000 2919 2169 - Ich muss dir nämlich aufrichtig sa¬
3994 2086 6172 2267 ich heute zu ihm komme und sage ihm, dass
992 2150 2922 2360 gen, dein Onkel Robert war so ziemlich
4035 2236 6195 2426 es um mein Leben geht - keine fünf Gulden
979 2277 2169 2490 meine letzte Hoffnung.
4131 2385 4372 2471 Kurs,
5412 2401 5886 2550 jow ne doa.
4026 2407 5711 2614 gibt er her.
1342 2433 2697 2636 „Das wäre freilich fatal.“
4388 2560 6287 2754 Otto schüttelte ungläubig den Kopf.
1332 2611 2856 2773 Otto erhob sich plötzlich aus
1768 2713 1943 2821 wll
4436 2709 6191 2894 Wilhelm wurde ärgerlich. Du wirst
916 2690 2935 2964 der Sofaecke, stiess den Tisch bei Seite
4029 2843 6284 3072 doch nicht an meinem guten Willen zweifeln,
944 2919 2738 3097 und mit einer Bestimmtheit, auf die
4035 3021 6226 3212 Otto. Wart einmal - es muss ja eine andere
2639 3053 3008 3177 erklärt
894 3024 2970 3282 Wilhelm nicht gefasst gewesen war,wandte
3994 3151 6156 3374 Möglichkeit geben! Du hast vielleicht in
925 3174 2191 3441 er sich an ihn: „Wir müss
2175 3253 2961 3418 en's versuchen.
2175 3329 2986 3453 woll.. Sonnte..
4023 3364 6195 3520 deiner Aufregung nicht alles überlegt. Was
884 3358 2961 3578 (Das musst du für mich tun) Das darfst du
4020 3457 6252 3673 ist denn zum Beispiel - sei nicht bös -mit
909 3504 2945 3743 mir nicht absehlagen Das Schlimmste, was
3791 3622 6258 3829 deinem Cousin Guido, der das Gut bei Amstet
846 3651 2973 3918 dir passieren kann,ist,dass er Nein sagt.
3771 3778 6004 4023 tööb ten hät?“ novab aaw door renola Jahraä
846 3845 2900 3991 Und vielleicht in einer nicht ganz höf-
887 3981 2738 4156 lichen Form. Aber gegen das, was mir
919 4105 2213 4217 2 ig Guluen ausgenöffn,
