7112 4488
2967 627 3124 811 16
1185 760 3095 1025 sonstigen Modusse sind bereits erle-
1241 971 3169 1129 digt. Wir brauchen also die Zeit nicht
1224 1126 3196 1298 für unnützes Kopfzerbrechen zu verlie-
1176 1301 3564 1467 ren,umso weniger, als ich schon miteinem bestimmte
2073 1432 3273 1527 Titheler et est toujours un tems
1230 1440 3148 1672 Vorschlag komme.-Stell dir einmalvor,
1176 1595 3347 1761 Willi, du befändest dich selbst in einer
1218 1749 3270 1910 solchen Schwulität.Was würdest du tun?
1553 1892 3323 2121 „Ich versteh nicht recht,Otto,....
1218 2040 2272 2222 se weit, ich meine —
2370 2049 3059 2228 sert werden.
1737 2189 2640 2308 Nebulich ist ich
1541 2222 3300 2406 „Sehon gut, du meinst, in eine f rem
1209 2379 3481 2536 de Kasse hast du noch nie gegriffen.-
1473 2510 3041 2587 kes, und mit ein Teilpönne,
1218 2522 3089 2670 Ja.-Aber schliesslich, wenn du einmal
1158 2661 3095 2857 aus einem - weniger kriminellen Gruhd
1152 2813 3098 3026 eine gewisse Summe benötigtest,an wen
1170 2976 2409 3154 würdest du dich wadden?"
1521 3118 3142 3315 „Entschuldige Otto,darüber habe
1152 3255 3282 3487 ich noch nicht nachgedacht und ich hoffe-
1191 3418 3136 3623 Na, übrigens hab ich ja, wie du weisst,
1206 3573 3163 3772 auch manchmal Schulden gehabt,erst im
1203 3754 3231 3941 vorigen Monat, da war der Franz Madiz so
1194 3888 3208 4108 freundlich und hat mir mit hundertfünf-
1170 4030 3068 4214 z ig Gulden ausgeholfen, die ich ihm
6314 549 6478 707 17
4458 644 6451 861 natürlich am Ersten retourniert habe.
4464 838 6418 1045 Drum gehts mir ja diesmal so knapp zu
4464 1004 6409 1173 sammen. Aber tausend, tausend, ich wüsst
4663 1102 4963 1203 above
4455 1135 6546 1307 wirklich nicht, wie ich mir die verschaf-
4467 1301 5105 1488 fen sollee."
5272 1310 6086 1432 [illegible]
5560 1417 6115 1533 frei ich diesen
4877 1458 5913 1666 „Na land dein Onkel?“
4865 1613 5961 1803 „Was für ein Onkel?"
4877 1764 5961 1948 „Ber Onkel Robert.
4880 1907 6454 2124 „Aber ich bitt dich,wie kommst
4443 2067 5346 2275 du denn auf den?"
4892 2213 6424 2403 „Es liegt doch ziemlich nahe
4494 2388 6620 2536 Vor fünf oder sechs Jahren hat er dir
4832 2474 5643 2590 eit und erinn
4443 2542 6481 2732 sogar einmal mit einer grösseren Summe
5566 2640 5925 2747 oder auch
4488 2697 6534 2878 ausgeholfen. Sechzehnhundert. Und so viel
4482 2842 6516 3032 ich weiss hat er dir eine Zeit lang re-
5269 2946 5729 3041 Wmöller
4482 3003 6478 3169 gelmässig eine Zulage von zweihundert-
4422 3151 6516 3347 fünfzig oder dreihundert Gulden gegeben
4915 3312 6460 3475 Du hast ja ein sehr gutes Ge-
4425 3484 6418 3632 dächtnis“,sagte Will,etwas ärgerlich,
4449 3614 4826 3787 „aber
4954 3641 6317 3808 der Zulage ist es längst
4473 3736 6394 3956 aus. Und überhaupt der Onkel Robert,
4470 3900 6498 4063 er ist halt ein Sonderling geworden. Die
