7128 4488
3963 450 4400 667 27/3. 1924.
2956 725 3112 915 32
2463 811 2769 979 M. S.
5943 811 6264 991 daron
4520 854 4780 998 min
1062 878 3127 1117 war höflich, aber etwas furd zu xxxxst
4290 906 6371 1092 und hier konnte sich auch Willi bateili-
4012 1004 5710 1154 mit Gen andtheit tilterlige. I hath in the
1016 1050 2420 1163 frills:-  [illegible]
1028 1083 3164 1279 Ganzen schien er von den Sonntags
4198 1071 6386 1307 gen, da er vor zwei Jahren die Kaisermanö-
1028 1276 3081 1414 besuchen des Leutrants, der seinen Damen
4201 1224 6294 1414 ver in den polomiten mitgemacht hatte,
1499 1362 1864 1466 ohanny
1025 1414 3069 1579 erst im vorigen Fasching auf einem Ball
4214 1383 6386 1616 Frgerzählte von einigen Nachtlagern unter
1074 1539 3173 1769 vorgestellt worden war, und eine Auffor¬
4220 1567 6218 1717 freiem Himmel, von einem geldmarschall
1013 1711 3036 1919 derung gelegentlich einmal zum Thee zu
4229 1695 6239 1873 Leutnant, der sozusagen vor seian Augen
1031 1860 3424 2047 kommen, allzu wörtlich genommen hatte, nicht
4232 1854 6175 2026 in Ungnade gefallen war, von den zwei
4657 1980 4960 2078 Carkigin
1080 2023 3103 2166 ganz entzückt zu sein.Auch die Frau des
4226 2007 6457 2218 schwarzen Tochtern eines Rastelruther Wirts
1512 2124 3176 2222 sich in ihls mehr davon in meiner
796 2102 1282 2234 on the other
1074 2200 2916 2359 Hauses hatte nach ihren Benehmen zu
4281 2148 6178 2344 die man wegen ihrer Annahbarkeit die
1059 2341 3161 2512 schliessen, vollkommen vergessen,dass sie
4281 2316 6450 2494 zwei Medusen genannt hatte. Und wie es ihm
1040 2497 2987 2662 vor vierzehn Tagen auf einer etwas ab-
4226 2448 6371 2665 beim driten oder vierten Glas leicht ge-
1022 2616 3173 2824 seits gelegenen Bank im Garten der Villa
4214 2589 6521 2806 sch ah, wurde er immer unbefangener,fri-
1931 2723 2277 2834 Nelven
1429 2742 1781 2843 plaglicher
1071 2775 3213 2977 einer unerwarteten Umarmung des Leutuants
4284 2772 5398 2941 scher,beinahe witzig.
1007 2916 3182 3143 sich erst entzogen, als das Geräusch naher
4590 2925 6426 3100 Er fühlte,wie er allmählig die Sam-
4269 3023 4510 3103 G.H.F.K
5493 3081 5649 3155 Prisseur, johannes
1043 3069 3179 3302 Schritte auf dem Kies vernehmbar geworden
5407 3075 6196 3265 gewann,wie der
4208 3078 5419 3253 pathien des Hausherrn
5046 3222 5416 3314 under her,
5404 3213 5759 3296 of which in
1034 3231 3057 3424 war. Bei Tische war zuerst in allerlei
4235 3234 6698 3446 Rechtsanwalt minder ironisch, zumindest —
1019 3384 3225 3602 für den Leutnant nicht ganz verständlichen
3819 3387 4180 3559 F.Tr
4244 3403 6291 3574 vorsichtiger wurde,wie in den Augen der
1086 3537 3228 3748 Ausdrücken von einem prozess die Rede, den
4281 3574 6353 3733 Hausfrau eine Erinnerung aufzuschimmern
1037 3709 3124 3889 der pechtsanwalt für den waushern in An-
4281 3712 6334 3895 anfing und min lebhafter Bruck von Emi-
1080 3837 3259 4018 geh genheit einer Fabrik zu führen hatte.
4064 3886 6334 4107 liens Knie an dem seinen gab sich nicht
1588 3966 3084 4094 am das Geschwert auf Auflage und
1062 4042 3109 4174 Dann aber sprach man über Sommerreisen
4241 4021 6200 4256 mehr die Mühe zufällig zu wirken. Zum
