7144 4488
1062 887 3134 1068 schwarzen Kaffee erschienen Bekannte der
2532 998 2755 1092 which
1838 1008 2277 1128 wohlfeleible
1023 1047 3191 1209 Remilie, eine ältere Dame mit zwei Töchtern
1029 1131 3365 1263 i denen er als „ einer Täusern“ von Inchtschillerfall vorgelllet und
2445 1212 3110 1395 In Südti-
1005 1245 2322 1405 Sie waren im vorigen Jahr
623 1200 893 1380 Ereipt
1011 1392 3149 1537 rol gewesen und - kein Zweifel, sie hatten
1059 1477 3233 1654 damals den Herrn. outnant an einem schönen
2229 1624 2430 1699 Sein
1017 1645 3113 1814 Sommertag an ihrem Hotel auf eiam Rappen
1411 1789 1669 1886 Zeilen
1029 1847 3004 2018 vorbeisprangen gesehen. Willi wollte es
1001 1973 3053 2117 nicht geradezu in Abrede st ellen, obzwar
1071 2120 3062 2304 er sich he sehr gut wusste, dass er, ein
1017 2259 2971 2424 armseliger Infanterieleutnant,niemals
1059 2454 3137 2598 auf einem stolzen Ross durch irgend eine
998 2571 2959 2800 tirolische (oder sonstige Ortschaft) ge
1011 2764 1666 2929 sprengt war.
1432 2875 3167 3062 Die beiden jungen Damen waren an-
1017 2989 3242 3206 mutig in Weiss gekleidet sie spasierten zu
998 3215 3044 3353 pritt,das Fräulein Kesser in der Mitte,
2580 3302 3059 3389 nicht mehr
1723 3317 2126 3426 milcallers
1077 3341 2971 3555 Arm in Arm über den Rasen - wie drei
1077 3507 3305 3666 Grazion,meinte der Rechtsanwalt zu Willi. -
1059 3651 3122 3829 Es klang wieder wie Ironie und wannia-
1071 3801 3438 4024 der nicht zu fassen, wenn es dem Leutnant by
3967 463 4436 695 27/3. 1924.
6250 773 6403 896 35
4340 890 6352 1068 auch auf der Zunge Lag: Wie meinen Sie
4466 1001 6096 1110 „ doch unterdrückbar die tache Bemerkung
4274 1041 6388 1248 das? Fräulein Emilie wandte sich von der
4280 1215 6430 1401 Wiese her um und winkte ihm mit den Augen
4286 1329 6436 1537 einen lustigen Gruss zu. Sie war blind und
4268 1507 6490 1690 etwas grösser als er und os war anzunehmen,
4328 1636 6490 1862 dass sie viele tausend,vielleicht hundert-
4328 1795 6475 2012 tausend Gulden Mitgift bekommen würde. Aber
4256 1970 6271 2174 bis man so weit war,wenn man überhaupt
4268 2132 6415 2316 von solchen Möglichkeiten träumen durfte,
4262 2268 6340 2478 dauerte es nochlang. Und die tausend Gul-
4316 2427 6271 2611 den mussten bis morgen beschafft
4304 2544 6376 2767 sein.-Wenn man sie sich einfach von dem
4304 2743 6376 2920 Herrn Kesser, der einen Prozess um viele
4244 2872 6445 3104 Millionen führte,ausborgen könnte als Vor-
4250 3059 6460 3260 schuss auf die Mitgift gewissermassen. Doch
5293 3164 5591 3275 des uny
4247 3209 6262 3401 mit solch einem versuch auch wenn er ge
4244 3371 6355 3579 länge,wäre alles für die Zukunft verdor-
3958 3417 4201 3567 idol.
4893 3477 5251 3594 eyer mr
4244 3525 6484 3732 ben. Und so musete man sich empfehlen gerade
4253 3663 6674 3807 als die Unterhaltung im besten Gange war.
4370 3792 5573 3892 ver, gab ich den konnte
5777 3789 6388 3931 a nutafel
4304 3841 6235 4042 ra,er warleider verabredet. Vor allem
3804 3811 4256 4039 Erberner
5098 3937 5287 4045 G.C.K.
4565 3946 4728 4024 b dt
4292 3994 6265 4180 musste er einen Kameraden im Garnison-
4030 4168 4235 4334 men
