7128 4488
2430 831 2607 966 sich
903 891 3138 1137 Stunde bin ich wieder dort“, sagte er sich.
1065 1047 3198 1236 In der Minute darauf sass er mit den
807 1227 2946 1392 Andern in einem halbdunkeln entlegenen
999 1374 2997 1590 Winkel des Lokals, wo von Frühlingsluft
1017 1551 3045 1716 und -Licht nichts mehr zu merken war. Er
963 1701 3093 1884 hatte den Sessel zurückgeschoben,womit er
1017 1842 3057 2028 deutlich zu erkennen gab, dass er nicht
981 1989 3150 2157 nitz daran dachte sich an der Partie zu be
2628 2067 3360 2214 motuelleur le septembre
987 2148 3126 2301 teiligen.Der Consul,ein hagerer,eleganter
1017 2286 2955 2472 Mensch von unbestimmtem Alter mit eng
1011 2445 3102 2622 lisch gestutztem Schnurrbart und rötbieh
1017 2592 3198 2754 grauem dünnen Haupthaar,gustierte eben mit
999 2724 3135 2913 der ihm eigenen Gründlichkeit eine Karte,
1224 2868 1395 2967 ihm
1011 2910 3057 3057 die er Doktor Flegmann,arha der
993 3024 3195 3249 Bankhalter,zugeteilt.Er gewann Dr.Flegmann
951 3225 3057 3402 — schob ihm die Bank zu deren Inhalt sich
987 3333 3048 3522 auf hundert Gulden belief und nahm neue
933 3543 3123 3699 Noten aus seiner Brieftasche.Zukktnicht
1887 3627 2211 3732 bmerkte
813 3666 3225 3825 mit der Wimper“,sagte Wimmer mit ironischer
711 3813 3111 3996 Hochachtung.-.Wimperzucken ändert nichts
1251 3957 1425 4053 Rapho
837 3969 3147 4191 an Tatsachen", erwiderte Flegmann kühl mit
6267 606 6429 798 43
4293 816 6348 942 halbgeschlossenen Augen. Der Regiments-
4305 909 6519 1098 arzt Tugut legte eine Bank mit zweihundert
4311 1059 6468 1278 Gulden auf. -Das ist heut wirklich nichts
4311 1206 6336 1419 für mich,dachte Willi und lehnte sich
4305 1404 6540 1572 noch weiter zurück. Der Schauspieler Elrif,
4305 1506 6426 1689 ein junger Mensch aus gutem Hauseundbei¬
6018 1656 6174 1743 le
5571 1662 5817 1755 Maçon
5037 1680 5202 1770 wyn
4263 1686 6396 1863 sehr berühmt durch seine Talentlosigkeit
4452 1833 4701 1965 serve
4263 1812 6459 2010 und Beschränktheit, liess Willi in die Kar-
4311 1971 6426 2187 ten sehen.Er setzte (Immer) kleine Beträge
4314 2133 6342 2337 und schüttelte ratlos den Kopf, wenn er
5484 2274 5694 2397 perte
4320 2283 6345 2460 verlor. Tugut hatte in wenigen Minuten
4314 2430 6462 2613 seine Bank verdoppelt.Der Sekretär machte
4317 2565 6480 2805 bei Elrif eine Anleihe, Ei Doktor Flogmann
4317 2778 6402 2949 nah m neuerdings Gold aus seiner Briefta-
4323 2895 6390 3108 sche.Tugut wollte sich zurückziehen, als
4317 3069 6537 3261 der Consul ohne nachzuzählen den ganzen Ba-
4335 3228 6459 3414 trag auf eine Karte setzte. Er verlor und
5091 3357 5499 3477 heimbe
4326 3342 6531 3561 hatte, wie sich zeigte, fast dreihundert Gul-
4782 3516 4947 3627 Bonn
4335 3513 6510 3714 den zu zahlen. Mit einem Griff in seine
4341 3681 6387 3891 Westentaschebeglich er die Schuld. „Noch
4329 3852 6489 4017 einmal? fragte er Tugut.Der Regimentsarzt
5466 4080 5985 4275 -48 tät.
4575 4116 5553 4344 ¬nuers leid,s ich
