7096 4472
2590 699 2795 854 197
812 848 3050 1094 in der gleichen Minute wieder bei Leopoldi-
1760 981 2327 1105 un teuil a
791 1005 3059 1227 ne, die, noch immer beim Fenster stehend,eben
854 1174 3079 1366 mit einem lebhaften Schwung ihren Florenti-
871 1292 3050 1517 nerhut über den Tisch auf das Bett fliegen
1580 1426 2614 1568 machte ihr ein Complice +
833 1449 3062 1692 liess. Willy lachte uid bewunderte ihre Ge-
1328 1544 3076 1716 um Bemerk über versagne inlach 2aP
854 1645 2982 1832 schicklichkeit. Dann fasste er sie um die
2303 1725 2736 1808 deren
1609 1775 1915 1882 neten in
851 1758 3162 1989 Taille,zog sie/ auf das Sofa,sie versagte sich
859 1811 1073 1903 will
2644 1855 2961 1965 Yours
1606 1921 1799 1995 by me.
907 1894 3053 2152 seinem Kuss er unterliess weitere (Zudring
1858 2051 2321 2149 &c. &c. in the
916 2033 3026 2335 lichkeit) und fragte nun, ob sie denn die
892 2140 3091 2439 bende meist allein zuhause verbringe. Bei-
877 2356 3026 2593 nahe immer „erwiderte sie.. Ich bin ja den
874 2487 3156 2765 ganzen Tag so beschäftigt, ich bin ganz froh,
1840 2626 2564 2768 keem hemme ist
895 2644 3029 2893 wenn ich am Abend meine Ruhe habe. Er ge-
898 2827 3222 3053 stand ihr, dass er sich von ihren Geschäften
919 2964 3053 3204 keinen rechten Begriff zu machen imstande
1677 3112 2294 3236 Abgemindeel
960 3097 3189 3379 sei besonders nicht wieso sie überhaupt in
519 3142 788 3432 20a
916 3278 3023 3494 diese Art von Tätigkeit geraten wäre. Sie
2635 3393 2943 3476 it in
1695 3417 2543 3536 and soirtee
928 3435 3150 3663 wehrte ab.Sie wollte davon nicht reden,von
919 3589 3189 3814 diesen ringen verstünde er ja doch nichts.-
2149 3737 2466 3829 not
1375 3749 2072 3880 will do in &
987 3728 3254 3965 Ob sie ihm nicht wenigstens etwas von ihrem
2072 3888 2226 3968 the
1467 3906 2012 4046 si weck zu
934 3897 3062 4120 Lebensgang erzählen wolle -seit sie sich
4372 519 4804 673 que n'est pas
6242 531 6422 702 198
4143 685 6488 839 Ozum letzten Mal gesehen, und vor allem wünsch-
4434 818 4822 913 indec et in
4131 818 6322 1043 te er dringend zu wissen,ob sie glücklich
4126 978 6262 1200 soi. Er meist nicht. den ha
4131 1147 6366 1346 [„Ich glaub schon] sagte sie, „frei
5148 1268 5444 1357 he had of
5596 1268 6135 1357 m'écoure je dois
4164 1298 6405 1506 bin ich wenigstens, von niemandem abhängig, -
4164 1431 6473 1606 wie ein Mann".-Er wurde kühner.—.Das ist aber
4176 1597 6485 1799 Gottseidank das Einzige, was du von e inem Mam
4158 1722 6289 1926 an dir ha st“.pr wurde zärtlich, sie liess
6242 1849 6497 1974 xxch
4170 1870 6440 2119 ihn eine Weile gewähren, verstreut, ohne seine
4176 2042 6440 2235 Zärtl ehkeiten zu erwidern; als man draussen
5845 2184 6313 2306 an einer
4217 2181 6259 2410 die Türe gehen hörte, rückte sie von ihm
5154 2341 6076 2430 aus der Ofennische
4164 2398 6251 2549 fort, stand auf, nahm die Lampe und machte
4164 2487 6455 2727 Licht, so stand sie und sollte sie auf den
4108 2644 6452 2836 risch. Draussen klopfte es heftig, der Diener
5708 2795 6482 2919 n aber in Ärger sein.
4188 2854 6393 2990 trat mit dem Essen ein. Sie besah sich was
4188 2946 6363 3192 er mitgebracht,sah lächelnd zu Willy hin,
4294 3097 4674 3222 le seul.
4229 3112 6470 3287 „Er muss Uebung habein“, sagte sie. Dann deckte
5966 3239 6529 3376 zustattete u.
5400 3257 5607 3340 am 1.
4170 3293 6292 3482 sie mit Johann gemeinsam auf,Willy durfte
4126 3474 6452 3637 gar nicht mit Hand anlegen,er xxx blieb auf
4143 3613 6526 3782 dem Sofa sitzen, wie ein Pascha, sagte er selbst
3616 3725 3832 3921 the
