7192 4520
4173 435 5007 658 aîné et tère
3748 412 6386 890 ein gemeiner vorten Seele - inor-
5077 664 5269 817 m
3771 691 6273 1070 in zueill thea shea, martille
2548 880 2764 1047 210
4482 977 4874 1136 verba.
3771 954 6203 1339 sereilt. in een tote hart af et
655 1017 1306 1213 du cher soir.
661 1043 2964 1289 doch nicht bezahlt habe, um sie zu beleidigen
3778 1126 6333 1641 gefäll, du end in it compt-
674 1249 2940 1415 und doch fühlte er und hatte es schon damals
714 1372 2954 1645 gefühlt, dass er sie mit jener Bezahlung er-
3721 1415 6329 1784 ab dies Weib - in denen
721 1548 3037 1768 niedrigt hatte, dass er sie hatte erniedrigen
1970 1638 2844 1758 ders, - a - je n'y a
3764 1658 6436 2083 hier er zufall gelegt war
678 1728 2887 1954 wollen und spürte so in (diesem Erlebnis)so
751 1837 2937 2030 tief es ihn bedrückte,so unverdient es ihm
1239 1944 3263 2060 da wolle und jene bleibterkeit, die über allem Stund so tehren
3841 1894 6233 2259 Dai...es mêmes : «  de telle ciel
751 2003 2944 2213 schien, eine Gerechtigkeit, über die er sich
3043 1980 3289 2140 I did not
3077 2110 3273 2213 were
3871 2087 6296 2588 I coullent surke of it.
704 2116 3037 2339 nicht beklagan,gegen die er sich nicht aufleh-
3060 2183 3299 2349 bet of
1950 2253 2721 2366 et a de spiell. ses
3007 2293 3293 2405 die ihm
279 2233 741 2455 Heinwig
764 2309 2937 2522 nen durfte Zeit dem getrigen Morgen – noch
3887 2279 6200 2751 fall and on uitt ouke (4 in
2947 2352 3339 2505 rentiliers
322 2412 655 2532 tell ne
2967 2445 3173 2578 man
339 2495 664 2625 enfait.
714 2475 2907 2661 keine vierundzwanzig stunden waren es her,
339 2602 588 2714 11. to
4004 2512 6243 2957 in auch nicht u. d. Haar il
758 2592 2891 2827 dass sein alter Kamerad Bogner in dieses
777 2768 3033 2957 Zimmer getreten war,jetzt wusste es es, hat
4047 2791 6127 3246 jegen wir...). Er nen be¬
791 2884 3053 3133 to er keinen schritt getan, kaum ein Wort ge-
6170 2980 6579 3166 soit.
1216 3053 2615 3150 ke in Jwank as it auf ugern wur¬
4050 3067 6070 3382 de ne h de fiune plretu.-
777 3037 3033 3269 sprochen, dass nicht (eigentlich) eine Selbst-
5748 3160 6147 3276 of me
784 3206 3126 3419 entwürdigung bedeutet hatte. In jedem Augen-
4140 3236 6103 3622 in a 2/3. bueil geer & oude.
744 3382 3110 3628 blick beinahe war er bereit gewegen mit seiner
4137 3505 6064 3824 Sir ce 1e septbr t 1. d fois et
724 3548 2997 3784 Jugend, mit seinem Körper ein Geschäft zu ma-
777 3691 2937 3914 ohen—Und es war ihm, als stände er nun am
4263 3625 6339 4034 at mr in -, will you
774 3847 3080 4034 Ende eines Weges,das er bereits vor vierund
784 3990 2997 4236 zwanzig stunden (nein,viel länger,hätte vo¬
774 4090 3010 4389 raussehen können) (Und so war er beinahe fi
