7144 4536
747 967 2601 1150 festigen suchte er gleichfalls nach
1859 1124 2334 1211 immerness
747 1153 2983 1324 einem allgemeinen, sozusagen (philosophischen
759 1306 2888 1442 Satz und etwas unüberlegt bemerkte er: „Es
854 1451 2980 1610 gibt am Ende auch Offiziere,die ihre Car-
860 1584 2798 1746 rière wechseln.“ - „Ja“,erwiderte der
747 1761 2989 1894 Konsul, aber dann geschieht es meistens un¬
747 1917 2960 2024 freiwillig.und sie sind - vielmehr sie kom-
1211 2019 1376 2114 lekke
741 2019 3012 2207 men sich deklassiert vor und sie können auch
747 2210 2859 2349 kaum wieder zurück, hingegen - unsereiner,
741 2360 2861 2505 ich meine damit Menschen, die durch keine
741 2505 2859 2667 lei Vorurteile der Geburt und des Standes
730 2682 2815 2847 gehiudert sind,die jeden Beruf ergreifen
724 2821 2806 2995 können — ich war schon sechsmal oben und
669 2966 2751 3119 sechsmal unten - und wie tief unten- ha,
669 3122 2856 3261 wenn das Ihre Herren Kameraden wüssten, wie
429 3247 649 3412 G.H.F.P
730 3287 2899 3426 tief, sie hätten sich kaum mit mir an einen
707 3412 2856 3591 Spielt isch gesetzt.- Darum haben sie wohl
657 3588 2960 3713 auch vorgezogen,Ihre Herren vameraden,keiner
1130 3690 1437 3783 Rechus
1810 3690 2300 3797 augustelt
701 3736 2986 3893 lei Nachforschungen zu pflegen.“ Willy blieb
1147 3846 1729 3948 Hall not will
707 3904 2963 4055 stumm. (Was sollte er erwidern.) Die Situation
614 4006 1428 4179 mind. I think
701 4026 2804 4263 war peinlich. Wenn zum Beispiel Winnehier
4889 359 6508 568 du deu bouilken felo 16t " 99
4365 463 6627 684 an seiner stelle sässe, wie hätte er sich in
4428 657 5118 765 en weit Neu
5378 660 5989 765 crunt rectae
4425 747 5121 846 diesem Augenb
5106 666 6409 883 lick benommen? Nun, es war
4466 802 4767 921 be to
4394 811 6418 993 klar, er hätte zum mindesten Aufklärung
5737 964 6044 1069 de ln
4417 964 6343 1130 verlangen müssen und wenn man sie ihm
5338 1098 6800 1205 wäre, die kann ihr auf
4417 1121 6490 1321 verweigert hätte,nun dann müsste er wohl
4599 1242 5358 1367 by  geblieben a
4399 1260 6453 1439 aus dem Wagen steigen und wäre es selbst
4402 1422 6386 1619 hier mitten auf der peichsstrasse-und
4405 1547 6574 1744 sich alles Weitere vorbehalten. Ihm, Willy,
5103 1715 5543 1816 u müsse
4399 1712 6525 1891 blieb nichts anderes übrig als zu schwei¬
4402 1880 6653 2117 gen.Er durfte nicht den Empfindlichenspie-
4399 2001 5848 2149 a man willing mee wein he do
5911 2019 6285 2120 (a) of
4353 2077 6537 2271 len. pr war ja selber unten,so tief unten.
4388 2181 6490 2404 als man nur sein konnte,tiefer als er es
4388 2329 6595 2531 noch gestern, als er es noch vor einer Stun
5677 2494 5972 2578 is un -
4376 2482 6612 2694 de für möglich gehalten. Angewiesen auf die
5848 2636 6638 2763 qui ornnetui de
4118 2589 4341 2757 Ew.
3858 2644 4211 2838 Leben
4388 2633 6517 2861 Gnade des Herrn Konsul aber er würde auch
4376 2798 6551 3001 gnädig sein; er würde vielleicht auf raten-
4382 2960 6627 3160 weise Abzahlung eingehen oder eine Revanche-
4330 3099 6647 3296 Partie für nächsten Sonntag vorschlagen.Soll-
4553 3232 4761 3348 till
4376 3255 5205 3461 te er das nicht
5193 3252 6473 3426 selbst anregen: Aber dazu
5193 3392 5853 3478 if we -ce with
6166 3354 6754 3510 - John Robert
4370 3394 6699 3577 fand er nicht den Mut.Eine böse Sache der
6554 3559 6719 3693 Pt
4359 3554 6462 3817 Gang morgen zum Onkel nobert. Aber es war
4286 3797 6273 4124 ... erkaufen zu müssen — am spieltisch
6131 3852 6311 3991 --
