7144 4536
4923 391 5411 566 de de
6245 595 6406 718 91
5064 678 5541 851 en letzte
2908 730 3075 882 90
4245 727 6423 1052 leeren Flasche noch ein Glas Cognac ein.
4305 882 6334 1221 Willy beobachtete das alles,es schien,
802 914 3107 1106 Willy mechanisch. „Was Schriftliches“, sagte
4305 1006 6498 1362 als vermieden sie alle sich um ihn zu küm-
922 1083 2940 1227 der Konsul, „brauchts ja nicht“. - „Nein“,
4313 1218 6437 1483 mer, ja ihn nur anzusehen.- Nun erhob er
931 1224 3101 1388 bemerkte der Oberleutnant Wimmer rauh, wir
5552 1322 5957 1457 Mr Hollert
4328 1322 6472 1589 sich mit einem Ruck, da/kam der Regiments-
945 1382 3101 1558 sind ja alle Zeugen. Der Konsul beachtete
4339 1466 6523 1816 arzt auf ihn zu, suchte zuerst nach Norteh
4342 1537 5072 1678 mis-d-
928 1520 3101 1670 weder ihn noch den von seiner Stimme. Willy
1083 1655 2046 1747 Mais vos cents en perten et
4359 1621 6377 1900 und sagte endlich: -Du kannst dirs doch
928 1710 2911 1862 sass immer noch (da) die Beine waren ihm
4313 1762 6523 2072 hoffentlich bis morgen verschaffen".- „Aber
868 1805 2994 1977 schwer (Ging der Traum noch weiter) Elftau-
4362 1908 6403 2230 selbstverständlich,Herr Regimentsarzt“,
928 1992 3138 2144 send Gulden. Ungefähr die Gage von drei oder
5472 2078 6018 2201 so trutileer.
4377 2072 6498 2348 erwiderte Willy und lächelte.Er trat auf
922 2121 3167 2302 vier Jahren mit allen zulagen. Der Regiments-
4397 2221 6500 2509 Wimmer und Greising zu, reichte ihnen die
911 2288 2960 2466 arzt, Wimmer und Greising sprachen leise
1331 2402 1566 2529 evest
4388 2365 6615 2727 Hand.-Auf Wiedersehen am nächsten Sonntag
914 2431 2994 2601 um etwas aufgeregt miteinander. Eifriud
4365 2529 6526 2831 sagte er sehr laut. „Ist s gefällig,Herr
1627 2581 1810 2687 hert
902 2584 3040 2767 Elrief bemerkte zu dem Direktionssekretär
4394 2655 4569 2747 also
1793 2710 2331 2816 perh lvis
4423 2707 6486 2971 Leutnant? fragte der Konsul.-„Stehe zur
922 2724 2960 2954 irgend etwas offenbar Komisches und der
4451 2848 6635 3121 Verfügung.er schlug vor dem Regimentsarzt
908 2888 3095 3063 Sekretär lachte.Fräulein Rihoschek sehien
5791 2963 6584 3115 & ach ihm etwa
1262 3017 2302 3153 ster aelde, fragt leur
4446 3043 6460 3288 die Hacken zusamen, der (schüttelte ihm
897 3038 2963 3219 eine Frage an den vonsul zu richten, die
4322 3124 6633 3434 kräftig die Rechte. Auch von Elrief und dem
535 3132 744 3428 90
897 3198 3115 3417 dieser nur durch ein Kopfschütteln vernein-
6104 3279 6294 3405 och
1733 3322 1969 3423 him
4466 3288 6684 3598 Sekretär verabschiedete er sich freundlich
908 3345 2911 3520 te. Der Kellner hängte dem Konsul einen
4477 3454 6440 3736 und dem Fräulein Rihoschek, das konnte
897 3497 3107 3644 Mantel um, einen weiten, schwarzen,ärmelosen
1963 3638 2446 3747 at sept deze
1023 3632 1259 3733 I am Sir
4474 3615 6584 3974 nicht schaden,küsste er galant die Hand.
868 3650 3095 3851 Mantel, der Willy schon neulich aufgefallen
5885 3773 6110 3954 G.H.F.P
5288 3825 5449 3946 ditto
862 3802 3130 3969 war.Elrief schenkte sich rasch aus der fast
1129 3943 1753 4130 re; "Idowel".
