7176 4504
5222 514 5688 678 a
4522 665 6759 920 sein morgen Früh um halbacht, dem alten Ka-
2805 769 3038 926 48
4557 804 6775 1071 meraden vor der Alserkirche tausend Gulden
6154 876 6397 977 dar
4535 942 6611 1245 zu überreichen; ja den berühmten Blanken
917 939 2950 1232 an der Parie nicht weiter beteiligen zu
923 1109 3135 1361 können, liess die Möglichkeit seiner Wieder-
4535 1112 6747 1387 Tausender, den hatte er nun in der Briefta-
5921 1160 6394 1267 that is bl
930 1267 3170 1522 kehr zu späterer-Abendstunde offen und
4509 1251 6693 1509 sohe als einen von zehn oder zwanzg, die
4900 1368 5064 1478 me
4503 1396 6602 1695 frisch von der Banknotenpresse glatt und
945 1453 2950 1661 ging. Die Andern waren gleich wieder so
6444 1491 6841 1617 rein the
4484 1550 6731 1812 glänzend in der Brieftasche des Consuls ge-
895 1566 2849 1840 sehr in ihr Spiel vertieft, dass keine
4604 1664 4862 1758 I am
4468 1714 6637 1973 legen waren.,Da, mein lieber Otto,da hast
952 1708 3199 1973 förmlichen Abschiedsgrüsse getauscht wurden,
4465 1900 6523 2127 du deinen Tausender:. Gehört schon eine
952 1866 3066 2121 und als Willi sich mechanisch noch einmal
958 1976 3176 2244 umwandte, sah er, dass ihm nur die Augen des
4434 2004 6665 2285 Selbstüberwindung dazu.—,Genau die Tausend
5836 2058 6101 2168 guère
2760 2121 3183 2212 befechten.
964 2196 3082 2433 Consuls mit einem kalten raschen Aufblick
4434 2178 6517 2445 hab ich gewonnen, um ganz genau zu sein,
4377 2319 6662 2603 tausend und fünfundvierzig,dann hab ich auf-
993 2385 2496 2575 von den Karten gefolgt waran.
4443 2417 5745 2587 gebesten selbstbebracht, daß er in
1238 2486 3221 2713 Nun erst, da er wieder im Freien stand,
4415 2496 6548 2742 gehört“.Es bestand kaum eine Möglichkeit,
5527 2669 6649 2824 weis werden sind seit
4380 2606 6696 2912 dass Bogner von den tausend und sechshundert
983 2641 3202 2868 und linde Abendluft um seine stirne strich,
2562 2742 2887 2827 Chaune
4387 2742 6514 3047 erfahren könnte, die Willi tatsächlich ge-
996 2795 3142 3006 kam er zum Bewusstsein seines Glücks.Oder,
2562 2890 2798 2975 Dr. Secr
999 2953 3173 3167 wie er sich gleich verbesserte, zum Bewusst-
4364 2893 4947 3088 wonnen.
1878 3088 2162 3186 choure
971 3082 3221 3331 sein von Bogners Glück. Doch auch ihm selbst
4604 3091 6684 3388 Nun war er Auf dem Weg zu Kessners
2660 3192 3154 3303 of the <gap/>
4027 3224 6561 3507 und Ob sie ihn auch zum Nachtmahl dortbehalten
1008 3262 3148 3488 blieb immerhin so viel, dass er sich einen
1015 3407 3142 3630 neuen Waffenrock,eine neue Kappe, auch ein
4327 3388 6596 3671 würden? Ach,er könnte doch jetzt nun selbst
1966 3529 2206 3633 and
4327 3558 6574 3845 die ganze Gesellschaft zum Souper einkaden.
1027 3551 2984 3775 neues Porte épée bestellen konnte. Und
5546 3586 5767 3693 such
2956 3621 3378 3750 gindre
1034 3712 3309 3930 auch für einige Soupers in angenehmer Beglei
4292 3678 6381 3999 Aber das würde man vielleicht als
1900 3813 2849 3930 une pouye n'aient
1043 3848 3233 4100 tung, um die ihm/nicht bange war,blieb eini-
4324 3819 5720 4053 etr aamolors großetiurik
1037 4002 3180 4289 ges übrig, Und welche Genugtuung würde es
4405 4021 5215 4204 zeitung, ein
