7128 4520
4901 399 6531 610 d. den wohlken bei „ so
3872 728 4227 923 1/5.1924.
4269 799 6320 1029 beim Fräulein Rihoschek? Wozu hat ersie
4789 974 5796 1064 over u.. n'est debleil.
4221 949 6511 1185 überhaupt? Er hatte einmal gehört von einem
1387 920 3240 1227 Nun gingen sie alle.Auf der Terrasse
5416 1099 5818 1208 en Stil
2805 1134 3061 1236 urpens
4217 1137 6221 1332 ältern Herrn, der in den Armen seinerGe
1080 1102 3157 1284 die Tische und Sesseln glänzten gelster-
6259 1185 6479 1351 Hyn
6556 1195 6793 1313 her
5684 1246 6186 1339 word. in..
4192 1297 6725 1495 liebten vom Schlag getroffenwurde und er sich
1019 1262 3115 1521 haft (weiss.Noch lag die Nacht über Stadt
6438 1380 6757 1530 eu serieux
4358 1419 5572 1518 dat der Cronberch Testia
4221 1486 6463 1671 spürte næn, dass er dem Mann an seiner Seite
1067 1431 3268 1684 und Landschaft, doch kein Stern mehr war zu
4214 1585 6323 1780 den Tod wünschte. Der Konsul schien sehr
1074 1626 3316 1815 sehen. Nur in der Gegend des Bahnhofs be###
4860 1728 5943 1808 - will zue tliebe in gelegen
4211 1780 6390 1943 wohlgelaunt; offenbar um Elrief zu ärgern
1080 1780 3115 1978 lichtete sich der Himmelsrand (einwenig)
4233 1888 6285 2090 erlaubte er sich mit Fräulein Rihoschek
1067 1949 3109 2109 Draussen wartete der Wagen des Konsuls,
1978 2026 2505 2137 Auf den Boten
4233 2070 6505 2246 eine (recht) handgreifliche Zärtlichkeit, du
1058 2096 3205 2278 der Kutscher sass darin mit den Füssen auf
4550 2169 5796 2291 nouveau elle enflieté will peut
4489 2208 6288 2396 Der Kutscher sass auf dem Bock, der
1061 2221 3109 2431 dem mrittbrett und schlief.Schnabel be¬
1367 2329 1719 2431 escrechte et
4454 2329 4614 2454 4-2
4230 2352 6499 2521 vonsul lud den Leutnant ein in den Wagen zu
1013 2422 3125 2566 rührte ihnen der Schulter,er wurde wach,
4211 2492 6451 2725 steigen, wies ihm den Platz auf der rechten
1074 2521 3230 2700 lüftete den Hut, sah nach den Pferden, deck¬
5307 2639 5757 2725 nicht in ihren
1032 2636 1645 2760 aue du dit
4205 2693 6285 2844 Seite an, breitete ihm und sich zugleich
1067 2725 3093 2891 te sie ab. Die Offiziere legten nochmals
4521 2815 4719 2901 with
4233 2773 6307 3010 eine mit grauem Plüsch gefütterte Decke
1102 2869 3026 3045 die Hand an die Mütze, Servus Kasda“,
1645 2936 1872 3045 perte
4233 2911 6534 3153 über die Knise und nun fuhren sie ab,vorüber
1051 3003 3224 3179 rief Greising und nun schlenderten sie da-
4224 3144 6444 3358 an Elrief und dem Sekretär,zwischen denen,
1051 3173 3125 3326 von.Willy sah ihnen mit schwerem Herzen
4214 3323 6786 3483 eingehängt in beide, das Fräulein Rihoschok datum
1032 3336 3249 3495 nach.Der Sekretär,Elrief und eräulein Riho
4390 3431 4850 3521 blever
4224 3431 6253 3661 spazierte. Herr Elrief lüftete nochmals
1038 3483 3080 3661 schek warteten bis der Kutscher fertig
1844 3553 2527 3665 in Farhansch
5304 3550 5815 3649 misladeur in
4192 3591 6435 3783 seinen Hut mit weiter Bewegung, etwas humo-
1086 3633 3128 3812 vurde.Elrief,s portlich erfahren, äusserte
2879 3693 3345 3850 will dortt.
4984 3732 6364 3975 spanischer Hofsitte, wie er
981 3783 3125 3959 seine Anerkennung über die Pferde.- „Warum
4179 3773 4997 3933 ristisch, nach
4371 3876 5000 3984 bei Gelegenten
4157 3840 6460 4189 es wurde spaniesen Granden auf dem Theater
1006 3949 3275 4083 bleibt denn der Konsul nicht hier heraussen
