<?xml version="1.0" encoding="UTF-8" standalone="yes"?>
<PcGts xmlns="http://schema.primaresearch.org/PAGE/gts/pagecontent/2013-07-15" xmlns:xsi="http://www.w3.org/2001/XMLSchema-instance" xsi:schemaLocation="http://schema.primaresearch.org/PAGE/gts/pagecontent/2013-07-15 http://schema.primaresearch.org/PAGE/gts/pagecontent/2013-07-15/pagecontent.xsd">
    <Metadata>
        <Creator>prov=READ-COOP:name=TrHtr:version=2.1.0:model_id=51170:date=14_08_2023_21:42</Creator>
        <Created>2023-05-10T14:46:00.441+02:00</Created>
        <LastChange>2023-08-14T21:42:05.948+02:00</LastChange>
        <TranskribusMetadata docId="1428676" pageId="55424854" pageNr="11" tsid="132826871" status="IN_PROGRESS" userId="64420" imgUrl="https://files.transkribus.eu/Get?id=NIOIJQTBAMBEEHFQIWSIVXTJ&amp;fileType=view" xmlUrl="https://files.transkribus.eu/Get?id=QFAUGUJDQTGPEIHCKVAGREPJ" imageId="44698931"/>
    </Metadata>
    <Page imageFilename="1428676_0011.jpg" imageWidth="7032" imageHeight="4488">
        <ReadingOrder>
            <OrderedGroup id="ro_1711811921420" caption="Regions reading order">
                <RegionRefIndexed index="0" regionRef="tr_2"/>
                <RegionRefIndexed index="1" regionRef="tr_1"/>
            </OrderedGroup>
        </ReadingOrder>
        <TextRegion id="tr_2" custom="readingOrder {index:0;}">
            <Coords points="716,869 3539,869 3539,4187 716,4187"/>
            <TextLine id="tr_2_tl_1" custom="readingOrder {index:0;}">
                <Coords points="1120,1011 1872,1038 2620,916 3218,929 3054,805 2341,896 1333,782 1120,850"/>
                <Baseline points="1139,919 1229,919 1318,925 1408,925 1497,925 1587,925 1677,925 1766,925 1856,931 1945,931 2035,931 2124,931 2214,931 2303,931 2393,936 2482,931 2572,931 2661,931 2751,931 2840,931 2930,931 3019,931 3109,925 3198,931 3222,931"/>
                <TextEquiv>
                    <Unicode>Wochen hat diesen Raum kein weiblicher</Unicode>
                </TextEquiv>
            </TextLine>
            <TextLine id="tr_2_tl_2" custom="readingOrder {index:1;}">
                <Coords points="1185,1100 1954,1189 3356,1097 3323,1002 1185,992"/>
                <Baseline points="1205,1062 1295,1074 1384,1074 1474,1074 1563,1074 1653,1080 1742,1080 1832,1080 1921,1080 2011,1086 2100,1086 2190,1086 2279,1086 2369,1086 2458,1086 2548,1086 2637,1086 2727,1086 2816,1086 2906,1086 2995,1086 3085,1080 3175,1080 3264,1080 3354,1080 3365,1086"/>
                <TextEquiv>
                    <Unicode>Fuss betreten. Ich bin geradezu Platoniker</Unicode>
                </TextEquiv>
            </TextLine>
            <TextLine id="tr_2_tl_3" custom="readingOrder {index:2;}">
                <Coords points="1176,1314 1314,1231 1859,1336 3208,1268 3205,1169 3018,1146 1172,1149"/>
                <Baseline points="1193,1235 1283,1229 1372,1229 1462,1229 1551,1229 1641,1229 1730,1235 1820,1229 1909,1235 1999,1235 2088,1235 2178,1235 2267,1235 2357,1235 2446,1241 2536,1241 2625,1235 2715,1235 2805,1241 2894,1235 2984,1235 3073,1235 3163,1235 3216,1235"/>
                <TextEquiv>
                    <Unicode>geworden. Aber nimm doch Platz.“ End er</Unicode>
                </TextEquiv>
            </TextLine>
            <TextLine id="tr_2_tl_4" custom="readingOrder {index:3;}">
                <Coords points="1182,1474 2003,1471 2217,1386 3530,1428 3445,1261 3231,1343 1182,1284"/>
                <Baseline points="1199,1384 1289,1378 1378,1378 1468,1378 1557,1384 1647,1384 1736,1384 1826,1384 1915,1384 2005,1390 2094,1384 2184,1384 2273,1384 2363,1384 2452,1384 2542,1384 2631,1384 2721,1390 2810,1390 2900,1384 2990,1384 3079,1384 3169,1390 3258,1390 3348,1396 3437,1396 3527,1396 3539,1402"/>
                <TextEquiv>
                    <Unicode>räumte einige Wäschetsücke von einem Sessel</Unicode>
                </TextEquiv>
            </TextLine>
            <TextLine id="tr_2_tl_5" custom="readingOrder {index:4;}">
                <Coords points="2190,1501 2256,1471 2417,1504 2456,1471 2998,1491 3166,1465 3133,1396 2896,1438 2762,1399 2519,1428 2190,1396"/>
                <Baseline points="2208,1462 2279,1462 2369,1468 2458,1468 2548,1474 2637,1468 2727,1462 2816,1468 2906,1462 2995,1462 3085,1456 3175,1456"/>
                <TextEquiv>
                    <Unicode>clarf est dents. n'ellent</Unicode>
                </TextEquiv>
            </TextLine>
            <TextLine id="tr_2_tl_6" custom="readingOrder {index:5;}">
                <Coords points="1169,1556 1343,1625 1520,1547 1727,1622 2108,1547 3349,1553 3349,1481 3208,1461 1169,1468"/>
                <Baseline points="1187,1527 1277,1527 1366,1533 1456,1533 1545,1533 1635,1533 1724,1539 1814,1539 1903,1539 1993,1539 2082,1539 2172,1539 2261,1539 2351,1539 2440,1539 2530,1533 2619,1539 2709,1539 2799,1539 2888,1539 2978,1539 3067,1539 3157,1539 3246,1545 3336,1539 3354,1539"/>
                <TextEquiv>
                    <Unicode>aufs Bett. „Und sag,willet du nicht auch</Unicode>
                </TextEquiv>
            </TextLine>
            <TextLine id="tr_2_tl_7" custom="readingOrder {index:6;}">
                <Coords points="2036,1632 2272,1625 2312,1609 2453,1662 2456,1543 2433,1537 2391,1566 2312,1550 2276,1573 2240,1547 2200,1566 2174,1550 2141,1570 2115,1547 2039,1563"/>
                <Baseline points="2053,1617 2142,1611 2232,1611 2321,1605 2411,1611 2464,1617"/>
                <TextEquiv>
                    <Unicode>inter</Unicode>
                </TextEquiv>
            </TextLine>
            <TextLine id="tr_2_tl_8" custom="readingOrder {index:7;}">
                <Coords points="1169,1757 1543,1783 1836,1704 1964,1780 2236,1737 2302,1763 2302,1616 1169,1619"/>
                <Baseline points="1187,1682 1277,1682 1366,1682 1456,1688 1545,1688 1635,1682 1724,1682 1814,1682 1903,1682 1993,1688 2082,1688 2172,1688 2261,1688 2309,1700"/>
                <TextEquiv>
                    <Unicode>einen-Kaffee trinken?“</Unicode>
                </TextEquiv>
            </TextLine>
            <TextLine id="tr_2_tl_9" custom="readingOrder {index:8;}">
                <Coords points="1694,1872 1842,1934 2036,1928 2121,1849 3139,1895 3326,1862 3326,1777 1694,1796"/>
                <Baseline points="1712,1850 1802,1838 1891,1838 1981,1838 2070,1838 2160,1844 2249,1844 2339,1844 2429,1844 2518,1844 2608,1850 2697,1850 2787,1850 2876,1850 2966,1844 3055,1844 3145,1844 3234,1844 3324,1856 3336,1850"/>
                <TextEquiv>
                    <Unicode>„Danko,Willi, nach (doch) keine Um-</Unicode>
                </TextEquiv>
            </TextLine>
            <TextLine id="tr_2_tl_10" custom="readingOrder {index:9;}">
                <Coords points="1120,1990 1593,2095 2374,2108 2890,2010 3399,2065 3399,1914 3215,1891 1120,1928"/>
                <Baseline points="1139,1987 1229,1987 1318,1987 1408,1987 1497,1993 1587,1993 1677,1993 1766,1993 1856,1993 1945,1993 2035,1993 2124,1993 2214,1993 2303,1999 2393,1999 2482,1999 2572,1999 2661,1999 2751,1999 2840,1999 2930,1999 3019,1999 3109,1999 3198,1999 3288,1999 3377,1999 3407,2005"/>
                <TextEquiv>
                    <Unicode>stände. Ich hab natürlich sehon gefrühstückt</Unicode>
                </TextEquiv>
            </TextLine>
            <TextLine id="tr_2_tl_11" custom="readingOrder {index:10;}">
                <Coords points="1153,2249 3317,2213 3313,2098 3021,2049 2331,2115 1149,2062"/>
                <Baseline points="1169,2136 1259,2136 1348,2142 1438,2142 1527,2148 1617,2148 1706,2148 1796,2148 1885,2148 1975,2148 2064,2148 2154,2148 2244,2148 2333,2148 2423,2148 2512,2148 2602,2154 2691,2154 2781,2154 2870,2154 2960,2154 3049,2154 3139,2154 3228,2160 3318,2166 3324,2160"/>
                <TextEquiv>
                    <Unicode>Wenn du erlaubst, zünde ich mir eine Ziga¬</Unicode>
                </TextEquiv>
            </TextLine>
            <TextLine id="tr_2_tl_12" custom="readingOrder {index:11;}">
                <Coords points="1172,2368 1245,2394 1333,2368 1382,2397 1445,2384 1688,2410 1681,2220 1606,2243 1530,2236 1461,2266 1336,2203 1291,2243 1169,2226"/>
                <Baseline points="1187,2297 1277,2291 1366,2291 1456,2297 1545,2297 1635,2309 1688,2309"/>
                <TextEquiv>
                    <Unicode>rette an.'</Unicode>
                </TextEquiv>
            </TextLine>
            <TextLine id="tr_2_tl_13" custom="readingOrder {index:12;}">
                <Coords points="1675,2528 2624,2561 2896,2473 3251,2509 3228,2377 1675,2371"/>
                <Baseline points="1694,2446 1784,2452 1873,2452 1963,2452 2053,2452 2142,2452 2232,2452 2321,2458 2411,2458 2500,2458 2590,2458 2679,2458 2769,2458 2858,2458 2948,2458 3037,2464 3127,2464 3216,2458 3258,2458"/>
                <TextEquiv>
                    <Unicode>Wilhelm liess nicht zu, dass Ot</Unicode>
                </TextEquiv>
            </TextLine>
            <TextLine id="tr_2_tl_14" custom="readingOrder {index:13;}">
                <Coords points="1166,2696 3330,2657 3274,2506 2003,2581 1162,2532"/>
                <Baseline points="1181,2596 1271,2596 1360,2596 1450,2602 1539,2608 1629,2608 1718,2608 1808,2608 1897,2608 1987,2608 2076,2608 2166,2608 2255,2608 2345,2608 2434,2608 2524,2608 2614,2614 2703,2614 2793,2614 2882,2614 2972,2614 3061,2614 3151,2619 3240,2614 3330,2619 3336,2614"/>
                <TextEquiv>
                    <Unicode>to sich aus der eigenen Dose bediente und</Unicode>
                </TextEquiv>
            </TextLine>
            <TextLine id="tr_2_tl_15" custom="readingOrder {index:14;}">
                <Coords points="1149,2814 2739,2857 3182,2811 3182,2683 1149,2703"/>
                <Baseline points="1169,2757 1259,2751 1348,2757 1438,2757 1527,2757 1617,2763 1706,2757 1796,2757 1885,2757 1975,2757 2064,2763 2154,2763 2244,2763 2333,2769 2423,2769 2512,2769 2602,2763 2691,2763 2781,2763 2870,2769 2960,2769 3049,2769 3139,2775 3186,2775"/>
                <TextEquiv>
                    <Unicode>wies auf das Bauchtischchen,wo in einer</Unicode>
                </TextEquiv>
            </TextLine>
            <TextLine id="tr_2_tl_16" custom="readingOrder {index:15;}">
                <Coords points="1110,2926 2305,3018 3175,2969 3175,2873 2942,2834 1110,2847"/>
                <Baseline points="1127,2912 1217,2906 1307,2906 1396,2912 1486,2912 1575,2912 1665,2912 1754,2918 1844,2918 1933,2918 2023,2912 2112,2918 2202,2918 2291,2918 2381,2918 2470,2918 2560,2918 2649,2924 2739,2924 2828,2924 2918,2924 3007,2924 3097,2924 3180,2936"/>
                <TextEquiv>
                    <Unicode>offenen Schachtel mit Zigarette n stand.</Unicode>
                </TextEquiv>
            </TextLine>
            <TextLine id="tr_2_tl_17" custom="readingOrder {index:16;}">
                <Coords points="1139,3093 2006,3074 2299,3169 2729,3074 3060,3126 3057,3031 2886,2991 1139,2972"/>
                <Baseline points="1157,3055 1247,3061 1336,3061 1426,3061 1515,3067 1605,3067 1694,3067 1784,3067 1873,3067 1963,3067 2053,3067 2142,3067 2232,3073 2321,3073 2411,3073 2500,3073 2590,3073 2679,3073 2769,3073 2858,3073 2948,3079 3037,3085 3067,3091"/>
                <TextEquiv>
                    <Unicode>Otto nahm eine, Wilhelm gab ihm Feuer,</Unicode>
                </TextEquiv>
            </TextLine>
            <TextLine id="tr_2_tl_18" custom="readingOrder {index:17;}">
                <Coords points="1103,3310 1369,3287 1471,3336 1612,3290 1773,3310 1875,3228 2157,3238 2154,3162 2026,3136 1901,3166 1799,3126 1586,3169 1100,3152"/>
                <Baseline points="1122,3216 1211,3216 1301,3216 1390,3216 1480,3216 1569,3222 1659,3216 1748,3222 1838,3228 1927,3222 2017,3222 2106,3222 2166,3246"/>
                <TextEquiv>
                    <Unicode>Otto tat einige Züge</Unicode>
                </TextEquiv>
            </TextLine>
            <TextLine id="tr_2_tl_19" custom="readingOrder {index:18;}">
                <Coords points="2200,3307 2798,3297 2962,3244 3106,3267 3185,3251 3185,3159 2969,3182 2742,3106 2643,3156 2519,3133 2200,3166"/>
                <Baseline points="2218,3248 2297,3228 2387,3228 2476,3228 2566,3228 2655,3228 2745,3228 2834,3228 2924,3234 3013,3234 3103,3234 3192,3234"/>
                <TextEquiv>
                    <Unicode>schweigend und sein</Unicode>
                </TextEquiv>
            </TextLine>
            <TextLine id="tr_2_tl_20" custom="readingOrder {index:19;}">
                <Coords points="1865,3320 2033,3294 2059,3307 2151,3294 2161,3231 2121,3241 2111,3234 2082,3251 2023,3225 1983,3244 1947,3234 1875,3248"/>
                <Baseline points="1885,3288 1897,3288 1987,3288 2076,3276 2166,3246"/>
                <TextEquiv>
                    <Unicode>notèly</Unicode>
                </TextEquiv>
            </TextLine>
            <TextLine id="tr_2_tl_21" custom="readingOrder {index:20;}">
                <Coords points="1146,3379 1373,3458 2703,3471 2896,3392 3228,3405 3228,3264 3024,3330 2906,3267 1146,3307"/>
                <Baseline points="1163,3371 1253,3371 1342,3371 1432,3377 1521,3371 1611,3377 1700,3371 1790,3377 1879,3383 1969,3377 2058,3377 2148,3377 2238,3377 2327,3377 2417,3377 2506,3377 2596,3377 2685,3377 2775,3383 2864,3383 2954,3383 3043,3389 3133,3383 3222,3383 3234,3383"/>
                <TextEquiv>
                    <Unicode>Blick auf das Bild über der altmodischen</Unicode>
                </TextEquiv>
            </TextLine>
            <TextLine id="tr_2_tl_22" custom="readingOrder {index:21;}">
                <Coords points="1169,3583 1409,3530 3120,3556 2952,3425 2706,3481 1169,3448"/>
                <Baseline points="1187,3521 1277,3521 1366,3521 1456,3521 1545,3527 1635,3527 1724,3527 1814,3527 1903,3527 1993,3533 2082,3527 2172,3527 2261,3527 2351,3527 2440,3533 2530,3527 2619,3533 2709,3539 2799,3539 2888,3539 2978,3533 3067,3533 3127,3527"/>
                <TextEquiv>
                    <Unicode>yredenz, die goldgerahnte Photographie</Unicode>
                </TextEquiv>
            </TextLine>
            <TextLine id="tr_2_tl_23" custom="readingOrder {index:22;}">
                <Coords points="703,3606 3215,3645 3333,3563 1346,3569 699,3448"/>
                <Baseline points="716,3562 805,3562 895,3562 984,3568 1074,3592 1139,3598 1229,3592 1318,3598 1408,3598 1497,3604 1587,3610 1677,3610 1766,3610 1856,3604 1945,3610 2035,3598 2124,3598 2214,3598 2303,3604 2393,3598 2482,3592 2572,3592 2661,3598 2751,3598 2840,3598 2930,3604 3019,3604 3109,3604 3198,3610 3288,3610 3342,3616"/>
                <TextEquiv>
                    <Unicode>tered offynssion of ny ougst ouflor</Unicode>
                </TextEquiv>
            </TextLine>
            <TextLine id="tr_2_tl_24" custom="readingOrder {index:23;}">
                <Coords points="1153,3803 1511,3678 3376,3717 3336,3615 1149,3632"/>
                <Baseline points="1169,3682 1259,3682 1348,3682 1438,3676 1527,3676 1617,3676 1706,3682 1796,3676 1885,3676 1975,3682 2064,3676 2154,3676 2244,3676 2333,3676 2423,3682 2512,3682 2602,3688 2691,3688 2781,3694 2870,3694 2960,3694 3049,3688 3139,3688 3228,3694 3318,3694 3383,3700"/>
                <TextEquiv>
                    <Unicode>nes Herrenreitens in der Freudenauftell</Unicode>
                </TextEquiv>
            </TextLine>
            <TextLine id="tr_2_tl_25" custom="readingOrder {index:24;}">
                <Coords points="1412,3806 1442,3806 1514,3766 1560,3770 1570,3760 1616,3766 1645,3786 1671,3773 1740,3786 1737,3711 1711,3704 1612,3688 1583,3707 1556,3684 1534,3694 1514,3678 1409,3701"/>
                <Baseline points="1426,3730 1515,3736 1605,3741 1694,3741 1748,3747"/>
                <TextEquiv>
                    <Unicode>de</Unicode>
                </TextEquiv>
            </TextLine>
            <TextLine id="tr_2_tl_26" custom="readingOrder {index:25;}">
                <Coords points="1826,3770 2026,3753 2062,3770 2118,3750 2144,3770 2207,3753 2256,3783 2289,3760 2331,3786 2381,3763 2420,3776 2417,3681 2256,3698 2213,3671 2144,3707 2079,3678 2033,3701 1891,3684 1822,3707"/>
                <Baseline points="1844,3736 1933,3736 2023,3741 2112,3741 2202,3747 2291,3747 2381,3753 2429,3753"/>
                <TextEquiv>
                    <Unicode>nte untell</Unicode>
                </TextEquiv>
            </TextLine>
            <TextLine id="tr_2_tl_27" custom="readingOrder {index:26;}">
                <Coords points="814,3803 831,3799 873,3829 913,3826 933,3812 985,3829 1005,3822 992,3642 946,3645 900,3612 850,3655 841,3648 805,3658"/>
                <Baseline points="829,3747 919,3747 1008,3759"/>
                <TextEquiv>
                    <Unicode>G.H.F.P</Unicode>
                </TextEquiv>
            </TextLine>
            <TextLine id="tr_2_tl_28" custom="readingOrder {index:27;}">
                <Coords points="1662,3927 2279,3878 2331,3921 2450,3849 2732,3937 3044,3865 3326,3888 3353,3763 1658,3776"/>
                <Baseline points="1677,3837 1766,3837 1856,3831 1945,3837 2035,3837 2124,3837 2214,3837 2303,3837 2393,3837 2482,3837 2572,3837 2661,3843 2751,3849 2840,3849 2930,3849 3019,3843 3109,3849 3198,3849 3288,3855 3360,3861"/>
                <TextEquiv>
                    <Unicode>„Also jetzt erzähl“, sagte Wilhelm</Unicode>
                </TextEquiv>
            </TextLine>
            <TextLine id="tr_2_tl_29" custom="readingOrder {index:28;}">
                <Coords points="1133,4072 2834,4095 3274,4013 3274,3934 2896,3898 1133,3908"/>
                <Baseline points="1151,3992 1241,3986 1330,3986 1420,3986 1509,3986 1599,3986 1688,3986 1778,3986 1868,3992 1957,3986 2047,3992 2136,3986 2226,3986 2315,3986 2405,3992 2494,3992 2584,3992 2673,3998 2763,3998 2852,3998 2942,4004 3031,3998 3121,3998 3210,3998 3282,4010"/>
                <TextEquiv>
                    <Unicode>Wie gehts dir eigentlich? Seit zwei Jahren</Unicode>
                </TextEquiv>
            </TextLine>
            <TextLine id="tr_2_tl_30" custom="readingOrder {index:29;}">
                <Coords points="1071,4183 3290,4213 3287,4049 2657,4118 1067,4065"/>
                <Baseline points="1086,4147 1175,4147 1265,4147 1354,4147 1444,4153 1533,4153 1623,4153 1712,4147 1802,4147 1891,4153 1981,4159 2070,4159 2160,4153 2249,4153 2339,4159 2429,4159 2518,4153 2608,4159 2697,4159 2787,4165 2876,4165 2966,4165 3055,4159 3145,4159 3234,4171 3300,4177"/>
                <TextEquiv>
                    <Unicode>hat man ja absolut nichts von dir gehört.</Unicode>
                </TextEquiv>
            </TextLine>
        </TextRegion>
        <TextRegion id="tr_1" custom="readingOrder {index:1;}">
            <Coords points="4147,618 6726,618 6726,4080 4147,4080"/>
            <TextLine id="tr_1_tl_1" custom="readingOrder {index:0;}">
                <Coords points="5041,722 5139,690 5395,729 5645,676 6357,719 6357,535 6134,512 5924,644 5858,601 5254,627 5175,571 5041,585"/>
                <Baseline points="5060,692 5150,692 5239,686 5329,686 5419,686 5508,686 5598,680 5687,674 5777,674 5866,680 5956,674 6045,668 6135,674 6224,680 6314,686 6367,692"/>
                <TextEquiv>
                    <Unicode>dium einen Acker.</Unicode>
                </TextEquiv>
            </TextLine>
            <TextLine id="tr_1_tl_2" custom="readingOrder {index:1;}">
                <Coords points="5077,873 5293,893 5474,811 6426,850 6426,722 6272,706 5684,676 5530,742 5349,703 5303,745 5136,686 5077,719"/>
                <Baseline points="5096,823 5180,811 5269,823 5359,817 5448,799 5538,799 5627,799 5717,799 5806,805 5896,805 5985,805 6075,799 6165,799 6254,799 6344,799 6433,805"/>
                <TextEquiv>
                    <Unicode>wir - also ich meine, wie</Unicode>
                </TextEquiv>
            </TextLine>
            <TextLine id="tr_1_tl_3" custom="readingOrder {index:2;}">
                <Coords points="4308,841 4486,831 4574,860 4725,824 5004,834 5087,811 5087,676 4958,729 4850,690 4752,703 4689,749 4522,686 4308,722"/>
                <Baseline points="4326,805 4416,805 4505,805 4595,805 4684,805 4774,805 4863,805 4953,805 5043,805 5096,823"/>
                <TextEquiv>
                    <Unicode>Und damals, wie</Unicode>
                </TextEquiv>
            </TextLine>
            <TextLine id="tr_1_tl_4" custom="readingOrder {index:3;}">
                <Coords points="4765,906 4807,887 4837,890 4850,877 4867,887 4926,867 4978,900 5011,877 5080,883 5090,808 5037,808 4998,834 4952,834 4932,814 4896,831 4886,821 4840,834 4811,821 4775,824"/>
                <Baseline points="4786,877 4828,871 4917,865 5007,859 5096,823"/>
                <TextEquiv>
                    <Unicode>du zé</Unicode>
                </TextEquiv>
            </TextLine>
            <TextLine id="tr_1_tl_5" custom="readingOrder {index:4;}">
                <Coords points="4361,992 6476,1031 6476,864 5914,818 5441,893 4361,883"/>
                <Baseline points="4380,972 4422,966 4511,960 4601,954 4690,954 4780,954 4869,960 4959,960 5049,960 5138,960 5228,960 5317,954 5407,948 5496,948 5586,948 5675,948 5765,948 5854,954 5944,954 6033,948 6123,948 6212,948 6302,948 6391,942 6481,954"/>
                <TextEquiv>
                    <Unicode>wir ein paar Tage vor deinen Urlaub bei-</Unicode>
                </TextEquiv>
            </TextLine>
            <TextLine id="tr_1_tl_6" custom="readingOrder {index:5;}">
                <Coords points="4344,1143 6420,1126 6545,1192 6545,1025 6364,998 4344,1041"/>
                <Baseline points="4362,1122 4404,1122 4493,1116 4583,1110 4673,1110 4762,1110 4852,1110 4941,1104 5031,1110 5120,1110 5210,1110 5299,1104 5389,1104 5478,1110 5568,1104 5657,1110 5747,1104 5836,1104 5926,1104 6015,1104 6105,1104 6194,1104 6284,1104 6373,1104 6463,1104 6552,1110"/>
                <TextEquiv>
                    <Unicode>ammen waren, hast du mir versprochen,dass</Unicode>
                </TextEquiv>
            </TextLine>
            <TextLine id="tr_1_tl_7" custom="readingOrder {index:6;}">
                <Coords points="4302,1300 6449,1310 6548,1195 6397,1126 6259,1199 4302,1205"/>
                <Baseline points="4320,1277 4404,1271 4493,1265 4583,1265 4673,1265 4762,1259 4852,1265 4941,1265 5031,1265 5120,1259 5210,1265 5299,1265 5389,1265 5478,1259 5568,1259 5657,1259 5747,1259 5836,1259 5926,1259 6015,1253 6105,1253 6194,1253 6284,1253 6373,1253 6463,1253 6552,1253"/>
                <TextEquiv>
                    <Unicode>du doch von Zeit zu Zeit xxx von dir hören</Unicode>
                </TextEquiv>
            </TextLine>
            <TextLine id="tr_1_tl_8" custom="readingOrder {index:7;}">
                <Coords points="4361,1478 5205,1412 5336,1478 6302,1484 6568,1389 6571,1274 6042,1340 5576,1277 5421,1353 5254,1287 4364,1314"/>
                <Baseline points="4380,1432 4428,1426 4517,1420 4607,1420 4696,1420 4786,1420 4875,1420 4965,1414 5054,1408 5144,1402 5234,1396 5323,1396 5413,1390 5502,1390 5592,1390 5681,1390 5771,1390 5860,1390 5950,1384 6039,1384 6129,1378 6218,1378 6308,1378 6397,1372 6487,1378 6576,1378"/>
                <TextEquiv>
                    <Unicode>Jassen wirst.o Um er dritte eingetielt und den</Unicode>
                </TextEquiv>
            </TextLine>
            <TextLine id="tr_1_tl_9" custom="readingOrder {index:8;}">
                <Coords points="5041,1514 5064,1514 5093,1491 5129,1517 5185,1494 5215,1514 5267,1504 5267,1409 5192,1412 5169,1435 5155,1435 5113,1402 5087,1402 5057,1425 5041,1425"/>
                <Baseline points="5060,1468 5150,1474 5239,1468 5275,1474"/>
                <TextEquiv>
                    <Unicode>brye</Unicode>
                </TextEquiv>
            </TextLine>
            <TextLine id="tr_1_tl_10" custom="readingOrder {index:9;}">
                <Coords points="4755,1622 5655,1563 6479,1606 6482,1481 4755,1517"/>
                <Baseline points="4774,1569 4786,1569 4875,1569 4965,1569 5054,1575 5144,1575 5234,1575 5323,1563 5413,1563 5502,1569 5592,1563 5681,1563 5771,1563 5860,1563 5950,1563 6039,1563 6129,1557 6218,1557 6308,1557 6397,1557 6487,1557"/>
                <TextEquiv>
                    <Unicode>„Nq’ sagte der Andere.„Es war doch</Unicode>
                </TextEquiv>
            </TextLine>
            <TextLine id="tr_1_tl_11" custom="readingOrder {index:10;}">
                <Coords points="5418,1662 6472,1629 6719,1665 6719,1602 6554,1550 6466,1602 5658,1563 5418,1599"/>
                <Baseline points="5436,1641 5526,1635 5615,1629 5705,1629 5795,1635 5884,1635 5974,1629 6063,1629 6153,1629 6242,1623 6332,1623 6421,1623 6511,1629 6600,1635 6690,1647 6726,1647"/>
                <TextEquiv>
                    <Unicode>auf sich nichts, wel hören lassen</Unicode>
                </TextEquiv>
            </TextLine>
            <TextLine id="tr_1_tl_12" custom="readingOrder {index:11;}">
                <Coords points="4390,1744 6495,1786 6495,1629 4390,1642"/>
                <Baseline points="4410,1730 4446,1724 4535,1724 4625,1718 4714,1724 4804,1724 4893,1724 4983,1724 5072,1724 5162,1724 5251,1718 5341,1718 5430,1718 5520,1724 5610,1718 5699,1724 5789,1718 5878,1718 5968,1718 6057,1718 6147,1718 6236,1712 6326,1712 6415,1712 6505,1718"/>
                <TextEquiv>
                    <Unicode>vielleicht besser/so.Und viel leicht wäre</Unicode>
                </TextEquiv>
            </TextLine>
            <TextLine id="tr_1_tl_13" custom="readingOrder {index:12;}">
                <Coords points="4338,1908 6091,1888 6453,1957 6561,1918 6561,1767 4338,1796"/>
                <Baseline points="4356,1879 4446,1879 4535,1879 4625,1879 4714,1879 4804,1873 4893,1873 4983,1879 5072,1879 5162,1879 5251,1879 5341,1873 5430,1873 5520,1873 5610,1873 5699,1873 5789,1873 5878,1873 5968,1873 6057,1873 6147,1873 6236,1868 6326,1868 6415,1868 6505,1868 6570,1879"/>
                <TextEquiv>
                    <Unicode>os sogar besser,wenn es dabei geblieben wä-</Unicode>
                </TextEquiv>
            </TextLine>
            <TextLine id="tr_1_tl_14" custom="readingOrder {index:13;}">
                <Coords points="4381,2046 4587,2115 5103,2046 6446,2082 6522,2065 6522,1954 6078,1977 5773,1895 4381,1980"/>
                <Baseline points="4398,2035 4470,2035 4559,2035 4649,2035 4738,2035 4828,2035 4917,2029 5007,2029 5096,2029 5186,2029 5275,2029 5365,2029 5454,2029 5544,2029 5633,2029 5723,2035 5812,2029 5902,2029 5991,2035 6081,2035 6171,2029 6260,2023 6350,2023 6439,2023 6529,2011"/>
                <TextEquiv>
                    <Unicode>re.Denn -' Und er setzte sich,ganz uner-</Unicode>
                </TextEquiv>
            </TextLine>
            <TextLine id="tr_1_tl_15" custom="readingOrder {index:14;}">
                <Coords points="4331,2223 6210,2236 6495,2207 6495,2115 4650,2075 4331,2134"/>
                <Baseline points="4350,2190 4356,2184 4446,2190 4535,2184 4625,2184 4714,2184 4804,2184 4893,2184 4983,2184 5072,2184 5162,2184 5251,2184 5341,2190 5430,2190 5520,2184 5610,2184 5699,2184 5789,2184 5878,2184 5968,2184 6057,2184 6147,2184 6236,2178 6326,2178 6415,2178 6505,2184"/>
                <TextEquiv>
                    <Unicode>wartet für Wilhelm, in die Ecke des alten</Unicode>
                </TextEquiv>
            </TextLine>
            <TextLine id="tr_1_tl_16" custom="readingOrder {index:15;}">
                <Coords points="4266,2384 6430,2391 6393,2256 4266,2246"/>
                <Baseline points="4285,2369 4291,2369 4380,2351 4470,2345 4559,2345 4649,2339 4738,2339 4828,2339 4917,2339 5007,2339 5096,2339 5186,2345 5275,2345 5365,2345 5454,2339 5544,2345 5633,2345 5723,2339 5812,2339 5902,2339 5991,2339 6081,2339 6171,2333 6260,2333 6350,2333 6439,2339"/>
                <TextEquiv>
                    <Unicode>schwarzen Ledersophas, in dessen anderer</Unicode>
                </TextEquiv>
            </TextLine>
            <TextLine id="tr_1_tl_17" custom="readingOrder {index:16;}">
                <Coords points="4331,2574 4597,2509 4768,2574 6581,2522 6581,2420 6259,2387 6164,2446 4331,2394"/>
                <Baseline points="4350,2512 4440,2500 4529,2500 4619,2500 4708,2500 4798,2500 4887,2500 4977,2494 5066,2494 5156,2494 5245,2494 5335,2494 5424,2500 5514,2500 5604,2494 5693,2494 5783,2494 5872,2494 5962,2500 6051,2500 6141,2500 6230,2500 6320,2494 6409,2494 6499,2494 6588,2506"/>
                <TextEquiv>
                    <Unicode>Ecke einige zerlesene Bücher lagen - „denn,</Unicode>
                </TextEquiv>
            </TextLine>
            <TextLine id="tr_1_tl_18" custom="readingOrder {index:17;}">
                <Coords points="4381,2709 6249,2732 6561,2670 6564,2565 4381,2578"/>
                <Baseline points="4398,2655 4422,2655 4511,2649 4601,2649 4690,2655 4780,2649 4869,2649 4959,2649 5049,2649 5138,2649 5228,2655 5317,2655 5407,2655 5496,2649 5586,2649 5675,2649 5765,2649 5854,2649 5944,2649 6033,2649 6123,2643 6212,2649 6302,2649 6391,2643 6481,2643 6570,2643"/>
                <TextEquiv>
                    <Unicode>wie du dir denken kannst, mein heutiger Be-</Unicode>
                </TextEquiv>
            </TextLine>
            <TextLine id="tr_1_tl_19" custom="readingOrder {index:18;}">
                <Coords points="4325,2867 6456,2857 6456,2726 6059,2686 4325,2716"/>
                <Baseline points="4344,2816 4404,2810 4493,2810 4583,2810 4673,2810 4762,2805 4852,2805 4941,2810 5031,2810 5120,2810 5210,2810 5299,2810 5389,2805 5478,2805 5568,2805 5657,2810 5747,2805 5836,2805 5926,2805 6015,2805 6105,2805 6194,2805 6284,2805 6373,2805 6463,2810"/>
                <TextEquiv>
                    <Unicode>such zu so ungewohnter stunde - du musst</Unicode>
                </TextEquiv>
            </TextLine>
            <TextLine id="tr_1_tl_20" custom="readingOrder {index:19;}">
                <Coords points="4315,3011 6370,3005 6390,2860 4315,2867"/>
                <Baseline points="4332,2972 4338,2972 4428,2966 4517,2966 4607,2966 4696,2966 4786,2966 4875,2966 4965,2966 5054,2966 5144,2966 5234,2960 5323,2966 5413,2972 5502,2972 5592,2966 5681,2966 5771,2966 5860,2966 5950,2966 6039,2966 6129,2960 6218,2960 6308,2954 6397,2960"/>
                <TextEquiv>
                    <Unicode>schon entsehuldigen - "er sah auf die</Unicode>
                </TextEquiv>
            </TextLine>
            <TextLine id="tr_1_tl_21" custom="readingOrder {index:20;}">
                <Coords points="4374,3159 6160,3175 6357,3139 6357,3047 5267,2969 5031,3047 4374,3054"/>
                <Baseline points="4392,3121 4482,3121 4571,3121 4661,3127 4750,3121 4840,3121 4929,3121 5019,3121 5108,3121 5198,3121 5287,3121 5377,3121 5466,3121 5556,3115 5645,3115 5735,3121 5824,3121 5914,3115 6003,3115 6093,3115 6182,3109 6272,3109 6361,3121 6367,3121"/>
                <TextEquiv>
                    <Unicode>Uhr. -„Halb acht] Ich weiss, du schlafst</Unicode>
                </TextEquiv>
            </TextLine>
            <TextLine id="tr_1_tl_22" custom="readingOrder {index:21;}">
                <Coords points="4305,3317 6236,3340 6456,3274 6456,3175 6354,3152 4308,3198"/>
                <Baseline points="4326,3282 4404,3276 4493,3282 4583,3282 4673,3282 4762,3282 4852,3276 4941,3276 5031,3282 5120,3276 5210,3276 5299,3276 5389,3276 5478,3276 5568,3276 5657,3276 5747,3276 5836,3276 5926,3276 6015,3270 6105,3270 6194,3270 6284,3270 6373,3264 6463,3264"/>
                <TextEquiv>
                    <Unicode>dich gern aus an einem Sonntag Pieser Be-</Unicode>
                </TextEquiv>
            </TextLine>
            <TextLine id="tr_1_tl_23" custom="readingOrder {index:22;}">
                <Coords points="4315,3481 5618,3445 5816,3520 6522,3471 6522,3363 4512,3317 4315,3379"/>
                <Baseline points="4332,3437 4380,3437 4470,3437 4559,3437 4649,3431 4738,3431 4828,3431 4917,3431 5007,3431 5096,3431 5186,3431 5275,3431 5365,3431 5454,3431 5544,3431 5633,3431 5723,3431 5812,3425 5902,3425 5991,3425 6081,3425 6171,3425 6260,3425 6350,3425 6439,3425 6529,3425"/>
                <TextEquiv>
                    <Unicode>such hat natürlich einen Zweck, respektive</Unicode>
                </TextEquiv>
            </TextLine>
            <TextLine id="tr_1_tl_24" custom="readingOrder {index:23;}">
                <Coords points="4331,3612 6334,3615 6334,3500 6203,3471 5927,3527 4331,3491"/>
                <Baseline points="4350,3604 4374,3598 4464,3586 4553,3586 4643,3586 4732,3586 4822,3586 4911,3586 5001,3586 5090,3586 5180,3586 5269,3586 5359,3586 5448,3586 5538,3586 5627,3586 5717,3580 5806,3580 5896,3580 5985,3580 6075,3580 6165,3574 6254,3574 6344,3568"/>
                <TextEquiv>
                    <Unicode>lieber Willi, ich komme an unsere alte</Unicode>
                </TextEquiv>
            </TextLine>
            <TextLine id="tr_1_tl_25" custom="readingOrder {index:24;}">
                <Coords points="4321,3770 6387,3786 6370,3615 5779,3694 5333,3622 4505,3688 4325,3635"/>
                <Baseline points="4338,3736 4422,3736 4511,3736 4601,3741 4690,3741 4780,3741 4869,3741 4959,3741 5049,3741 5138,3741 5228,3741 5317,3741 5407,3741 5496,3736 5586,3741 5675,3736 5765,3736 5854,3736 5944,3736 6033,3730 6123,3730 6212,3730 6302,3730 6391,3730"/>
                <TextEquiv>
                    <Unicode>Freundschaft appellieren,an unsere alte</Unicode>
                </TextEquiv>
            </TextLine>
            <TextLine id="tr_1_tl_26" custom="readingOrder {index:25;}">
                <Coords points="4367,3947 5924,3908 6443,4006 6397,3770 6311,3829 4367,3826"/>
                <Baseline points="4386,3897 4392,3891 4482,3885 4571,3885 4661,3885 4750,3885 4840,3885 4929,3885 5019,3891 5108,3897 5198,3891 5287,3891 5377,3891 5466,3891 5556,3891 5645,3891 5735,3891 5824,3891 5914,3885 6003,3885 6093,3885 6182,3885 6272,3885 6361,3885 6451,3891"/>
                <TextEquiv>
                    <Unicode>Kameradschaft darf ich ja leider nie ht</Unicode>
                </TextEquiv>
            </TextLine>
            <TextLine id="tr_1_tl_27" custom="readingOrder {index:26;}">
                <Coords points="4131,3944 4161,3947 4183,3934 4200,3940 4229,3927 4252,3934 4269,3924 4292,3924 4285,3770 4266,3766 4246,3780 4206,3763 4180,3786 4164,3773 4147,3786 4124,3786"/>
                <Baseline points="4147,3903 4237,3909 4297,3909"/>
                <TextEquiv>
                    <Unicode>a</Unicode>
                </TextEquiv>
            </TextLine>
            <TextLine id="tr_1_tl_28" custom="readingOrder {index:27;}">
                <Coords points="4738,4098 6049,4095 6072,3970 5986,4003 5756,3947 5599,3996 4916,3990 4870,4026 4742,3993"/>
                <Baseline points="4756,4064 4846,4070 4935,4070 5025,4070 5114,4070 5204,4070 5293,4058 5383,4064 5472,4064 5562,4064 5651,4058 5741,4058 5830,4058 5920,4064 6009,4064 6081,4064"/>
                <TextEquiv>
                    <Unicode>cie eJnügenev xxx impiel ej</Unicode>
                </TextEquiv>
            </TextLine>
        </TextRegion>
    </Page>
</PcGts>
