7192 4520
962 906 3133 1078 taktvoll empfinden. Aber war es nicht auch
1118 1036 1854 1155 des an omschrudert
959 1078 3127 1274 wenig taktvoll sich zum Nachtmahl dort be-
948 1237 3037 1384 halten zu lassen? Nun, das würde ihm schon
2122 1313 2969 1407 was a flenduille
951 1341 1174 1446 ten
923 1384 3130 1534 das gefühl eingeben,ob es richtig wäre oder
957 1494 1347 1593 Du wohl
962 1545 3184 1684 nicht. Schade nur, dass man nirgendsBlumen zu
962 1664 3127 1814 kaufen bekam; er hatte hicht daran gedacht,
2241 1780 2425 1854 mir
957 1797 3164 1998 dass Sonntag Nachmittag die Läden geschlos-
971 1967 3141 2145 sen waren. Aber Konditoreien waren offen.
962 2125 2963 2301 Und so entschloss'er sich eine Düte mit
957 2298 3085 2442 Badener Kaffeebobons und hainx an derTüre
1036 2397 1307 2490 mede
959 2439 3133 2570 wieder umkehrend eine zweite grössere Düte
2790 2507 3090 2615 and
968 2567 3133 2737 mit gemischten Bonbons zu kaufen, und fragte
971 2759 3150 2904 wie er die beiden zwischen Mutter
962 2822 3093 3051 und Tochter zu verteilen hätte. Als erobi
974 3025 3003 3178 Kessners in den Vorgarten trat,ward ihm
971 3187 3051 3356 vom Stubenmädchen die Auskunft, die Herr-
914 3373 3090 3506 schaften, ja die ganze Gesellschaft sei ins
951 3518 3014 3676 Helenenthal gefahren, wahrsche inlich zur
951 3668 3102 3820 Krainerhütte. Die Stunde der Rückkehr sei
903 3789 3124 3962 unbekannt, die Herrschaften würden wohl aus-
951 3965 3031 4146 wärts soupieren,wie meist Sonntag Abend.
6234 784 6396 906 51
4265 891 6469 1169 Die Enttäuschung war bitter.Das Stubenmäd-
4319 1039 6532 1257 chen lächelte; sie hatte den Blick auf die
4276 1234 6546 1409 beiden Düten gerichtet, die der Leutnant in
4319 1381 6532 1590 der Hand hielt. Ja, was sollte man nun damit
4330 1565 6503 1766 anfangen? „Ich lasse mich bestens empfeh¬
4338 1698 6328 1868 len und, bitte schön  er reichte dem
4347 1828 6622 2074 Stubenmädchen die Düten hin -,die grössere
5057 1924 6130 2066 du obri jus d Foule.
4370 2009 6501 2193 ist für die gnädige Frau, ich hab sehr be¬
4361 2128 6602 2360 dauert. " - „Vielleicht, wenn der Herr Leut-
4364 2261 6498 2510 nant sich einen Wagen nehmen -jetzt sind
4355 2454 6503 2643 die verrschaften gewiss noch in der Krai-
4367 2609 6628 2793 nerhütte. -Willi sah nachdenklich wie htig
4378 2751 6529 2983 auf die Uhr: „Ich werd schaun,“bemerkes er
4375 2921 6557 3136 nachlässig,salutierte mit scherzhaft über
5533 3017 6056 3124 und ging.-
4386 3085 6588 3297 triebener Höflichkeit. Da stand er nun al-
5227 3181 5782 3303 obendlichen
4386 3226 6588 3444 lein in der ziemlich menschenlaaren Gasse.
4386 3396 6433 3594 Einef röhliche kleine Gesellschaft von
4406 3535 6574 3761 Touristen, zwei junge Paare, mit bestaubten
4403 3676 6622 3939 Schuhen, zog an ihm vorbei. Vorder Einfahrt
6486 3764 6645 3945 wis
5049 3789 5855 3928 Coutcier Stoffenl
4401 3784 6509 4087 in eine Villa saas ein alter Mann und la
4440 3999 6551 4253 zeitung,ein bischen weiter auf einem Bal-
