<?xml version="1.0" encoding="UTF-8" standalone="yes"?>
<PcGts xmlns="http://schema.primaresearch.org/PAGE/gts/pagecontent/2013-07-15" xmlns:xsi="http://www.w3.org/2001/XMLSchema-instance" xsi:schemaLocation="http://schema.primaresearch.org/PAGE/gts/pagecontent/2013-07-15 http://schema.primaresearch.org/PAGE/gts/pagecontent/2013-07-15/pagecontent.xsd">
    <Metadata>
        <Creator>prov=READ-COOP:name=TrHtr:version=2.1.0:model_id=51170:date=14_08_2023_19:19</Creator>
        <Created>2023-05-10T14:44:54.663+02:00</Created>
        <LastChange>2023-08-14T19:19:07.349+02:00</LastChange>
        <TranskribusMetadata docId="1428659" pageId="55424482" pageNr="5" tsid="132822586" status="IN_PROGRESS" userId="64420" imgUrl="https://files.transkribus.eu/Get?id=JSPHRELBZTRKASRLEJVTCSIS&amp;fileType=view" xmlUrl="https://files.transkribus.eu/Get?id=VSDURDXNJLNEVZGKUWCQYHRZ" imageId="44698559"/>
    </Metadata>
    <Page imageFilename="1428659_0005.jpg" imageWidth="3432" imageHeight="4120">
        <ReadingOrder>
            <OrderedGroup id="ro_1711814319892" caption="Regions reading order">
                <RegionRefIndexed index="0" regionRef="tr_2"/>
                <RegionRefIndexed index="1" regionRef="tr_1"/>
            </OrderedGroup>
        </ReadingOrder>
        <TextRegion id="tr_2" custom="readingOrder {index:0;}">
            <Coords points="346,478 3030,478 3030,1974 346,1974"/>
            <TextLine id="tr_2_tl_1" custom="readingOrder {index:0;}">
                <Coords points="341,655 1357,551 2807,621 3004,585 3007,451 779,531 458,434 344,515"/>
                <Baseline points="358,597 373,594 417,591 462,588 507,585 552,585 597,582 641,579 686,576 731,576 776,573 821,573 865,570 910,570 955,570 1000,570 1044,567 1089,567 1134,564 1179,564 1224,564 1268,564 1313,564 1358,564 1403,558 1447,558 1492,558 1537,558 1582,558 1627,558 1671,558 1716,555 1761,555 1806,555 1851,552 1895,552 1940,549 1985,549 2030,549 2074,546 2119,540 2164,540 2209,540 2254,540 2298,540 2343,540 2388,540 2433,537 2477,537 2522,534 2567,537 2612,534 2657,534 2701,534 2746,537 2791,540 2836,534 2881,531 2925,528 2970,528 3015,531"/>
                <TextEquiv>
                    <Unicode>grau, die Beleuchtung viel zu schlecht - lauter Dinge, die</Unicode>
                </TextEquiv>
            </TextLine>
            <TextLine id="tr_2_tl_2" custom="readingOrder {index:1;}">
                <Coords points="334,758 484,832 742,725 1587,708 2760,799 2907,772 2910,618 334,665"/>
                <Baseline points="352,740 364,740 409,740 453,737 498,734 543,734 588,731 632,728 677,728 722,728 767,728 812,725 856,725 901,722 946,722 991,722 1035,719 1080,719 1125,719 1170,719 1215,719 1259,719 1304,719 1349,716 1394,713 1439,713 1483,710 1528,710 1573,710 1618,710 1662,710 1707,707 1752,704 1797,707 1842,704 1886,707 1931,704 1976,701 2021,698 2065,698 2110,698 2155,698 2200,695 2245,695 2289,695 2334,695 2379,692 2424,692 2469,689 2513,686 2558,683 2603,680 2648,677 2692,677 2737,677 2782,677 2827,677 2872,677 2916,683"/>
                <TextEquiv>
                    <Unicode>ich sehr hübsch finde. Und dabei, wie gesagt, sitzt man</Unicode>
                </TextEquiv>
            </TextLine>
            <TextLine id="tr_2_tl_3" custom="readingOrder {index:2;}">
                <Coords points="2533,892 2559,889 2606,916 2696,895 2770,912 2847,899 2900,942 2934,932 2934,792 2800,805 2787,819 2763,799 2736,819 2713,805 2653,822 2623,812 2596,829 2533,819"/>
                <Baseline points="2552,865 2597,868 2642,862 2686,859 2731,862 2776,862 2821,865 2866,862 2910,859 2943,865"/>
                <TextEquiv>
                    <Unicode>G.C.H.F.P.S</Unicode>
                </TextEquiv>
            </TextLine>
            <TextLine id="tr_2_tl_4" custom="readingOrder {index:3;}">
                <Coords points="331,912 391,905 431,942 541,889 695,916 762,895 795,919 849,892 1012,899 1016,822 865,805 815,839 615,819 568,849 454,819 334,835"/>
                <Baseline points="349,892 352,892 397,889 441,886 486,886 531,886 576,886 620,886 665,883 710,883 755,880 800,877 844,877 889,877 934,874 979,874 1024,880"/>
                <TextEquiv>
                    <Unicode>sehr angenehm.'</Unicode>
                </TextEquiv>
            </TextLine>
            <TextLine id="tr_2_tl_5" custom="readingOrder {index:4;}">
                <Coords points="2305,916 2342,916 2362,932 2416,922 2469,932 2476,802 2446,809 2429,792 2412,792 2389,812 2369,812 2352,829 2305,829"/>
                <Baseline points="2325,880 2346,880 2391,880 2436,877 2480,877"/>
                <TextEquiv>
                    <Unicode>G.C.F.P.</Unicode>
                </TextEquiv>
            </TextLine>
            <TextLine id="tr_2_tl_6" custom="readingOrder {index:5;}">
                <Coords points="2175,919 2192,919 2195,912 2202,912 2212,919 2225,916 2235,926 2242,926 2259,909 2275,909 2272,825 2255,825 2239,842 2219,835 2172,839"/>
                <Baseline points="2191,883 2236,886 2280,886"/>
                <TextEquiv>
                    <Unicode>2e Sept.</Unicode>
                </TextEquiv>
            </TextLine>
            <TextLine id="tr_2_tl_7" custom="readingOrder {index:6;}">
                <Coords points="334,1032 2870,1036 2873,899 334,972"/>
                <Baseline points="352,1032 370,1030 414,1038 459,1041 504,1041 549,1041 594,1041 638,1041 683,1038 728,1038 773,1035 818,1035 862,1035 907,1035 952,1030 997,1027 1041,1030 1086,1027 1131,1027 1176,1024 1221,1024 1265,1024 1310,1024 1355,1024 1400,1024 1444,1024 1489,1018 1534,1015 1579,1015 1624,1015 1668,1015 1713,1012 1758,1009 1803,1006 1848,1003 1892,1003 1937,1000 1982,1000 2027,1000 2071,1000 2116,997 2161,997 2206,994 2251,994 2295,994 2340,994 2385,994 2430,991 2474,988 2519,988 2564,985 2609,982 2654,982 2698,979 2743,979 2788,982 2833,982 2878,988"/>
                <TextEquiv>
                    <Unicode>"Ich nicht", fand Fred, der, eine Zeitung in der Hand,</Unicode>
                </TextEquiv>
            </TextLine>
            <TextLine id="tr_2_tl_8" custom="readingOrder {index:7;}">
                <Coords points="327,1206 2419,1139 2793,1226 2920,1193 2927,1049 327,1156"/>
                <Baseline points="346,1203 379,1200 423,1197 468,1197 513,1194 558,1191 603,1191 647,1191 692,1191 737,1188 782,1185 826,1185 871,1185 916,1182 961,1182 1006,1179 1050,1179 1095,1176 1140,1176 1185,1176 1230,1173 1274,1170 1319,1173 1364,1167 1409,1167 1453,1167 1498,1164 1543,1164 1588,1164 1633,1161 1677,1161 1722,1158 1767,1155 1812,1155 1856,1152 1901,1152 1946,1152 1991,1149 2036,1146 2080,1146 2125,1143 2170,1143 2215,1143 2260,1143 2304,1140 2349,1137 2394,1137 2439,1137 2483,1131 2528,1131 2573,1131 2618,1128 2663,1128 2707,1128 2752,1128 2797,1122 2842,1122 2886,1122 2931,1119"/>
                <TextEquiv>
                    <Unicode>nervös hin und her rückte. Anatel schob den Vorhang von</Unicode>
                </TextEquiv>
            </TextLine>
            <TextLine id="tr_2_tl_9" custom="readingOrder {index:8;}">
                <Coords points="341,1363 2115,1296 2596,1377 2813,1280 3020,1330 3024,1210 341,1310"/>
                <Baseline points="358,1355 388,1355 432,1352 477,1352 522,1349 567,1346 612,1346 656,1343 701,1343 746,1340 791,1340 835,1337 880,1337 925,1334 970,1334 1015,1334 1059,1331 1104,1331 1149,1328 1194,1328 1238,1325 1283,1325 1328,1322 1373,1325 1418,1319 1462,1319 1507,1316 1552,1316 1597,1313 1642,1310 1686,1307 1731,1310 1776,1307 1821,1307 1865,1304 1910,1304 1955,1301 2000,1298 2045,1298 2089,1298 2134,1295 2179,1295 2224,1295 2268,1292 2313,1292 2358,1292 2403,1289 2448,1286 2492,1286 2537,1283 2582,1280 2627,1280 2672,1277 2716,1277 2761,1274 2806,1274 2851,1271 2895,1271 2940,1271 2985,1268 3030,1271"/>
                <TextEquiv>
                    <Unicode>dem Fenster leicht zurück und bliekte hinaus. Da war eine</Unicode>
                </TextEquiv>
            </TextLine>
            <TextLine id="tr_2_tl_10" custom="readingOrder {index:9;}">
                <Coords points="344,1510 2533,1447 2880,1517 2924,1357 344,1463"/>
                <Baseline points="364,1510 376,1510 420,1507 465,1504 510,1501 555,1498 600,1498 644,1495 689,1492 734,1492 779,1489 824,1489 868,1489 913,1486 958,1486 1003,1486 1047,1483 1092,1483 1137,1480 1182,1480 1227,1477 1271,1477 1316,1474 1361,1474 1406,1471 1450,1468 1495,1465 1540,1462 1585,1462 1630,1462 1674,1462 1719,1462 1764,1459 1809,1459 1854,1459 1898,1453 1943,1453 1988,1450 2033,1447 2077,1447 2122,1444 2167,1444 2212,1444 2257,1444 2301,1442 2346,1439 2391,1439 2436,1439 2480,1436 2525,1436 2570,1433 2615,1430 2660,1427 2704,1427 2749,1424 2794,1421 2839,1418 2884,1418 2928,1418"/>
                <TextEquiv>
                    <Unicode>dunkle Strasse der Innern Stadt, nur ein Gewölbewächter</Unicode>
                </TextEquiv>
            </TextLine>
            <TextLine id="tr_2_tl_11" custom="readingOrder {index:10;}">
                <Coords points="438,1661 2215,1651 2954,1597 3014,1510 441,1614"/>
                <Baseline points="456,1659 465,1659 510,1656 555,1656 600,1656 644,1653 689,1650 734,1650 779,1648 824,1645 868,1645 913,1642 958,1642 1003,1639 1047,1639 1092,1639 1137,1636 1182,1633 1227,1633 1271,1630 1316,1630 1361,1627 1406,1624 1450,1621 1495,1621 1540,1618 1585,1615 1630,1615 1674,1615 1719,1612 1764,1612 1809,1609 1854,1609 1898,1609 1943,1606 1988,1603 2033,1600 2077,1600 2122,1597 2167,1597 2212,1597 2257,1597 2301,1597 2346,1597 2391,1597 2436,1594 2480,1588 2525,1585 2570,1582 2615,1579 2660,1579 2704,1576 2749,1573 2794,1573 2839,1570 2884,1570 2928,1567 2973,1567 3018,1567"/>
                <TextEquiv>
                    <Unicode>schritt auf und ab; es schneite ein wenig, das Pflaster</Unicode>
                </TextEquiv>
            </TextLine>
            <TextLine id="tr_2_tl_12" custom="readingOrder {index:11;}">
                <Coords points="351,1814 2372,1778 2984,1734 2987,1641 354,1761"/>
                <Baseline points="370,1812 400,1812 444,1809 489,1809 534,1806 579,1806 623,1803 668,1800 713,1800 758,1800 803,1797 847,1794 892,1791 937,1788 982,1788 1027,1788 1071,1785 1116,1785 1161,1785 1206,1782 1250,1779 1295,1776 1340,1773 1385,1770 1430,1767 1474,1764 1519,1761 1564,1761 1609,1761 1653,1758 1698,1758 1743,1758 1788,1758 1833,1758 1877,1755 1922,1752 1967,1752 2012,1752 2057,1746 2101,1749 2146,1743 2191,1743 2236,1740 2280,1740 2325,1740 2370,1740 2415,1737 2460,1737 2504,1734 2549,1734 2594,1728 2639,1728 2683,1728 2728,1725 2773,1722 2818,1719 2863,1719 2907,1719 2952,1716 2997,1716"/>
                <TextEquiv>
                    <Unicode>aber war grau und nass. "Stimmungslos", sagte Anatel und</Unicode>
                </TextEquiv>
            </TextLine>
            <TextLine id="tr_2_tl_13" custom="readingOrder {index:12;}">
                <Coords points="361,1965 1818,1931 1874,1925 1878,1868 1701,1831 1510,1888 885,1858 631,1928 364,1898"/>
                <Baseline points="379,1964 406,1961 450,1958 495,1958 540,1955 585,1952 629,1952 674,1949 719,1949 764,1946 809,1946 853,1946 898,1943 943,1940 988,1940 1032,1940 1077,1937 1122,1937 1167,1934 1212,1931 1256,1931 1301,1925 1346,1925 1391,1925 1436,1922 1480,1919 1525,1916 1570,1916 1615,1916 1659,1913 1704,1913 1749,1913 1794,1913 1839,1913 1883,1916"/>
                <TextEquiv>
                    <Unicode>liess den Vorhang wieder fallen.</Unicode>
                </TextEquiv>
            </TextLine>
        </TextRegion>
        <TextRegion id="tr_1" custom="readingOrder {index:1;}">
            <Coords points="364,1953 3087,1953 3087,3968 364,3968"/>
            <TextLine id="tr_1_tl_1" custom="readingOrder {index:0;}">
                <Coords points="344,2118 2045,2108 2837,2038 2907,1951 347,2058"/>
                <Baseline points="364,2116 400,2113 444,2113 489,2113 534,2113 579,2113 623,2110 668,2107 713,2104 758,2104 803,2104 847,2098 892,2098 937,2095 982,2095 1027,2095 1071,2092 1116,2089 1161,2086 1206,2086 1250,2083 1295,2080 1340,2080 1385,2077 1430,2074 1474,2074 1519,2071 1564,2071 1609,2071 1653,2071 1698,2068 1743,2062 1788,2062 1833,2060 1877,2057 1922,2057 1967,2054 2012,2051 2057,2051 2101,2054 2146,2048 2191,2045 2236,2045 2280,2045 2325,2045 2370,2042 2415,2042 2460,2042 2504,2042 2549,2036 2594,2033 2639,2033 2683,2030 2728,2027 2773,2021 2818,2018 2863,2009 2907,2003"/>
                <TextEquiv>
                    <Unicode>Nach geraumer Zeit erst fragte Fred: "Was sagtest du?"</Unicode>
                </TextEquiv>
            </TextLine>
            <TextLine id="tr_1_tl_2" custom="readingOrder {index:1;}">
                <Coords points="378,2269 658,2305 1988,2229 2075,2215 2078,2135 1667,2195 1206,2152 1016,2219 979,2175 765,2229 381,2199"/>
                <Baseline points="400,2268 423,2266 468,2266 513,2266 558,2266 603,2263 647,2263 692,2263 737,2260 782,2257 826,2254 871,2251 916,2251 961,2248 1006,2248 1050,2245 1095,2242 1140,2242 1185,2239 1230,2239 1274,2236 1319,2233 1364,2233 1409,2230 1453,2227 1498,2227 1543,2227 1588,2224 1633,2224 1677,2224 1722,2221 1767,2215 1812,2215 1856,2212 1901,2209 1946,2209 1991,2206 2036,2203 2082,2195"/>
                <TextEquiv>
                    <Unicode>"Nichts. Hast du Paul heute gesehen?“</Unicode>
                </TextEquiv>
            </TextLine>
            <TextLine id="tr_1_tl_3" custom="readingOrder {index:2;}">
                <Coords points="394,2422 2563,2406 2803,2329 3007,2406 3014,2245 398,2356"/>
                <Baseline points="412,2406 420,2418 465,2418 510,2421 555,2421 600,2427 644,2418 689,2418 734,2415 779,2412 824,2409 868,2406 913,2406 958,2406 1003,2406 1047,2406 1092,2406 1137,2400 1182,2397 1227,2394 1271,2394 1316,2391 1361,2388 1406,2385 1450,2382 1495,2382 1540,2379 1585,2379 1630,2376 1674,2376 1719,2373 1764,2370 1809,2370 1854,2367 1898,2367 1943,2367 1988,2364 2033,2358 2077,2358 2122,2355 2167,2355 2212,2349 2257,2349 2301,2349 2346,2346 2391,2346 2436,2343 2480,2343 2525,2340 2570,2340 2615,2337 2660,2337 2704,2334 2749,2331 2794,2331 2839,2328 2884,2325 2928,2322 2973,2319 3018,2310"/>
                <TextEquiv>
                    <Unicode>„Ja, Vormittag; ich war bei ihm in der Redaktien. Er hat</Unicode>
                </TextEquiv>
            </TextLine>
            <TextLine id="tr_1_tl_4" custom="readingOrder {index:3;}">
                <Coords points="381,2586 2476,2559 3014,2506 3017,2412 384,2529"/>
                <Baseline points="400,2585 423,2582 468,2579 513,2579 558,2576 603,2576 647,2576 692,2570 737,2567 782,2567 826,2564 871,2564 916,2561 961,2564 1006,2561 1050,2558 1095,2555 1140,2555 1185,2552 1230,2549 1274,2546 1319,2543 1364,2537 1409,2537 1453,2534 1498,2531 1543,2531 1588,2528 1633,2528 1677,2525 1722,2525 1767,2522 1812,2522 1856,2522 1901,2519 1946,2516 1991,2516 2036,2513 2080,2510 2125,2510 2170,2510 2215,2507 2260,2507 2304,2504 2349,2501 2394,2498 2439,2498 2483,2495 2528,2492 2573,2486 2618,2486 2663,2486 2707,2486 2752,2483 2797,2480 2842,2480 2886,2477 2931,2474 2976,2472 3021,2469"/>
                <TextEquiv>
                    <Unicode>viel zu tun, er arbeitet wahrscheinlich nech. - Wo warst</Unicode>
                </TextEquiv>
            </TextLine>
            <TextLine id="tr_1_tl_5" custom="readingOrder {index:4;}">
                <Coords points="421,2743 1363,2713 1410,2686 1413,2616 1290,2650 779,2653 705,2683 625,2660 551,2690 501,2666 424,2696"/>
                <Baseline points="438,2740 480,2737 525,2734 570,2731 615,2728 659,2728 704,2728 749,2725 794,2722 838,2719 883,2719 928,2716 973,2716 1018,2713 1062,2710 1107,2707 1152,2704 1197,2704 1241,2701 1286,2695 1331,2692 1376,2683 1421,2683"/>
                <TextEquiv>
                    <Unicode>du im übrigen heute?“</Unicode>
                </TextEquiv>
            </TextLine>
            <TextLine id="tr_1_tl_6" custom="readingOrder {index:5;}">
                <Coords points="394,2897 3014,2837 3020,2686 398,2830"/>
                <Baseline points="412,2895 429,2892 474,2892 519,2889 564,2886 609,2881 653,2878 698,2878 743,2872 788,2869 832,2872 877,2872 922,2872 967,2869 1012,2866 1056,2866 1101,2863 1146,2860 1191,2857 1236,2857 1280,2851 1325,2851 1370,2848 1415,2845 1459,2845 1504,2845 1549,2842 1594,2839 1639,2839 1683,2836 1728,2833 1773,2833 1818,2827 1862,2827 1907,2827 1952,2824 1997,2824 2042,2827 2086,2821 2131,2818 2176,2815 2221,2812 2266,2812 2310,2809 2355,2806 2400,2806 2445,2803 2489,2800 2534,2794 2579,2794 2624,2794 2669,2791 2713,2791 2758,2791 2803,2791 2848,2788 2892,2791 2937,2788 2982,2788 3027,2785"/>
                <TextEquiv>
                    <Unicode>Heute? - In einem halben Jahr werd' ich dir’s erzählen,</Unicode>
                </TextEquiv>
            </TextLine>
            <TextLine id="tr_1_tl_7" custom="readingOrder {index:6;}">
                <Coords points="444,3051 1290,3024 1316,2977 1203,2940 1109,2967 1042,2944 986,2974 825,2960 765,2997 682,2977 628,3010 588,2974 448,2980"/>
                <Baseline points="462,3048 471,3051 516,3045 561,3042 606,3042 650,3036 695,3033 740,3030 785,3030 829,3024 874,3024 919,3024 964,3021 1009,3018 1053,3015 1098,3018 1143,3012 1188,3012 1233,3009 1277,3009 1322,3003"/>
                <TextEquiv>
                    <Unicode>bis es vorbei ist.</Unicode>
                </TextEquiv>
            </TextLine>
            <TextLine id="tr_1_tl_8" custom="readingOrder {index:7;}">
                <Coords points="411,3191 2586,3131 2670,3107 2676,3010 411,3134"/>
                <Baseline points="429,3188 444,3188 489,3191 534,3194 579,3191 623,3191 668,3188 713,3185 758,3182 803,3179 847,3179 892,3176 937,3173 982,3170 1027,3170 1071,3167 1116,3167 1161,3164 1206,3161 1250,3158 1295,3158 1340,3155 1385,3155 1430,3155 1474,3152 1519,3146 1564,3146 1609,3143 1653,3143 1698,3140 1743,3134 1788,3131 1833,3131 1877,3128 1922,3125 1967,3122 2012,3122 2057,3119 2101,3119 2146,3116 2191,3116 2236,3113 2280,3113 2325,3110 2370,3107 2415,3104 2460,3104 2504,3101 2549,3098 2594,3095 2639,3092 2683,3092"/>
                <TextEquiv>
                    <Unicode>"Du weisst also schon, wann es vorbei sein wird?"</Unicode>
                </TextEquiv>
            </TextLine>
            <TextLine id="tr_1_tl_9" custom="readingOrder {index:8;}">
                <Coords points="421,3338 3061,3291 3067,3134 424,3281"/>
                <Baseline points="438,3334 474,3337 519,3340 564,3337 609,3337 653,3340 698,3337 743,3334 788,3334 832,3334 877,3328 922,3325 967,3322 1012,3322 1056,3322 1101,3322 1146,3316 1191,3313 1236,3310 1280,3304 1325,3301 1370,3301 1415,3298 1459,3296 1504,3296 1549,3293 1594,3293 1639,3287 1683,3287 1728,3284 1773,3281 1818,3278 1862,3278 1907,3275 1952,3272 1997,3272 2042,3269 2086,3266 2131,3266 2176,3263 2221,3263 2266,3263 2310,3260 2355,3260 2400,3257 2445,3251 2489,3251 2534,3251 2579,3248 2624,3245 2669,3242 2713,3242 2758,3239 2803,3239 2848,3236 2892,3236 2937,3236 2982,3233 3027,3233 3072,3233"/>
                <TextEquiv>
                    <Unicode>"Traurig genug, dass ich überhaupt sehen ans Ende denke."</Unicode>
                </TextEquiv>
            </TextLine>
            <TextLine id="tr_1_tl_10" custom="readingOrder {index:9;}">
                <Coords points="428,3485 2917,3408 2940,3288 431,3418"/>
                <Baseline points="447,3481 480,3484 525,3487 570,3487 615,3484 659,3484 704,3481 749,3475 794,3475 838,3472 883,3472 928,3466 973,3463 1018,3460 1062,3460 1107,3457 1152,3454 1197,3451 1241,3448 1286,3442 1331,3442 1376,3436 1421,3436 1465,3433 1510,3433 1555,3430 1600,3430 1645,3427 1689,3424 1734,3424 1779,3421 1824,3418 1868,3418 1913,3415 1958,3418 2003,3415 2048,3412 2092,3412 2137,3409 2182,3409 2227,3406 2271,3400 2316,3400 2361,3400 2406,3397 2451,3397 2495,3394 2540,3394 2585,3394 2630,3394 2675,3394 2719,3394 2764,3391 2809,3391 2854,3388 2898,3388 2943,3385"/>
                <TextEquiv>
                    <Unicode>"Das ist ja selbstverständlich - bei derlei Dingen..."</Unicode>
                </TextEquiv>
            </TextLine>
            <TextLine id="tr_1_tl_11" custom="readingOrder {index:10;}">
                <Coords points="431,3622 1691,3578 2489,3692 3077,3568 3081,3472 434,3568"/>
                <Baseline points="450,3618 489,3624 534,3624 579,3624 623,3624 668,3621 713,3621 758,3618 803,3615 847,3615 892,3615 937,3612 982,3615 1027,3612 1071,3609 1116,3609 1161,3606 1206,3603 1250,3597 1295,3594 1340,3591 1385,3591 1430,3585 1474,3585 1519,3582 1564,3579 1609,3579 1653,3579 1698,3576 1743,3576 1788,3573 1833,3570 1877,3570 1922,3567 1967,3564 2012,3564 2057,3561 2101,3558 2146,3558 2191,3555 2236,3555 2280,3555 2325,3552 2370,3549 2415,3546 2460,3546 2504,3543 2549,3540 2594,3540 2639,3537 2683,3537 2728,3537 2773,3534 2818,3534 2863,3534 2907,3531 2952,3531 2997,3528 3042,3528 3087,3525"/>
                <TextEquiv>
                    <Unicode>"Derlei Dinge... du machst sehen wieder deine Unterschie-</Unicode>
                </TextEquiv>
            </TextLine>
            <TextLine id="tr_1_tl_12" custom="readingOrder {index:11;}">
                <Coords points="434,3776 478,3782 505,3772 525,3776 545,3766 561,3779 598,3779 601,3729 585,3729 578,3719 555,3722 538,3705 501,3709 484,3692 468,3699 438,3695"/>
                <Baseline points="453,3764 468,3764 513,3764 558,3761 603,3761"/>
                <TextEquiv>
                    <Unicode>de.</Unicode>
                </TextEquiv>
            </TextLine>
            <TextLine id="tr_1_tl_13" custom="readingOrder {index:12;}">
                <Coords points="1537,3959 1841,3946 1844,3903 1811,3899 1784,3913 1737,3906 1691,3856 1540,3869"/>
                <Baseline points="1555,3958 1582,3958 1627,3955 1671,3952 1716,3952 1761,3952 1806,3949 1851,3949"/>
                <TextEquiv>
                    <Unicode>G.C.H.F.S.</Unicode>
                </TextEquiv>
            </TextLine>
        </TextRegion>
    </Page>
</PcGts>
