<?xml version="1.0" encoding="UTF-8" standalone="yes"?>
<PcGts xmlns="http://schema.primaresearch.org/PAGE/gts/pagecontent/2013-07-15" xmlns:xsi="http://www.w3.org/2001/XMLSchema-instance" xsi:schemaLocation="http://schema.primaresearch.org/PAGE/gts/pagecontent/2013-07-15 http://schema.primaresearch.org/PAGE/gts/pagecontent/2013-07-15/pagecontent.xsd">
    <Metadata>
        <Creator>prov=READ-COOP:name=TrHtr:version=2.1.0:model_id=51170:date=14_08_2023_19:19</Creator>
        <Created>2023-05-10T14:44:56.564+02:00</Created>
        <LastChange>2023-08-14T19:19:10.928+02:00</LastChange>
        <TranskribusMetadata docId="1428659" pageId="55424564" pageNr="17" tsid="132822603" status="IN_PROGRESS" userId="64420" imgUrl="https://files.transkribus.eu/Get?id=NRYSFVTQKUSKGWBCDUKEPJXY&amp;fileType=view" xmlUrl="https://files.transkribus.eu/Get?id=AHPMJIOQNRRRQSFTYRWZGGDO" imageId="44698641"/>
    </Metadata>
    <Page imageFilename="1428659_0017.jpg" imageWidth="3496" imageHeight="4104">
        <ReadingOrder>
            <OrderedGroup id="ro_1711814348053" caption="Regions reading order">
                <RegionRefIndexed index="0" regionRef="tr_3"/>
                <RegionRefIndexed index="1" regionRef="tr_1"/>
                <RegionRefIndexed index="2" regionRef="tr_2"/>
            </OrderedGroup>
        </ReadingOrder>
        <TextRegion id="tr_3" custom="readingOrder {index:0;}">
            <Coords points="2901,493 3014,493 3014,553 2901,553"/>
            <TextLine id="tr_3_tl_1" custom="readingOrder {index:0;}">
                <Coords points="2881,583 2898,583 2932,617 2962,593 2979,600 3006,596 3006,428 2979,428 2955,452 2939,445 2912,455 2905,448 2881,448"/>
                <Baseline points="2901,543 2945,543 2990,543 3014,543"/>
                <TextEquiv>
                    <Unicode>15</Unicode>
                </TextEquiv>
            </TextLine>
        </TextRegion>
        <TextRegion id="tr_1" custom="readingOrder {index:1;}">
            <Coords points="349,645 3035,645 3035,2547 349,2547"/>
            <TextLine id="tr_1_tl_1" custom="readingOrder {index:0;}">
                <Coords points="415,799 2399,701 2922,758 2922,603 2507,543 1840,647 1456,566 741,650 415,596"/>
                <Baseline points="432,704 468,707 513,707 558,710 602,707 647,707 692,707 737,707 781,704 826,704 871,704 916,704 961,707 1005,704 1050,704 1095,704 1140,704 1184,704 1229,707 1274,707 1319,701 1364,704 1408,704 1453,704 1498,704 1543,704 1587,704 1632,704 1677,704 1722,704 1766,704 1811,701 1856,701 1901,704 1946,704 1990,704 2035,701 2080,704 2125,701 2169,704 2214,701 2259,698 2304,698 2348,698 2393,695 2438,698 2483,695 2528,698 2572,698 2617,698 2662,698 2707,698 2751,698 2796,695 2841,698 2886,698 2931,701"/>
                <TextEquiv>
                    <Unicode>"Tell - unerhört!" rief Paul aus. "Du bist krank, mein</Unicode>
                </TextEquiv>
            </TextLine>
            <TextLine id="tr_1_tl_2" custom="readingOrder {index:1;}">
                <Coords points="330,954 2848,900 3023,866 3023,772 330,809"/>
                <Baseline points="349,865 388,865 432,862 477,862 522,865 567,865 611,862 656,859 701,862 746,862 790,856 835,859 880,859 925,859 970,856 1014,856 1059,856 1104,856 1149,856 1193,856 1238,856 1283,856 1328,856 1372,856 1417,856 1462,856 1507,856 1552,853 1596,853 1641,853 1686,850 1731,850 1775,850 1820,850 1865,850 1910,850 1954,850 1999,850 2044,850 2089,850 2134,850 2178,850 2223,850 2268,847 2313,847 2357,847 2402,847 2447,844 2492,844 2537,844 2581,844 2626,847 2671,847 2716,844 2760,844 2805,844 2850,844 2895,844 2939,844 2984,844 3029,847"/>
                <TextEquiv>
                    <Unicode>Freund - so denkt ein normaler Mensch nicht! Solehen Phan-</Unicode>
                </TextEquiv>
            </TextLine>
            <TextLine id="tr_1_tl_3" custom="readingOrder {index:2;}">
                <Coords points="350,1078 1877,1055 2049,1008 2052,883 350,944"/>
                <Baseline points="370,1011 402,1014 447,1011 492,1011 537,1011 582,1008 626,1008 671,1008 716,1005 761,1005 805,1005 850,1005 895,1008 940,1005 984,1002 1029,999 1074,999 1119,999 1164,999 1208,999 1253,999 1298,999 1343,999 1387,999 1432,999 1477,1002 1522,999 1566,996 1611,996 1656,996 1701,996 1746,996 1790,996 1835,996 1880,996 1925,996 1969,996 2014,996 2059,1005"/>
                <TextEquiv>
                    <Unicode>tastereien giebt man sich nicht hin!“</Unicode>
                </TextEquiv>
            </TextLine>
            <TextLine id="tr_1_tl_4" custom="readingOrder {index:3;}">
                <Coords points="347,1173 3026,1203 2949,1055 347,1078"/>
                <Baseline points="364,1149 393,1143 438,1146 483,1152 528,1152 573,1152 617,1155 662,1155 707,1155 752,1155 796,1149 841,1149 886,1149 931,1149 976,1146 1020,1146 1065,1146 1110,1143 1155,1143 1199,1143 1244,1143 1289,1146 1334,1146 1378,1146 1423,1146 1468,1146 1513,1143 1558,1143 1602,1143 1647,1143 1692,1146 1737,1143 1781,1140 1826,1140 1871,1140 1916,1143 1960,1143 2005,1146 2050,1146 2095,1146 2140,1149 2184,1146 2229,1149 2274,1146 2319,1146 2363,1146 2408,1143 2453,1143 2498,1143 2542,1140 2587,1140 2632,1143 2677,1140 2722,1140 2766,1140 2811,1140 2856,1140 2901,1140 2945,1137 2990,1140 3035,1140"/>
                <TextEquiv>
                    <Unicode>"Man..." wiederholte Anatel. “Im übrigen, um dich zu beru¬</Unicode>
                </TextEquiv>
            </TextLine>
            <TextLine id="tr_1_tl_5" custom="readingOrder {index:4;}">
                <Coords points="334,1311 2929,1314 2864,1206 2086,1166 334,1217"/>
                <Baseline points="352,1307 385,1304 429,1304 474,1304 519,1304 564,1304 608,1301 653,1301 698,1301 743,1301 787,1298 832,1298 877,1295 922,1295 967,1295 1011,1298 1056,1298 1101,1298 1146,1298 1190,1295 1235,1295 1280,1295 1325,1298 1369,1298 1414,1298 1459,1298 1504,1298 1549,1295 1593,1295 1638,1295 1683,1295 1728,1295 1772,1295 1817,1292 1862,1292 1907,1292 1952,1295 1996,1295 2041,1295 2086,1292 2131,1295 2175,1295 2220,1292 2265,1292 2310,1292 2354,1292 2399,1292 2444,1292 2489,1289 2534,1289 2578,1289 2623,1289 2668,1289 2713,1289 2757,1286 2802,1286 2847,1283 2892,1286 2936,1289"/>
                <TextEquiv>
                    <Unicode>higen: dieser Frühlingsnachtgeborene, der nicht auf die</Unicode>
                </TextEquiv>
            </TextLine>
            <TextLine id="tr_1_tl_6" custom="readingOrder {index:5;}">
                <Coords points="334,1473 2902,1483 3006,1378 337,1361"/>
                <Baseline points="352,1450 373,1450 417,1447 462,1450 507,1450 552,1450 596,1447 641,1450 686,1450 731,1450 776,1453 820,1450 865,1450 910,1450 955,1450 999,1447 1044,1447 1089,1447 1134,1447 1178,1447 1223,1450 1268,1450 1313,1450 1358,1447 1402,1447 1447,1447 1492,1447 1537,1447 1581,1447 1626,1447 1671,1447 1716,1447 1760,1447 1805,1447 1850,1447 1895,1447 1940,1444 1984,1444 2029,1444 2074,1444 2119,1441 2163,1441 2208,1441 2253,1438 2298,1438 2343,1438 2387,1438 2432,1438 2477,1438 2522,1438 2566,1441 2611,1441 2656,1438 2701,1438 2745,1438 2790,1435 2835,1435 2880,1435 2925,1438 2969,1438 3014,1438"/>
                <TextEquiv>
                    <Unicode>Welt kam, wäre einer von denen, über die ich mich trösten</Unicode>
                </TextEquiv>
            </TextLine>
            <TextLine id="tr_1_tl_7" custom="readingOrder {index:6;}">
                <Coords points="337,1624 2423,1651 2912,1621 2915,1533 340,1503"/>
                <Baseline points="355,1605 373,1602 417,1605 462,1605 507,1605 552,1605 596,1602 641,1602 686,1602 731,1605 776,1605 820,1605 865,1602 910,1602 955,1602 999,1602 1044,1599 1089,1599 1134,1602 1178,1602 1223,1599 1268,1602 1313,1602 1358,1599 1402,1599 1447,1599 1492,1599 1537,1596 1581,1596 1626,1596 1671,1596 1716,1596 1760,1596 1805,1596 1850,1596 1895,1596 1940,1593 1984,1593 2029,1593 2074,1593 2119,1593 2163,1590 2208,1593 2253,1593 2298,1590 2343,1590 2387,1590 2432,1590 2477,1590 2522,1590 2566,1590 2611,1590 2656,1590 2701,1590 2745,1587 2790,1587 2835,1587 2880,1587 2925,1590"/>
                <TextEquiv>
                    <Unicode>könnte. Es ist eine grosse Liebenswürdigkeit von diesen</Unicode>
                </TextEquiv>
            </TextLine>
            <TextLine id="tr_1_tl_8" custom="readingOrder {index:7;}">
                <Coords points="374,1773 2713,1793 2918,1756 2918,1621 377,1715"/>
                <Baseline points="393,1766 420,1763 465,1760 510,1760 555,1760 599,1758 644,1758 689,1760 734,1758 779,1755 823,1755 868,1755 913,1755 958,1752 1002,1755 1047,1755 1092,1755 1137,1755 1181,1755 1226,1755 1271,1755 1316,1752 1361,1755 1405,1752 1450,1755 1495,1755 1540,1755 1584,1752 1629,1752 1674,1752 1719,1752 1763,1749 1808,1749 1853,1749 1898,1746 1943,1746 1987,1746 2032,1746 2077,1749 2122,1749 2166,1746 2211,1746 2256,1743 2301,1743 2345,1743 2390,1743 2435,1746 2480,1743 2525,1743 2569,1743 2614,1743 2659,1740 2704,1740 2748,1740 2793,1740 2838,1740 2883,1737 2928,1737"/>
                <TextEquiv>
                    <Unicode>gefährlichen Jünglingen, dass sie zuweilen, wie meine</Unicode>
                </TextEquiv>
            </TextLine>
            <TextLine id="tr_1_tl_9" custom="readingOrder {index:8;}">
                <Coords points="330,1955 2932,1921 2750,1779 1655,1867 334,1796"/>
                <Baseline points="349,1913 390,1913 435,1913 480,1913 525,1913 570,1913 614,1913 659,1910 704,1910 749,1910 793,1910 838,1910 883,1910 928,1910 973,1910 1017,1913 1062,1913 1107,1913 1152,1910 1196,1910 1241,1910 1286,1910 1331,1910 1375,1907 1420,1907 1465,1907 1510,1907 1555,1904 1599,1904 1644,1901 1689,1904 1734,1904 1778,1901 1823,1901 1868,1901 1913,1901 1957,1898 2002,1901 2047,1898 2092,1898 2137,1901 2181,1898 2226,1898 2271,1898 2316,1895 2360,1898 2405,1898 2450,1895 2495,1895 2540,1895 2584,1895 2629,1892 2674,1892 2719,1892 2763,1889 2808,1889 2853,1889 2898,1886 2942,1886"/>
                <TextEquiv>
                    <Unicode>Erörterung lehrt, gar nicht existieren. Aber für lächer-</Unicode>
                </TextEquiv>
            </TextLine>
            <TextLine id="tr_1_tl_10" custom="readingOrder {index:9;}">
                <Coords points="340,2086 2346,2116 2888,2066 2918,1978 340,1992"/>
                <Baseline points="358,2065 370,2068 414,2068 459,2068 504,2068 549,2068 593,2068 638,2068 683,2065 728,2065 773,2065 817,2065 862,2065 907,2065 952,2065 996,2062 1041,2062 1086,2065 1131,2065 1175,2062 1220,2062 1265,2062 1310,2059 1355,2059 1399,2059 1444,2059 1489,2059 1534,2062 1578,2059 1623,2059 1668,2059 1713,2056 1758,2056 1802,2056 1847,2056 1892,2056 1937,2053 1981,2053 2026,2053 2071,2053 2116,2050 2160,2050 2205,2050 2250,2050 2295,2047 2340,2050 2384,2047 2429,2047 2474,2047 2519,2047 2563,2044 2608,2044 2653,2044 2698,2044 2742,2044 2787,2044 2832,2044 2877,2041 2922,2038"/>
                <TextEquiv>
                    <Unicode>lich halte ich meine Ideen über die Eifersucht durchaus</Unicode>
                </TextEquiv>
            </TextLine>
            <TextLine id="tr_1_tl_11" custom="readingOrder {index:10;}">
                <Coords points="377,2234 2507,2241 2939,2211 2939,2120 2157,2066 1931,2184 1560,2116 377,2184"/>
                <Baseline points="396,2226 441,2226 486,2226 531,2226 576,2223 620,2226 665,2226 710,2223 755,2223 799,2223 844,2223 889,2220 934,2220 978,2217 1023,2217 1068,2217 1113,2217 1158,2214 1202,2214 1247,2214 1292,2211 1337,2211 1381,2211 1426,2211 1471,2211 1516,2211 1561,2211 1605,2211 1650,2211 1695,2208 1740,2211 1784,2211 1829,2211 1874,2211 1919,2211 1963,2208 2008,2208 2053,2208 2098,2208 2143,2205 2187,2205 2232,2205 2277,2202 2322,2202 2366,2199 2411,2199 2456,2199 2501,2199 2545,2199 2590,2196 2635,2196 2680,2196 2725,2196 2769,2193 2814,2190 2859,2190 2904,2187 2948,2187"/>
                <TextEquiv>
                    <Unicode>nicht, und war die Frauen kennt... Ihr habt wol die No-</Unicode>
                </TextEquiv>
            </TextLine>
            <TextLine id="tr_1_tl_12" custom="readingOrder {index:11;}">
                <Coords points="394,2453 1601,2369 2763,2426 2844,2410 2848,2275 398,2295"/>
                <Baseline points="417,2375 438,2375 483,2375 528,2375 573,2375 617,2375 662,2375 707,2375 752,2375 796,2375 841,2375 886,2375 931,2375 976,2372 1020,2375 1065,2375 1110,2375 1155,2375 1199,2372 1244,2372 1289,2369 1334,2369 1378,2369 1423,2369 1468,2369 1513,2369 1558,2369 1602,2369 1647,2369 1692,2366 1737,2363 1781,2363 1826,2363 1871,2363 1916,2363 1960,2360 2005,2360 2050,2357 2095,2357 2140,2357 2184,2357 2229,2354 2274,2354 2319,2351 2363,2351 2408,2351 2453,2351 2498,2351 2542,2351 2587,2348 2632,2348 2677,2348 2722,2348 2766,2348 2811,2351 2856,2357"/>
                <TextEquiv>
                    <Unicode>velle von Mendes gelesen, "Le treisieme oreillier"?</Unicode>
                </TextEquiv>
            </TextLine>
            <TextLine id="tr_1_tl_13" custom="readingOrder {index:12;}">
                <Coords points="367,2585 2895,2507 2811,2403 2032,2494 1816,2426 371,2470"/>
                <Baseline points="390,2537 396,2537 441,2537 486,2537 531,2537 576,2537 620,2537 665,2537 710,2537 755,2537 799,2537 844,2537 889,2537 934,2537 978,2534 1023,2534 1068,2534 1113,2531 1158,2531 1202,2531 1247,2528 1292,2525 1337,2525 1381,2522 1426,2522 1471,2522 1516,2519 1561,2519 1605,2519 1650,2519 1695,2519 1740,2519 1784,2519 1829,2519 1874,2519 1919,2519 1963,2519 2008,2519 2053,2519 2098,2519 2143,2516 2187,2516 2232,2516 2277,2513 2322,2513 2366,2510 2411,2507 2456,2504 2501,2504 2545,2504 2590,2501 2635,2501 2680,2498 2725,2498 2769,2498 2814,2495 2859,2495 2904,2492"/>
                <TextEquiv>
                    <Unicode>Nein?... nun, ich rate sie euch an.... Das ist die Ge-</Unicode>
                </TextEquiv>
            </TextLine>
        </TextRegion>
        <TextRegion id="tr_2" custom="readingOrder {index:2;}">
            <Coords points="355,2597 3068,2597 3068,3761 355,3761"/>
            <TextLine id="tr_2_tl_1" custom="readingOrder {index:0;}">
                <Coords points="347,2723 2875,2696 3050,2672 3053,2517 2709,2602 350,2598"/>
                <Baseline points="364,2695 373,2695 417,2695 462,2695 507,2695 552,2692 596,2692 641,2692 686,2689 731,2686 776,2686 820,2686 865,2686 910,2686 955,2686 999,2686 1044,2686 1089,2683 1134,2683 1178,2680 1223,2680 1268,2677 1313,2677 1358,2677 1402,2674 1447,2674 1492,2671 1537,2671 1581,2671 1626,2668 1671,2671 1716,2671 1760,2668 1805,2671 1850,2671 1895,2668 1940,2668 1984,2668 2029,2665 2074,2665 2119,2662 2163,2662 2208,2662 2253,2662 2298,2662 2343,2659 2387,2659 2432,2656 2477,2656 2522,2656 2566,2656 2611,2656 2656,2656 2701,2653 2745,2653 2790,2650 2835,2650 2880,2650 2925,2647 2969,2647 3014,2647 3059,2647"/>
                <TextEquiv>
                    <Unicode>schichte von dem dritten Polster, der unsichtbar neben den</Unicode>
                </TextEquiv>
            </TextLine>
            <TextLine id="tr_2_tl_2" custom="readingOrder {index:1;}">
                <Coords points="337,2864 2763,2858 2831,2740 2494,2683 2052,2767 1850,2693 337,2790"/>
                <Baseline points="355,2853 373,2850 417,2847 462,2847 507,2844 552,2844 596,2841 641,2841 686,2838 731,2838 776,2838 820,2838 865,2838 910,2838 955,2835 999,2835 1044,2835 1089,2835 1134,2838 1178,2835 1223,2835 1268,2835 1313,2832 1358,2832 1402,2829 1447,2829 1492,2826 1537,2823 1581,2823 1626,2823 1671,2823 1716,2823 1760,2823 1805,2823 1850,2823 1895,2820 1940,2820 1984,2817 2029,2817 2074,2814 2119,2814 2163,2811 2208,2814 2253,2811 2298,2811 2343,2811 2387,2811 2432,2811 2477,2808 2522,2808 2566,2805 2611,2805 2656,2805 2701,2805 2745,2802 2790,2802 2835,2796"/>
                <TextEquiv>
                    <Unicode>zwei Polstern liegt, auf welchen die zwei Häupter der</Unicode>
                </TextEquiv>
            </TextLine>
            <TextLine id="tr_2_tl_3" custom="readingOrder {index:2;}">
                <Coords points="337,3009 455,3033 543,3009 630,3046 731,3040 778,3006 944,3013 977,3043 1078,3006 1132,3020 1132,2925 1075,2945 883,2871 613,2949 337,2925"/>
                <Baseline points="355,2999 379,2996 423,2996 468,2999 513,2999 558,2999 602,2999 647,2996 692,2996 737,2993 781,2993 826,2993 871,2993 916,2990 961,2990 1005,2990 1050,2990 1095,2990 1140,2990"/>
                <TextEquiv>
                    <Unicode>Liebenden ruhen.'</Unicode>
                </TextEquiv>
            </TextLine>
            <TextLine id="tr_2_tl_4" custom="readingOrder {index:3;}">
                <Coords points="350,3191 2770,3181 3063,3141 3063,3020 2743,2935 2571,3036 1894,2982 354,3084"/>
                <Baseline points="373,3142 382,3142 426,3145 471,3148 516,3151 561,3151 605,3151 650,3148 695,3145 740,3145 784,3145 829,3145 874,3142 919,3142 964,3142 1008,3139 1053,3139 1098,3136 1143,3136 1187,3136 1232,3133 1277,3133 1322,3133 1367,3133 1411,3130 1456,3130 1501,3127 1546,3130 1590,3130 1635,3130 1680,3127 1725,3125 1769,3125 1814,3122 1859,3119 1904,3119 1949,3116 1993,3116 2038,3116 2083,3119 2128,3119 2172,3119 2217,3119 2262,3119 2307,3119 2351,3116 2396,3119 2441,3116 2486,3113 2531,3113 2575,3113 2620,3113 2665,3113 2710,3110 2754,3110 2799,3110 2844,3107 2889,3104 2933,3104 2978,3101 3023,3104 3068,3107"/>
                <TextEquiv>
                    <Unicode>“Ja, aber um Himmelswillen“, rief Paul aus, “das gilt doch</Unicode>
                </TextEquiv>
            </TextLine>
            <TextLine id="tr_2_tl_5" custom="readingOrder {index:4;}">
                <Coords points="340,3346 2437,3319 2902,3286 2905,3205 863,3171 344,3249"/>
                <Baseline points="358,3313 361,3313 405,3310 450,3310 495,3310 540,3310 585,3307 629,3304 674,3304 719,3304 764,3301 808,3298 853,3298 898,3295 943,3292 987,3292 1032,3289 1077,3289 1122,3289 1167,3286 1211,3286 1256,3286 1301,3286 1346,3283 1390,3283 1435,3283 1480,3283 1525,3283 1569,3283 1614,3283 1659,3283 1704,3280 1749,3280 1793,3277 1838,3277 1883,3277 1928,3274 1972,3274 2017,3274 2062,3271 2107,3271 2151,3268 2196,3268 2241,3265 2286,3265 2331,3265 2375,3265 2420,3262 2465,3262 2510,3262 2554,3259 2599,3259 2644,3259 2689,3256 2734,3256 2778,3256 2823,3256 2868,3256 2913,3250"/>
                <TextEquiv>
                    <Unicode>nicht für alle Fälle? Man wird doch zuweilen selbst ge-</Unicode>
                </TextEquiv>
            </TextLine>
            <TextLine id="tr_2_tl_6" custom="readingOrder {index:5;}">
                <Coords points="350,3498 2905,3471 3046,3441 3053,3292 354,3387"/>
                <Baseline points="370,3462 373,3465 417,3462 462,3462 507,3462 552,3459 596,3459 641,3459 686,3456 731,3456 776,3450 820,3450 865,3447 910,3447 955,3444 999,3441 1044,3441 1089,3438 1134,3438 1178,3438 1223,3432 1268,3435 1313,3432 1358,3432 1402,3432 1447,3432 1492,3429 1537,3426 1581,3426 1626,3426 1671,3426 1716,3426 1760,3426 1805,3426 1850,3423 1895,3420 1940,3420 1984,3417 2029,3417 2074,3417 2119,3414 2163,3414 2208,3414 2253,3414 2298,3411 2343,3408 2387,3408 2432,3405 2477,3402 2522,3402 2566,3402 2611,3402 2656,3402 2701,3402 2745,3402 2790,3405 2835,3405 2880,3402 2925,3399 2969,3399 3014,3396 3059,3396"/>
                <TextEquiv>
                    <Unicode>liebt, nieht als ein Anderer, auch nicht als Prinzip, son-</Unicode>
                </TextEquiv>
            </TextLine>
            <TextLine id="tr_2_tl_7" custom="readingOrder {index:6;}">
                <Coords points="394,3653 1554,3579 2086,3589 2312,3670 2315,3542 2133,3474 398,3488"/>
                <Baseline points="414,3611 438,3611 483,3611 528,3605 573,3605 617,3605 662,3602 707,3599 752,3596 796,3593 841,3593 886,3593 931,3590 976,3587 1020,3587 1065,3584 1110,3584 1155,3584 1199,3581 1244,3578 1289,3578 1334,3575 1378,3575 1423,3575 1468,3572 1513,3569 1558,3572 1602,3569 1647,3569 1692,3569 1737,3569 1781,3569 1826,3566 1871,3563 1916,3560 1960,3560 2005,3560 2050,3560 2095,3560 2140,3560 2184,3566 2229,3566 2274,3566 2319,3572"/>
                <TextEquiv>
                    <Unicode>dern persönlich: als Anatel, als Fred...</Unicode>
                </TextEquiv>
            </TextLine>
            <TextLine id="tr_2_tl_8" custom="readingOrder {index:7;}">
                <Coords points="367,3771 441,3768 472,3791 539,3758 620,3815 745,3751 839,3791 886,3771 954,3785 957,3667 917,3646 822,3653 778,3619 613,3667 506,3650 371,3670"/>
                <Baseline points="388,3751 423,3745 468,3742 513,3745 558,3745 602,3742 647,3742 692,3739 737,3739 781,3739 826,3739 871,3739 916,3739 961,3739"/>
                <TextEquiv>
                    <Unicode>"Als Paul..."</Unicode>
                </TextEquiv>
            </TextLine>
        </TextRegion>
    </Page>
</PcGts>
