3432 4120
398 398 3000 724 Armen denkt an keine Zukunft; die Zukuuft existiert ein-
395 650 2439 905 fach nicht für sie, solange sie dir gehört.
466 789 3075 1054 "Solange sie dir gehört... wie lange? Sie tritt auf die
456 942 3116 1170 Strasse, sieht einen Andern, er erinnert sie an mich, dem
418 1099 3020 1326 er ist ein Mann. Gerade wenn man der Geliebte eines väl-
459 1228 3122 1483 lig reinen Mädehens geworden ist, muss man vor Eifersucht
425 1490 1303 1670 wahnsinnig werden."
442 1650 663 1806 "Du."
469 1670 3153 1942 Nun ja, das ist meine Natur. Ich bin eifersüchtig wie ein
429 1840 3037 2122 Narr. Der erste wie der letzte Atemzug meiner Liebe ist
497 2020 3037 2262 die Eifersucht. Was ich aber jetzt erlebe, ist wel das
452 2146 3136 2408 Schlimmste, das einem Menschen meiner Art passieren kann."
473 2415 854 2609 „Wiesof“
503 2449 2962 2653 "Vor allem einmal liebe ich, wie ich noch nie geliebt
473 2721 752 2843 habe."
510 2769 1823 2966 Das ist selbstverständlich.
514 2888 3102 3163 Es ist ein se wunderbares Wesen: leichtsinnig, graziös,
544 3156 1245 3323 siiss und tief."
517 3299 738 3456 "Hm."
537 3323 3088 3619 "Und ich kenne den, der früher ihr Geliebter war. Kenne
520 3530 3088 3735 ihn... Meine ohnehin so leicht erregte Vorstellungsgabe
527 3626 3265 3901 steigert sich dadurch ins Unermessliche, ins Unerträgliche.
