3416 4136
2405 486 2753 628 3/2.90.
361 648 3033 756 Hier wollen wir bleiben“, sagte Anatel und liess sich auf
364 820 2989 908 dem roten Sammtfauteuil nieder. Fred setzte sich ihm ge-
364 975 2861 1066 genüber und zog die gelben Fenstervorhänge fester zu.
364 1120 2895 1208 Es war spät am Abend und das Kaffeehaus wenig besucht.
361 1269 2982 1353 Über den Billardtischen waren die Gasflammen ausgedreht,
364 1414 3030 1511 die Kassierin rechnete weiter, nachdem sie einen flüchti-
368 1586 2443 1680 gen Blick auf die Neueingetretenen geworfen.
412 1717 2908 1822 "Da gefällt es mir", fuhr Anatol fort, nachdem er sich
381 1862 3087 1977 eine neue Zigarre angezündet. "Kein Lärm, sehr angenehm zu
374 1997 2905 2129 sitzen, der Tisch wackelt nicht - ja, da bleiben wir.“
388 2163 3087 2267 "Aber kein Kellner zu sehen", warf Fred ein, obwol ihn be-
381 2325 3030 2439 reits zwei derselben gefragt hatten), was er befehle. In
388 2473 2824 2584 diesem Augenblick standen auch schon die zwei Tassen
395 2621 2945 2736 schwarzen Kaffees, die Anatel bestellt hatte, vor den
388 2766 1150 2858 beiden Freunden.
415 2898 3033 2993 "Ach so“, sagte Fred und warf zwei Stück Zucker in seine
439 3067 742 3168 Tasse.
395 3181 2962 3289 "Findest du nicht auch, dass wir hier bleiben könnten?“
388 3367 3087 3455 fragte Anatel. “Das Lokal hat etwas Alt-Wienerisches, was
398 3492 3097 3610 mir sehr sympathisch ist. Die Billards sind vile zu lang,
388 3657 3073 3755 die Kassierin ist viel zu hässlich, die Decke ist veel zu
