3448 4104
2845 369 2983 555 10
453 504 3027 693 "O mein Lieber, ich bin noch nicht zu Ende. Ich erlebte
433 683 2476 876 es mit, wie seine Schwärmerei zu Ende ging."
392 869 680 1008 „Nun?
372 961 3017 1164 Anatel aber sprach nicht weiter und drehte seine Zigarre
372 1120 2212 1329 nervös zwischen den Zähnen hin und her.
379 1329 3021 1458 "Ein andermal", sagte er nach einigen Minuten, “ieh kann
2564 1451 2966 1607 29/8.90.
372 1465 1231 1627 heute nicht mehr."
416 1576 3095 1745 Sie schwiegen beide eine lange Wile. "Ja, hier wollen wir
382 1745 2987 1891 bleiben", sagte Anatel endlich. “Ich will es den Andern
430 1864 3071 2077 mitteilen, dass wir endlich das Richtige gefunden haben.
379 2033 3095 2209 Diese Eeke hier finde ich ganz heimlieh. - Und du“, setzte
386 2212 3065 2364 er ganz unvermittelt hinzu, "mein lieber Fred, bist voll-
386 2368 1255 2547 kommen glücklich?"
403 2503 3102 2686 "Ich - ha, ha! - nein, das ist nichts für uns, mein lieber
379 2669 1309 2841 Anatel, das Glück!“
416 2821 1252 3014 “Nun, au glaubst?”
419 2950 2950 3132 "Nun hab' ieh's aufgegeben. Ja, bis vor wenigen Jahren
392 3095 2980 3271 hatte ich noch den Mut, mir zu sagen: Mein lieber Fred,
419 3247 3027 3474 vielleicht bist du doch nur einer von den dummen Buhen,
406 3406 3068 3599 die sich einbilden, unglücklich zu sein, und bist eigent-
