3432 4120
331 444 2952 700 Ich weiss, wie jener Mensch spricht,- ich weiss. dass er
369 563 3013 805 schön und liebenswürdig ist,- ich sehe es vor mir, wie
317 744 3061 983 küsst, wie er einen Weib zu Füssen sinkt und ihre Kniee um-
351 904 2938 1116 fängt. Sie freilich sagt mir: "Du liebst mich mehr, ich
297 1014 2918 1256 fühle es, und ach, ich 10 ich dich tausendmal, unendlich-
345 1208 2003 1389 mal mehr - ganz anders überhaupt.“
324 1348 1512 1532 "Nun, du glaubst es deck."
321 1525 2972 1778 "Gewiss glaube ich es mit all der Terheit, die uns zu Be-
345 1658 2389 1891 tregenen und zu Glücklichen macht. Aber....
321 1795 642 1989 “Abert.
314 1955 2993 2191 Mit alldem ist’s nicht genug. Nicht genug, dass ich jenen
283 2160 2983 2361 Mann kenne - ich war einer seiner besten Freunde zur Zeit,
338 2269 2918 2460 da er dieses Mädchen liebte. Ich kannte sie damals noch
283 2460 2863 2682 nicht. Aber er sprach mir von ihr, Tag für Tag, ich be-
283 2604 2911 2750 gleitete ihn zu den Rendezvoum, ich half ihm ein Armband
283 2747 2863 2921 aussuchen, das er ihr zum Geschenk gab, er erzählte mir
324 2901 2983 3095 getreulich, was sich zwischen ihnen ereignete, ich kannte
276 3030 2836 3238 ihre Kosewerte,- all das, ohne dass ich sie je gesehen
273 3163 2880 3320 hatte. Ich hörte zu und lächelte. Auch dass sie sterben
266 3314 2914 3481 müsse, wenn er sie je verliesse, sagte sie ihm. Und auch
334 3440 1972 3744 Däs-liete aiterdings nicht angenehm.
