3432 4104
2791 333 2922 454 13
420 377 3117 666 Gespräch, welches in der Kaffeehausecke nach Vorlesung der
2364 632 2919 817 31/VIII.90.
434 639 1577 814 "Elixiere" geführt wird.
404 794 3053 989 Das ist die Geschichte eines Menschen, der tell ist ver-
427 938 2935 1126 Eifersucht oder auf dem besten Weg ist, es zu werden,
481 1079 2364 1291 se sagte Paul, als Anatel geendet hatte.
477 1227 3083 1426 "Aber Wahres steekt viel drin", meinte Fred. "Wir haben
477 1385 3114 1564 uns nur hineingewöhnt, in die erbärmliche Rolle, die wir
488 1547 2966 1772 spielen,- aber sie ist zweifellos höchst erbärmlich.
481 1701 2152 1900 "Die wir wann spielen?" fragte Paul.
467 1816 3100 2044 "Nun, wenn wir geliebt werden. Denn für die Feinfühligen
457 2011 3117 2186 ist es ja doch klar, dass wir im Grunde nicht als Indivi-
461 2139 3147 2334 dualitäten, sondern als ein Prinzip verehrt werden., und
464 2317 1954 2508 darin liegt etwas Beschämendes.
498 2438 3161 2650 "Unwahr", sagte Paul. 4/3 giebt Frauen, die den Richtigen
511 2640 894 2808 finden."
511 2697 3191 2929 "Einbildung. Wäre Romeo nicht geboren worden, so hätte Ju-
521 2912 1742 3090 lia einen Andern geliebt.
511 3033 3127 3245 „Sehr richtig“, warf Anatel ein, und ich möchte es segar
481 3218 3147 3383 kühnlich behaupten: die Weiber lieben den in uns, der ge-
488 3349 2525 3578 keumen wäre, wenn wir nicht gekommen wären.
511 3490 2384 3709 «Nun, ist er nicht toll?« rief Paul aus.
511 3605 3046 3830 "Ich bin es durchaus nicht, sondern ich gehe in meiner
