3416 4120
225 461 2917 693 dir deinen eigenen Zustand in einem gleichen Fall versinn-
236 670 2736 844 liehst; wenn du dich fragst: wie wirken ähnliche Erin-
215 782 2904 998 nerungsbilder auf mich? - Und du wirst dir sagen: mir ist
225 950 2890 1203 als hätte es ein Anderer erlebt, es hat nichts in mir zu-
270 1162 922 1315 riickgelassen.
270 1247 2924 1445 'All das, mein lieber Fred, nützt nichts, gar niehts. Was
277 1373 2818 1633 war, ist,- das ist ja der tiefe Sinn des Geschehenen.
239 1575 1814 1753 Aeh, und das sind Qualen, Qualen!"
270 1715 2610 1917 "Du musst dich von diesen Dingen endlich befreien."
270 1831 2907 2084 "Freilich müsst' ich. Denn, in der Tat, ich bin ihrer mü-
256 1999 3006 2221 de, dieser unsäglichen Leiden, die Abenteuer dieser Art für
260 2166 2904 2412 mich bringen. Vielleicht kommen Andere damit zuwege, ich
280 2258 2859 2562 aber schleppe alles mit mir weiter; Andere schütteln es
280 2449 2911 2713 ven sich ab - völlig; ich kann das nicht. Auf mir lastet
290 2607 2921 2846 alles, alles, was ich je erlebt; das nichtigste Erlebnis
284 2774 2108 3020 nistet sich auf die Dauer bei mir ein."
307 2887 2989 3184 Weisst du, was für dich gut wäre?“ meinte Fred. “Du soll-
311 3078 2900 3280 test einmal lieben, wo es keine Erinnerung, we es keins
314 3177 2863 3481 Vergangenheit giebt. Ein frisches, junges, unherührtes
301 3314 2989 3560 Mädel, für die du der Erste, Einzige bist. Das müsste der
307 3495 2118 3782 Frühling für dich sein, so glaub' ich.'
