3416 4104
2772 384 2912 554 11
481 428 3103 725 lieh aussererdentlich glücklich. Auch kamen die gewissen
454 711 2963 872 Andern und sagten: O, Sie haben's gut! Sie wissen gar
504 812 3009 1002 nicht, wie gut Sie’s haben... Und dergleichen. Mit 28
471 975 3009 1156 Jahren aber ist man sicher kein dummer Bub mehr. Eines
514 1142 3140 1306 allerdings hat aufgehört: die Süssigkeit, die Poesie des
468 1309 3106 1490 Schmerzes. Ich bin nicht so tellkühn, ihn Weltschmerz zu
518 1443 3106 1610 nennen. Es ist ein dürres, widerliches Weh geworden, an
528 1566 3176 1777 dem man nicht einmal seine rechte Freude mehr haben kann.
508 1757 3063 1890 "Wenn ich dich se reden höre, Fred, fällt es mir wieder
541 1900 3079 2067 schwer aufs Gewissen, wie subjektiv ich bin. Denn höre,
494 2034 3066 2201 ich kann dir deine Trübsal kaum glauben. Für mich giebt
511 2188 3193 2355 es in diesem Augenblick nur einen wahren Schmerz: der, den
538 2345 2816 2508 ich empfinde. Nicht eifersüchtig sein ist alles."
511 2482 3173 2665 "Und ich", warf Fred ein, "beneide dich um dieses Weh. Es
501 2632 3173 2819 ist doch wenigstens etwas. Ich bin jetzt, was meine Seele
488 2776 2729 2963 anbelangt, bettelarm. Man löseht aus. Gehn vir."
501 2926 3130 3090 Sie zahlten und gingen. Die Strasse war grau, nass, ver-
504 3130 772 3270 ödet
511 3183 2949 3410 Fred ging nach Hause und legte sich schlafen. Anatel
511 3353 3103 3554 schlug einen andern Weg ein - vor ihr Fenster. Da blieb
528 3520 3126 3724 er stehen, aber es regte sich nichts. Sie schlief ruhig,
511 3694 1837 3908 Auch er ging nun nach Hause.
