3416 4104
2683 343 2832 540 14
374 479 3009 652 Auffassung der individuellen Liebe nur an die äussersten
370 645 3043 849 Konsequenzen, und da komme ich eben zu dem Resultat, dass
363 849 3019 971 Liebe selbst in ihrer heiligsten und unverratensten Form
431 958 3060 1134 eine stete Eifersucht sein muss. Man muss immer nur den-
363 1097 3036 1250 ken: Und wenn ich nicht auf der Welt wäre? Oder noch bes-
374 1236 2748 1420 ser: Wenn irgend ein Anderer auf der Welt wäre?...
401 1406 3131 1559 "Kurz", rief Paul aus, "du bist nicht allein auf sämmtliche
418 1552 2945 1705 Männer eifersüchtig, die sind und waren, sondern über-
418 1722 3006 1885 dies auf alle die ungezählten Millionen, die existieren
2272 1858 2727 2051 15/IX. 90.
391 1882 815 2058 könnten.
391 2041 2863 2174 "Gewiss. Und ich gestehe, dass ich mir mänchen dieser
414 2163 2962 2357 Fälle ganz klar vorstelle. Ich denke zum Beispiel: Vor
387 2292 3057 2496 zwanzig Jahren, in einer holden Frühlingsnacht haben sich
384 2469 2924 2659 zwei Verliebte im Park ein Stelldichein gegeben. Einer
394 2656 2992 2788 von Beiden aber kann nicht kommen, oder sie verseheucht,
475 2782 3074 2941 - kurz, statt sich anzugehören, wie sie wollten und soll-
391 2924 3060 3084 ten, bleiben sie einander fern. In dieser Nacht aber hät-
394 3053 3067 3277 ten sie sin Kind gezeugt, ein Kind der Liebe. Es wäre ein
384 3196 3067 3406 Knabe gewesen. Nach zwanzig Jahren - heute also - wäre er
391 3332 2985 3542 dem Mädchen, das ich liebe, begegnet, sie hätte sich in
394 3498 2839 3736 ihn verliebt - auch auf diesen bin ich eifersüchtig.
