3416 4120
329 509 770 828 Wie das r.
292 716 2751 967 "Stelle dir ver, wir hätten ein Mittel zur Verfügung
268 879 2928 1136 meinetwegen eine ehemische Substanz, mittelst der wir ei-
282 1025 2887 1286 nun bestimmten Lebensabschnitt aus dem Gedächtnis eines
299 1177 2056 1442 Wesens vollkommen verwischen könnten.
305 1333 2897 1591 So dass sie gar nicht mehr weiss, dass überhaupt etwas
319 1540 1025 1761 geschehen ist?“
343 1571 2982 1862 Ja. Was vorbei ist, das ist nicht mehr. Es ist in gewis-
370 1781 2948 2059 sen Fällen so verbei, als ob es nicht gewesen wäre; nur
336 1934 2914 2195 die Erinnerungsbilder sind da, auf die wir eifersüchtig
339 2083 3002 2334 sind. - Nun will ich dir noch eine andere Möglichkeit ver
336 2209 3053 2500 Augen führ n. Ein Weib wird dir zuliebe jemandem untreu.
339 2368 2941 2646 Im Anfang - du magst sie noch so sehr lieben - wirst du
397 2531 2972 2724 auf jenen Andern wenig, wahrscheinlich gar keine Eifer-
366 2629 3074 2877 sucht empfinden. Du hast ihn überwunden, und dieses Gefühl
380 2819 3002 3023 der Uebermacht genügt dir. Sie verlässt jenen. Und jetzt
421 2965 3080 3192 erst beginnt sich deine Eifersucht zu regen. Er ist nicht
363 3118 3091 3331 mehr da, sein lebendiges Wesen ist unwirksam geworden, sei
377 3260 3057 3545 ne Schattenmacht beginnt. Und mit der wirst du nicht fer-
397 3508 1394 3698 tig - nimmer, nimmer.
404 3484 3077 3776 "Ich glaube doch", erwiderte Fred. “Insbesendere, wenn du
