3432 4120
415 486 1438 702 Es giebt doch veleke.“
398 658 3088 888 "Vielleicht... ach, gewiss. Schliesslich ist auch, was ich
385 793 2970 1080 jetzt erlebe, etwas Anderes als alles Friühere."XXX###xxxxxx
402 1029 942 1168 "Natürlich."
412 1131 2984 1333 O, aber nur, weil ich es eben jetzt erlebe; aus keinem
395 1225 2946 1441 andern Grund. Darüber täusehe ich mich nicht. Dass ich
392 1418 2913 1613 mich aber nicht darüber täuschen kann, das ist das Un-
395 1573 2211 1748 glück; und dabei stehe ich Qualen aus.
418 1721 1492 1924 “Qualen... Eifersucht?“
422 1806 2460 2049 "Ja. Das ist der einzige wirkliche Schmerz."
442 2008 1461 2214 „Hast du einen Grund?“
439 2160 3024 2336 "Den unheimlichsten von allen: die Vergangenheit. Diese
425 2315 3064 2514 tüekische unsterbliche Vergangenheit, gegen die man sich
425 2474 3139 2734 nicht auflehnen, die man über sich ergehen lassen muss wie
442 2636 1134 2808 ein Sehieksal.“
472 2801 2136 3034 „Und du kannst es nicht überwinden?“
466 2919 3149 3189 "Nein, unmöglich. - Im übrigen, eine Frage, die allerdings
496 3112 2005 3362 nur theoretisches Interesse hat.
469 3301 736 3483 “Nun?“
469 3378 3118 3550 "Gäbe es auch eine Eifersucht auf die Vergangenheit, wenn
456 3534 2919 3733 man ihr Bild völlig aus der Erinnerung der Geliebten
459 3753 1168 3915 reisen könnte?
