3432 4120
2841 245 2949 467 7
363 454 2898 696 "Der Frühling, mein Lieber, das ist ein Glück für die,
356 612 3036 911 die an den Sommer und Herbst und Winter nicht denken, der
373 753 2999 1069 ja kommen muss. So ein junges Blut in meinen Armen - was
407 918 3016 1187 würd' ich empfinden? Oder, da ich mich noch rechtzeitig
390 1113 3043 1328 entsinne, was hab' ich da empfunden? - Die Eifersucht auf
420 1200 3087 1516 den, der kommen wird. Denn er kommt, und sie wird ihm sa¬
393 1416 3097 1661 gen: "Du bist der Erste, den ich wirklich liebe." Und dann
400 1567 3046 1836 bin ich der, welchen sie verflucht, weil er ihr die Rein-
400 1701 2956 1974 heit genommen, der, den sie hasst, weil der Andere sie
404 1833 3070 2122 meinetwegen quält. Ich bin der, von dem sie mit jenem An-
424 1987 3073 2283 dern se sprechen wird: "Aeh, das... Unbesonnenheit – Lei¬
481 2142 3026 2431 denschaft - was hab' ich damals von der Liebe gevusst!
424 2340 3090 2582 Nein, nein, später ist man für das Weib, das man als Ers-
451 2397 3094 2714 ter besessen, nicht mehr der, der sie die Liebe gelehrt,
451 2629 2448 2875 man ist einfach der, der sie verführt hat.'
484 2761 2841 3036 “Aber die Gegenwart selbst, ohne Zukunftsgedanken?”
488 2851 3178 3157 "Wenn es das gäbe, Fred! Für mich existiert der Augenblick
471 3026 3117 3349 nicht,- der grosse selige Augenblick, das Vorher und das
481 3275 1597 3497 Nachher vernichten ihn."
535 3302 3110 3601 Aber sieht, auch da, glaube ich, könnte man sich durch
511 3473 3104 3779 eine einfache Gedankenfelge retten. Das Mädel in deinen
