3496 4104
2907 328 3069 507 R
2410 357 2588 503 901
484 461 3098 763 Ein Herr kommt zu dem Polizeikommissär. Es wird in einer
477 653 2929 945 Stunde eine Dame kommen und Ihnen mitteilen, man hat
490 861 2975 1088 ihr einen Schmuck gestohlen. Es ist ein hypnotwisches
490 1078 1042 1228 Experiment.
451 1159 2166 1387 Das ist sehr interessant. Ich danke.
500 1309 3079 1543 Die Dame kommt; der Kommissär lächelt. Die Dame erzählt
520 1494 1858 1702 von dem gestohlenen Schmuck.
526 1608 3010 1880 Er sagt dem Mann: Wecken Sie sie auf. : Der Mann ist
533 1828 1351 2010 mit ihr gekommen:
490 1961 2468 2169 Ja, aber warum denn? Sie schläft ja nicht.
542 2088 2945 2296 Ja richtig, nur der Hypnotiseur kann sie aufwecken.
552 2234 3059 2468 Endlich merkt der Kommissär, dass er einem Gauner auf-
513 2455 1153 2647 gesessen ist.
679 2559 3153 2773 waran Blest ihr uns gesicht, um sie aufsiwecken
666 2832 877 3040 B.v.
