6696 4360
6016 351 6177 547 28
3669 538 6051 753 Entsprechende Bewegung. Plank scheint empört.
3679 734 4744 998 Mit einem Franzosen!
3685 1004 6029 1184 Kribbling: Die Valois sind königlichen Bluts
3685 1123 5208 1326 und Napoleons Feinde wie wir.
3669 1297 5263 1490 Alle stossen mit Medardus an.
3692 1455 6106 1632 Elisabeth stösst ihr Glas an das von Medardus.
3692 1596 5243 1806 Medardus lässt seines fallen.
3702 1873 5408 2121 Wieder in den Auen an der Donau.
3685 2025 6222 2234 Man sieht François und Agathe dem Fluss zueilen.
3528 2189 6112 2420 Ein paar Fischer, die der Donau entlang gehen.
3805 2308 6090 2462 Tis beobuhte das Paar, stuttet den Kopf, gehe weile
3695 2524 4728 2720 Wieder die Schenke.
3711 2694 4741 2897 Steigende Bewegung.
3695 2797 5449 3045 Medardus zwischen posa und Marie.
3714 3142 4806 3341 Wieder an der Donau.
3682 3228 6232 3521 Die Fischer blicken auf den Fluss hinaus, wer den
3718 3463 5897 3676 aufmerksam, gehen dann wieder ihres Wegs.
