6584 4328
3551 532 5898 791 165. „Töte ihn! Befreie uns und dieWelt von
3869 707 4597 878 dem Tyrannen!
3831 738 6072 993 „Also für die ehrgeizigen Träume der Valois
3828 884 6001 1058 willst du mich zum Mörder machen...? Mich
3526 843 3760 1024 167.
3831 977 5864 1164 aufopfern, wie Ihr meine arme Schwester
3831 1080 4902 1273 aufgeopfert habt...?
249 1149 451 1279 G.C.H.F.P.F:P.P:
3947 1130 6057 1366 Also darum,Helene logst du mir Liebe vor
3595 1254 3816 1413 168.
3928 1317 6107 1544 ...? Du glaubtest mich kaufen zu können...?
3922 1432 6004 1659 Vorgib mir „Kein Wort mehr, Medardus, ver-
3922 1550 6094 1746 gib mir,dass ich deine Liebe prüfenwoll
3595 1575 3844 1727 169.
3916 1681 5615 1818 te... Die will ich, sonst nichts.
4000 1740 5926 1980 ... Aber bedenke  dass Eine:Wenn
3928 1849 6085 2051 du Napolson tötest - werde ich für immer
3607 1871 3831 2026 170.
3928 2023 4445 2138 dein sein.
3953 1964 6097 2207 — Aha, Herr Wachshuher,Sie möchtengernaden
3947 2113 6088 2288 Schraembol für zwanzig Gulden haben, um ihn
3623 2110 3841 2250 175.
3940 2185 6051 2347 dann für vierhundert Goldstücke den Fran-
3891 2319 4899 2450 zosen zu verkaufen.
3962 2366 5942 2596 „Majestät, für morgen steht unseren ta-
3959 2481 5954 2686 pferen soldaten ein heisser Tag bevor!
3626 2496 3866 2627 181.
4006 2602 5936 2826 „Um drei Uhr morgens reiten wir an die
4018 2730 6054 2898 Donau,General... Das Konzert wird frü-
3639 2736 3872 2876 182.
4000 2876 4927 3016 her zu Ende sein.
3978 2954 6072 3147 „In Ihrer Nähe, Majestät, umweht mich zu -
3990 3066 5988 3221 gleich ein Hauch aus meinem geliebten
3667 3025 3916 3169 184.
3972 3125 6119 3305 Frankreich, aus dem wir nun schon so lange
3972 3256 4768 3405 verbannt sind.
3651 3312 6160 3582 185. Niemand bedauert mehr als ich, Prinzessin,
3990 3436 5886 3607 dass es die Valois sich mit den Verh
3972 3561 4927 3729 nissen abzufinden
