6584 4280
2615 533 2800 712 11
420 693 1636 944 219 und 220 fallon fort
426 856 2787 1085 Das Schlussbild: Hochzeit Napoleon-MariaLouise
392 988 2586 1194 vollkommen unmöglich,da man ja im Laufe des
4041 1013 5264 1207 Frühlingstag im Prater.
395 1176 2611 1370 ganzen Film weder von Marie Louise noch von
4082 1172 5351 1376 Spaziergänger aller Art,
4405 1288 4668 1386 Plach
382 1326 2558 1527 Franz,ausser dem Gebet zu Anfang,noch von
4094 1304 6038 1489 Frau Glaine mit ihrer Tochter Agathe.
398 1461 2812 1683 rapoleons Heiratsabsichte das Geringste gesehen
4088 1483 6085 1636 Begegnung mit Herrn Berger, Frau Berger
401 1583 2865 1796 hat. Das Bild bleibt ganz unverständlich und ist
4088 1665 4571 1793 und Anna.
404 1721 2853 2019 als Abschluss in jedem Fall abzulehnen. Das ich-
4088 1752 6091 1947 Medardus kommt erst etwas später hinzu
420 1925 2665 2113 pichtigste wäre ein gild, in dem die freudige
4069 1937 6004 2079 Zuerst vielleicht in Gesellschaft von
483 2038 2734 2263 Stimmung des Volks aus Anlass des Friedens -
4088 2110 6063 2298 Studenten.Jetzt noch nicht in uniform,
467 2235 2850 2379 schlusses zum Ausdruck kommt. Es wäre auch ein
5402 2232 6029 2442 Auch Etselt
4082 2276 5157 2452 Wagen, Begrüssungen.
423 2329 2803 2593 Titel einzufügen: „Am Oktober 1809 wurde der
4069 2408 5094 2571 Wachsende Bewegung.
429 2486 2950 2712 Friede geschlossen", Dann eventuell das Bild :Vor
4066 2530 5508 2765 Die Proklamation Napoleons.
433 2734 1285 2953 der Karlskirche.
4069 2715 6098 2922 Leute mit Zeitungsblättern.Bildung von
4069 2847 4524 3019 Gruppen.
