6664 4344
3725 605 6190 825 Agathe: Hab' ich deinen Rlick recht verstanden?
3719 803 6190 935 François: Ohne Hoffnung aus! Mein Vater war un
3725 860 6228 1033 erbittlich, meine Mutter ist ohne jede Macht.Mei-
3734 970 5576 1149 ne Schwester hat nur Hohn für mich.
3725 1219 5775 1367 Frau Klähr und Eschenbacher am Fenster.
3734 1527 6096 1663 Frau Klähr: Was reitet dort für ein Regiment?
3719 1628 5630 1804 Eschenbacher: Die Gottsheimdragoner.
3719 1880 4474 2110 Die Basteian.
3725 1999 6253 2273 Die Gottesheimer Dragoner reiten über die Bästei.
3728 2365 4553 2547 Im Hause Klähr.
3741 2425 5284 2702 Agathe und François im Erker.
3747 2658 5432 2862 Fr hält ihreHände und küsst sie.
3747 2897 5101 3089 François: Bist du bereit?
3731 3026 4503 3199 Agathe: nickt.
3753 3177 5809 3435 Frau Klähr und Eschenbacher am Fenster.
3747 3501 6253 3747 Frau Klähr: Ich bin guten Muts für Medardus und
