6840 4456
6116 383 6309 521 152
4027 530 6293 704 Medards: Ich weiss, dass nicht eher Ruhe auf
4027 643 6407 799 Erden sein wird, als bis Bonaparte aus der Welt
4033 717 6425 854 verschwindet. Weder Ihre Grossmut. Majestät, noch
4030 808 6428 922 das Gefühl meiner Ohnmacht können mich zu einem
4039 879 6444 1063 Versprechen bestimmen, das ich als schmählich und
4021 980 5476 1127 lügenhaft zugleich empfände.
4033 1148 6370 1329 Νapoleon eine Weile regungslos, sieht Medardus
4021 1335 6229 1473 ins Auge. Dann zuckt er die Achseln,wendet
4030 1479 6413 1669 sich ab, gibt Rapp einen Wink und entfæut sich.
4018 1690 5650 1868 Rapp Stampft auf den Fussboden.
4033 1828 6238 2046 Ein Gendarmerieleutnant mit sechs Soldaten
4052 2021 4588 2184 tritt ein.
4046 2092 6483 2315 Abschied de Medardus von Frau Klähr und Etzelt.
4058 2328 5457 2490 Die Soldaten führen ihn ab.
4061 2459 6082 2615 Frau vlähr am Fenster des Gefängnisses.
4061 2612 6349 2790 Medardus tritt aus dem Tor des Gefängnisses,
4061 2762 6523 2943 in den Schlosshof von Schönbrunn (?) (vielleicht
4055 2909 6419 3130 in einen abgeschiedenen Teil des Schönbrunner
4039 3081 4554 3268 (Tartons).
4055 3246 5387 3409 Medardus wird erschossen.
4073 3393 6342 3562 Vorher grüsst er nach oben. (Offenbar in der
4067 3543 6293 3706 Richtung des Gefängnisfensters,wo er seine
