6872 4376
6171 360 6384 550 113
4060 512 5647 734 Das bekannte Zimmer bei Klähr.
4060 721 5650 911 Frau Klähr am Frühstückstisch.
4070 866 6367 1017 Dienstmädchen kommt heim, weist auf ihre zer-
4077 1017 6171 1223 rissenen Kleider,bringt eine Semmel mit.
4060 1168 5875 1387 Trembli mit dem Arzt tritt herein.
4070 1355 6458 1525 Der Arzt begrüsst Frau Klähr und entfernt sich
4064 1493 4447 1625 wieder.
4089 1593 6338 1840 Frau Klähr erkundigt sich nach dem Befinden
4060 1821 4472 1966 Derues.
4077 1963 5193 2130 Es geht ihm schlecht.
4070 2095 6458 2252 Frau Klähr schenkt Trjemblij Kaffee ein. Sie früh-
4089 2275 5650 2436 stücken und reden miteinander.
3867 2461 6454 2613 Ihr Erzherzog Karl hat diesmal den Sieg davon-
4102 2580 6335 2674 getragen, nur wird er zu teuer erkauft sein.
4067 2658 6223 2844 Es schiebt das Ende hinaus, das ist alles.
4070 2860 5550 3047 Herr und Frau Berger kommen.
4077 2979 6377 3176 Frau Berger sieht hungrig auf das Frühstück.
4089 3227 6445 3391 Wir haben seit acht Tagen kein Gebäck im Haus
4096 3353 6268 3468 gehabt. Das Pfund Kalbfleisch kostet schon
4089 3433 4781 3533 einen Gulden.
