6808 4424
3894 443 6093 754 Die österreichischen Kriegsrefangenen aus
3906 658 6253 839 Schlacht von Appern sind in den Holstallungen
3915 763 5405 1004 untergebracht, und hungern.
5007 881 5278 1016 G.F.P.P
3927 968 5082 1182 Vor den Hofstallungen.
3921 1104 6229 1324 Durch die vergitterten Fenster versuchen ei-
3921 1246 6180 1472 nige der Kriegsgefangenen ihr Kopf heraus-
3927 1418 5324 1656 zustecken, rufen nach Brot,
3951 1701 6271 1924 Vor dem Gefängnis sowohl französisches Mili-
3960 1888 5405 2075 tär als Wiener Bürgergarde.
2799 1982 3025 2157 C:A:W:
3945 2021 5303 2286 Hauptmann Tell befehligt.
2808 2108 3007 2359 33
3957 2139 6367 2404 Wiener Bürger u.s.w. Wachsende Muschenmenge,
3969 2280 6084 2546 Entrüstung,Auflauf. Peter Tell beruhigt,
3975 2464 6370 2709 treibt die Leute auseinander, aber nicht ener-
3997 2681 4636 2893 gisch genug.
3984 2760 6192 3004 Ein französischer Grenadieroffizier kommt
3990 2932 6419 3188 vorbei, unzufrieden, dass Tell nicht energischer
4003 3092 6376 3297 ist, stellt ihn zur Rede. Tell erwidert.Der Of-
4012 3206 6428 3432 fizier zieht den Säbel. Tell nimmt ihn und zer-
4012 3360 6425 3613 bricht den Säbel über seinem Knie. Drohende Hal
4027 3544 6051 3776 tung der Leute gegenüber dem Offizier.
2262 3770 2458 3936 G.C.F.P
