6584 4264
4038 584 6035 724 Das Gespräch zwischen Medardus und dem
4044 686 6082 805 Kaiser sollte nicht im verker, sondern in
4051 777 6042 876 einem Kabinet des Kaisers stattfinden.
4038 817 6135 969 Ein Adjutant, ebentudl zwei, eventuellauch
4047 957 5821 1053 ein Türsteher als Staffage gaügen.
4085 1006 6216 1230 Ich schenke Ihnen das Leben und die Frei-
3721 1056 3957 1227 211.
4047 1174 4774 1302 heit, Medardus
4072 1249 6188 1423 „Ich bin nicht in der Lage Ihre Gnade an-
3675 1314 3917 1451 2D2.
4066 1385 6063 1510 zunehmen,Majestät. Ich stand nicht dort
4060 1451 6157 1581 um Ihr Leben zu retten, sondern umgie zu
4072 1559 4386 1696 töten.
3740 1656 6234 1830 213. „Ich verstehe Sie, Medardus klähr.Sie wollen
4072 1755 6094 1892 Ihr Leben von sich werden, weil sie sich
4060 1873 5743 1976 in Ihrer Liebe betrögen glauben.
4103 1954 6188 2112 „Sie haben aus Eifersuch getötet, langnen
4072 2041 6212 2196 Sie es nicht länger. aber Sie hatten kei-
3755 1997 3998 2165 214.
4075 2159 4728 2311 nerkei Grund
4072 2255 6122 2423 Ich schwöre es noch einmal, so lange ich
3755 2311 3988 2466 215.
4072 2373 5908 2485 lebe werde ich nach nichts anderem
4085 2432 6098 2603 trachten, nichts anderes denken als Na
4069 2538 5445 2699 poleon Bonaparte zu töten.
4060 2628 6144 2833 Sie wollen also sterben,Medardus Klähr?
3752 2690 4047 2855 216. „
4091 2839 5973 2973 „Das Schicksal Ihres Sohnes liegt in
3752 2839 3970 2985 217.
4038 2892 6129 3044 seiner eigenen Hand, Ein Wort von ihm und
4026 3007 5048 3156 er bleibt am Leben.
4116 3128 6104 3277 Ich habe den Auftrag von meinem Herrn,
3768 3144 3985 3305 218.
4038 3224 6138 3370 dem Kaiser, die Mutter dieses Tapferen zu
4054 3311 6070 3432 grüssen. Es ist sein Wille, dass Medardus
4057 3380 6026 3501 Klähr mit allen Ehren und in geweihter
4044 3470 6042 3597 Erde begraben werde als dieses Krieges
4044 3554 5579 3709 letzter und seltsamster meld.
