6680 4328
5964 319 6133 543 80
3888 520 5282 706 Der brennende Trattnerhof.
3894 816 4724 1028 Auf der Bastei.
3897 973 6101 1173 Beinahe leer,gar kein Publikum,nur die Wa-
3906 1156 6014 1318 chen. Medardus neben Landsäcken sitzend.
3879 1304 5134 1484 Etzeitxxxikxxtretendxx
3908 1417 6194 1626 Der verwundete Bargetti wird vorbeigetragen
3906 1614 6223 1780 auf der Bahre,von dem Arzt begleitet.Medar-
3917 1710 6252 1937 dus drückt ihm die Hand. Der Arzt ekennt Me-
3929 1908 5778 2082 dardus. Bargetti wird fortgetragen.
3908 2009 6240 2218 Der uralte Herr und das Mäderl kommen wieder
3929 2227 5267 2410 vorüber. Die Kleine weint.
3926 2320 6060 2523 Etzelt tritt zu Medardus hin. Etzelt ihn
3940 2526 5209 2689 fragend,in ihn dringend.
3940 2761 5715 2915 Medardus: Ich bin kein Held, Etzelt
3946 2805 6051 2982 Etzelt: Ich weiss, du warst seither keine
3955 2959 4640 3078 Nacht daheim.
3958 2979 6258 3139 Medardus: Aber ich habe die Prinzessin nicht
3937 3081 6194 3220 wieder gesehen. Die Pforte war verschlossen.
3958 3122 6287 3290 Ich bin der Genarrte. Morgen ist ihre Hochzeit
3958 3238 6211 3374 und ich bin hier so gut wie ein Gefangener.
3972 3299 6182 3438 erst wenn die Toresich öffnen habe ich den
3955 3386 6211 3612 Weg frei xxxihxx hinüber und zu ihr.
3958 3514 5941 3665 tat ich weit zu einen Ausfall zuweldet.
