6552 4184
3973 538 6100 781 „Dein Wille geschehe „Vater, -dein Traum
3607 648 3782 787 77.
3970 719 4992 877 soll sich erfüllen.
3661 829 6046 1025 80. „Nicht bange, Prinzessin, der Marquis, traf
3970 900 5791 1099 noch jeden Gegner mitten ins Herz.
3669 1073 5134 1266 82. „Ist sicher schon tot!"
3675 1230 6002 1465 83. "So geh hin und 1og ihm diese Rose aufs
3946 1355 4347 1489 Kissen."
3678 1394 6032 1602 84. "Und wenn er - doch noch am Leben sein
3952 1545 6159 1780 sollte? Was solllich dann mit der Rose tun?
3681 1753 4980 1934 85.... „Das Gleiche...
4017 1881 5957 2053 „Sagen sie dem gnädigen Fräulein, dass
3699 1973 3866 2107 86
3970 1964 6023 2124 ich ihr heute Abend - persönlich meinen
3961 2083 5434 2255 Dank zu Füssen legen werde.
4029 2246 5910 2371 „Sie hat mir eine Rose geschickt!...
3705 2267 3866 2404 87.
3970 2312 5402 2442 Weisst du, was das bedeutet!
5987 2350 6156 2469 G.H.F.P.
4029 2386 6130 2597 „Sie wird meine Geliebte sein...Unddann
3711 2496 3889 2650 O &D
3987 2537 6017 2677 will ich s in die Welt schreien:Sie lag
3976 2588 6254 2751 in meinen Armen die Prinzessin von Valois.
3981 2698 5919 2852 Das sei meine pache für Agathons Tod.
3981 2799 6082 2998 Medardus vergisst seine Pflicht gegendas
3726 2885 3901 3019 91.
3996 2962 4623 3099 Vaterland...
3967 3013 5788 3262 „Dann also... bring ihn... zu mirj“
3678 3126 3869 3256 98.
4163 3185 6011 3360 „Die Erlaubnis Ihres Vaters, Helene,
4008 3316 6026 3462 um Ihre Hand anzuhalten, macht mich sehr
3723 3271 3952 3432 99 a
4017 3390 6014 3595 glücklich. Ich habe sie immer geliebt.
4053 3506 6112 3687 Liebe - wir haben kein Recht zu trauern
4011 3598 6177 3779 und keine Zeit glücklich zu sein...Sof ort
3744 3566 3964 3720 100.
4017 3708 6020 3830 nach unserer Trauung,Viconte,werdengie
4023 3747 6118 3949 sich im Interesse unser heiligen Sach nach
4011 3913 4950 4023 Frankreich begeben.
