6648 4328
3876 464 6102 692 Francois sich nach Agathe umsehend, während
3880 665 5033 862 der Wagen verschwindet
5005 711 5237 859 fast
3870 791 6102 1029 Helene die ganze Zeit nie unbeweglich, kaum
3876 918 5400 1138 ein Blick auf die Volksmenge.
3861 1094 5991 1332 Sie gewahrt den Medardus noch gar nicht.
3870 1255 5447 1475 Er sieht sie nur flüchtig an.
3889 1524 5642 1771 Begegnung Madardus und Elisabeth.
3914 1648 6235 1947 (Elisabeth zuerst mit einigen anderen jungen
4980 1858 6405 2062 Kesbblins, Schebade etc. Berihi
3917 1898 4337 2065 Leuten).
3895 2003 6223 2257 Heitere Jugendgruppen, Studenten und Mädchen.
5672 2121 6226 2229 Roschein
3917 2179 6263 2383 Bilder aus dem Wirtshause und Wirtshausgärten
4652 2303 4838 2396 Klan
3929 2306 6254 2572 Die Familien Glaire und Berger an einem Tisch
4254 2535 6269 2726 Der bliade Herzog aus dem Geschlecht der früheren
3935 2529 4414 2699 zusammen.
3957 2649 6439 2804 Königl. im Trankend beurtet als Höchtlau in Beim
4043 2736 5929 2862 schlechten in einer Verstärten tritt. Einen
3926 2801 6204 2986 Die Fahrt des herzoglichen Wagens durch den
3935 2977 4850 3175 Prater nachhause.
3938 3079 5951 3320 Vorfahren vor dem Schloss des Herzogs.
3929 3221 6012 3475 Vornehmes kleines Barockschlösschen.Die
3948 3376 6142 3617 wartenden Kammerdiener.Aussteigen der Her-
3938 3558 5589 3805 zogsfamilie, Eintreten ins Haus.
