6728 4360
5819 413 5986 589 48
3738 570 6168 882 Medardus mit Etzelt und dem Arzt vor dem Haus.
3771 752 5816 978 (Vielleicht in einem Wagen vorfahrend).
4308 882 5252 1030 (décret du Buchtareils)
3759 904 6214 1116 Sie treten ins Haustor, über die Treppen hinauf,
3765 1079 5930 1292 Medardus auf Beide gestützt,er kann nicht
3759 1240 5736 1465 weiter,bleibt auf einer Stufe sitzen.
3778 1360 5421 1613 Etzelt entfernt sich nach oben.
3784 1625 4965 1860 In der Wohnung Klährs.
3784 1718 6155 1967 Etzelt tritt ein,macht vorsichtig Mitteilung.
3787 1893 6168 2208 Frau Klähr eilig hinaus, Anna ihr gleich nach.
3799 2146 4623 2371 "Auf der Tréppe.
3796 2304 6038 2504 Medardus halb ohnmächtig, der Arzt bei ihm.
3815 2424 6269 2664 Die Mutter dazu.Man führt ihn die Treppe hinauf
3805 2640 4980 2939 In der Wohnung Klährs
3827 2843 6183 3059 Medardus vom Arzt und Frau Klähr gestützt he-
3827 3050 4487 3238 reintretend.
4545 3093 4885 3238 Dienst
3842 3145 5868 3392 Anna und das Stubenmädchen behilflich.
3830 3278 6214 3552 Er wird aufs Sofa gebettet, von seiner Mutter.
3842 3472 6319 3753 Der Arzt verlangt von Anna Schreibzeug.Er setzt
