6888 4456
6217 459 6450 637 136
4007 625 4650 809 de Bewegung.
4007 782 6410 960 Assalagny durch die Gartenpforte rasch hinaus,
3976 963 6457 1126 ein Lakai folgt ihm. Draussen an der Gartenpfor¬
4013 1111 6275 1259 te Assalagny an der Leiche Desolteux. Laka i
4004 1253 5432 1499 rasch in den Garten zurück.
4013 1468 4505 1696 ImGarten
4007 1625 5226 1816 Herzog, Herzogin,Helene.
4019 1742 6481 1954 Der Lakai bringt die Nachricht. Assalagny folgt
4025 1945 6327 2111 ihm sofort. Der Herzog fängt an zu erfassen,
4019 2136 6447 2240 was geschehen ist. Helene tritt zu ihm hin, er-
4038 2271 5499 2416 greift seine Hand,küsst sie.
4032 2434 5447 2573 Herzog versteht vollkommen.
4022 2570 5607 2776 Helene fasst ihren Entschluss.
4038 2911 6450 3078 Wiener Bürger besichtigen das Schlachtfeld von
4038 3037 6466 3164 Aspern. (Unter ihnen Berger, Föderl, Frau Grinz in-
4025 3136 4881 3290 ger und Andexre.
4349 3170 5379 3388 Culiprediede Wils.
4025 3428 4936 3570 Auf dem Friedhof.
4044 3570 6247 3727 Medardus zwischen den Cräbern hin und her.
