6616 4360
5838 394 6019 531 27
3633 557 5834 738 Beendigung Anstossen, steigende Lustigkeit.
3620 735 5965 910 Eintreten von Medardus und Etzelt.Begrüssung.
3627 862 5322 1069 Elisabeth tritt zu Medardus hin.
3633 1104 6089 1276 Elisabeth: Was tust du so fremd mit mir? Es ist
3636 1193 6032 1330 nicht so lang her, dass wir gute Freunde waren.
3636 1241 6172 1467 Medardus: Du hast es ziemlich weit gebracht seit-
3655 1397 3859 1502 dem.
3639 1438 5698 1664 Elisabeth: Will es noch weiter bringen.
3633 1737 5068 1915 Elisabeth wieder zu Winter.
3646 1874 6057 2100 Winter als Eifersüchtiger die ganze Szene hin-
3649 2033 4037 2252 durch.
3646 2208 5179 2392 Medardis unter den Studenten.
3665 2357 4533 2532 Plank/zu Etzelt:
3668 2551 5488 2726 Sie marschieren wohl nicht mit uns?
3662 2644 6219 2828 Etzelt: Leideb.Sie sehen wohl, dass ich nicht eben
3674 2749 5395 2917 aus Bequemlichkelt daheim bleibe.
3665 3006 6105 3245 Medardus im Mittelpunkt, Marie und Rosa zu ihm
3681 3194 3910 3382 hin.
3678 3318 5052 3573 Wieder wird Wein gebracht.
3687 3563 6118 3760 Medardus: Meine Schwester hat sich verlobt mit
3703 3741 4896 3891 einem Herrn von Valols.
