<?xml version="1.0" encoding="UTF-8" standalone="yes"?>
<PcGts xmlns="http://schema.primaresearch.org/PAGE/gts/pagecontent/2013-07-15" xmlns:xsi="http://www.w3.org/2001/XMLSchema-instance" xsi:schemaLocation="http://schema.primaresearch.org/PAGE/gts/pagecontent/2013-07-15 http://schema.primaresearch.org/PAGE/gts/pagecontent/2013-07-15/pagecontent.xsd">
    <Metadata>
        <Creator>prov=READ-COOP:name=TrHtr:version=2.1.0:model_id=51170:date=25_07_2023_12:06</Creator>
        <Created>2023-05-10T11:18:40.051+02:00</Created>
        <LastChange>2023-07-25T12:06:57.974+02:00</LastChange>
        <TranskribusMetadata docId="1428143" pageId="55385789" pageNr="74" tsid="130615241" status="IN_PROGRESS" userId="64420" imgUrl="https://files.transkribus.eu/Get?id=QBNKPJYIIFEWWTFCMTAZTGPI&amp;fileType=view" xmlUrl="https://files.transkribus.eu/Get?id=QZLOSVVSRVXLOPBNOGZSXJWJ" imageId="44660688"/>
    </Metadata>
    <Page imageFilename="1428143_0074.jpg" imageWidth="6712" imageHeight="4360">
        <ReadingOrder>
            <OrderedGroup id="ro_1711822413533" caption="Regions reading order">
                <RegionRefIndexed index="0" regionRef="tr_1"/>
            </OrderedGroup>
        </ReadingOrder>
        <TextRegion id="tr_1" custom="readingOrder {index:0;}">
            <Coords points="3941,397 6277,397 6277,3623 3941,3623"/>
            <TextLine id="tr_1_tl_1" custom="readingOrder {index:0;}">
                <Coords points="6022,468 6054,462 6062,468 6083,456 6100,471 6112,462 6126,468 6150,445 6155,450 6179,445 6179,314 6164,314 6153,326 6109,317 6071,326 6048,311 6036,323 6022,323"/>
                <Baseline points="6038,453 6127,447 6187,453"/>
                <TextEquiv>
                    <Unicode>65</Unicode>
                </TextEquiv>
            </TextLine>
            <TextLine id="tr_1_tl_2" custom="readingOrder {index:1;}">
                <Coords points="3932,689 4188,628 4461,674 4848,616 5223,671 5223,512 4592,561 4444,506 3932,561"/>
                <Baseline points="3947,621 4037,621 4127,615 4216,615 4306,615 4395,615 4485,615 4575,615 4664,615 4754,615 4843,615 4933,615 5022,615 5112,621 5202,627 5226,627"/>
                <TextEquiv>
                    <Unicode>An der Strassenkreuzung.</Unicode>
                </TextEquiv>
            </TextLine>
            <TextLine id="tr_1_tl_3" custom="readingOrder {index:2;}">
                <Coords points="3938,799 4214,779 4290,822 4705,773 4935,805 4961,645 4717,654 4659,689 4348,648 4220,715 3938,677"/>
                <Baseline points="3953,764 4043,770 4133,770 4222,770 4312,770 4401,764 4491,770 4580,764 4670,764 4760,764 4849,764 4939,770 4969,770"/>
                <TextEquiv>
                    <Unicode>Etzelt hin und her.</Unicode>
                </TextEquiv>
            </TextLine>
            <TextLine id="tr_1_tl_4" custom="readingOrder {index:3;}">
                <Coords points="3926,950 5563,918 6150,985 6100,793 4208,863 3926,796"/>
                <Baseline points="3941,925 4007,919 4097,919 4186,925 4276,919 4365,919 4455,919 4545,919 4634,919 4724,919 4813,913 4903,919 4993,913 5082,919 5172,913 5261,913 5351,907 5441,907 5530,913 5620,913 5709,913 5799,913 5888,907 5978,907 6068,907 6157,901"/>
                <TextEquiv>
                    <Unicode>Ein Landmann kommt mit seiner Frau,schiebt</Unicode>
                </TextEquiv>
            </TextLine>
            <TextLine id="tr_1_tl_5" custom="readingOrder {index:4;}">
                <Coords points="3938,1122 6048,1075 5998,962 5734,1026 5115,930 4223,1008 3938,956"/>
                <Baseline points="3953,1075 3995,1075 4085,1075 4174,1075 4264,1075 4354,1075 4443,1075 4533,1069 4622,1069 4712,1069 4801,1069 4891,1075 4981,1069 5070,1069 5160,1069 5249,1069 5339,1063 5429,1069 5518,1069 5608,1069 5697,1069 5787,1069 5877,1063 5966,1063 6056,1069"/>
                <TextEquiv>
                    <Unicode>einen Karren mit Hausgerät u.s.w., fragt</Unicode>
                </TextEquiv>
            </TextLine>
            <TextLine id="tr_1_tl_6" custom="readingOrder {index:5;}">
                <Coords points="3926,1229 4432,1299 4537,1258 4731,1299 4952,1229 5565,1235 5565,1160 5484,1125 5307,1151 5010,1078 4766,1151 3926,1139"/>
                <Baseline points="3941,1224 3959,1224 4049,1224 4139,1224 4228,1224 4318,1224 4407,1224 4497,1224 4586,1224 4676,1224 4766,1224 4855,1224 4945,1224 5034,1218 5124,1218 5214,1218 5303,1212 5393,1212 5482,1218 5572,1218"/>
                <TextEquiv>
                    <Unicode>Etzelt um den Weg in die Stadt.</Unicode>
                </TextEquiv>
            </TextLine>
            <TextLine id="tr_1_tl_7" custom="readingOrder {index:6;}">
                <Coords points="3926,1436 6028,1421 6240,1389 6243,1209 5621,1209 5333,1314 5185,1241 3926,1296"/>
                <Baseline points="3941,1373 4007,1379 4097,1385 4186,1379 4276,1379 4365,1379 4455,1379 4545,1373 4634,1373 4724,1373 4813,1373 4903,1373 4993,1373 5082,1367 5172,1367 5261,1367 5351,1367 5441,1367 5530,1367 5620,1367 5709,1367 5799,1367 5888,1367 5978,1367 6068,1367 6157,1361 6247,1349"/>
                <TextEquiv>
                    <Unicode>Es kommen noch zwei oder drei andere Flücht-</Unicode>
                </TextEquiv>
            </TextLine>
            <TextLine id="tr_1_tl_8" custom="readingOrder {index:7;}">
                <Coords points="3938,1590 4043,1625 4185,1546 4327,1596 4633,1532 4740,1590 4970,1532 5464,1561 5464,1459 5379,1442 3938,1453"/>
                <Baseline points="3953,1528 4043,1534 4133,1534 4222,1540 4312,1534 4401,1540 4491,1534 4580,1528 4670,1528 4760,1528 4849,1528 4939,1523 5028,1528 5118,1528 5208,1528 5297,1528 5387,1528 5470,1534"/>
                <TextEquiv>
                    <Unicode>linge. Etzelt erkundigt sich.</Unicode>
                </TextEquiv>
            </TextLine>
            <TextLine id="tr_1_tl_9" custom="readingOrder {index:8;}">
                <Coords points="3938,1764 6231,1758 6231,1628 3938,1697"/>
                <Baseline points="3953,1761 3995,1761 4085,1761 4174,1761 4264,1755 4354,1755 4443,1755 4533,1755 4622,1755 4712,1755 4801,1749 4891,1755 4981,1749 5070,1749 5160,1749 5249,1749 5339,1744 5429,1744 5518,1749 5608,1749 5697,1744 5787,1744 5877,1744 5966,1744 6056,1744 6145,1744 6235,1732"/>
                <TextEquiv>
                    <Unicode>Landmann: Die Franzosen stehen keine dreissig</Unicode>
                </TextEquiv>
            </TextLine>
            <TextLine id="tr_1_tl_10" custom="readingOrder {index:9;}">
                <Coords points="3938,1863 6269,1854 6196,1747 3938,1764"/>
                <Baseline points="3953,1833 4037,1833 4127,1833 4216,1833 4306,1833 4395,1827 4485,1827 4575,1827 4664,1827 4754,1827 4843,1833 4933,1833 5022,1833 5112,1833 5202,1833 5291,1827 5381,1827 5470,1821 5560,1821 5650,1827 5739,1821 5829,1815 5918,1815 6008,1821 6098,1821 6187,1821 6277,1821"/>
                <TextEquiv>
                    <Unicode>Meilen weit hinter uns. Ueberall wird gepackt</Unicode>
                </TextEquiv>
            </TextLine>
            <TextLine id="tr_1_tl_11" custom="readingOrder {index:10;}">
                <Coords points="3955,1927 5551,1941 6103,1912 6138,1840 3958,1863"/>
                <Baseline points="3971,1917 3995,1917 4085,1917 4174,1911 4264,1917 4354,1905 4443,1905 4533,1905 4622,1911 4712,1911 4801,1911 4891,1905 4981,1905 5070,1905 5160,1905 5249,1905 5339,1905 5429,1899 5518,1899 5608,1899 5697,1893 5787,1899 5877,1899 5966,1893 6056,1893 6145,1893"/>
                <TextEquiv>
                    <Unicode>und aufgeladen. Es ist doch sicherer in der</Unicode>
                </TextEquiv>
            </TextLine>
            <TextLine id="tr_1_tl_12" custom="readingOrder {index:11;}">
                <Coords points="3923,2101 5019,2034 5223,2122 5949,2113 6225,2058 6228,1869 3926,1927"/>
                <Baseline points="3941,2000 3995,2000 4085,1994 4174,2006 4264,2000 4354,1994 4443,1988 4533,1988 4622,1988 4712,1988 4801,1988 4891,1988 4981,1982 5070,1988 5160,1988 5249,1982 5339,1982 5429,1982 5518,1982 5608,1982 5697,1982 5787,1982 5877,1982 5966,1976 6056,1976 6145,1976 6235,1988"/>
                <TextEquiv>
                    <Unicode>Stadt.Ihr habts Mauern,Kanonen und Soldaten.</Unicode>
                </TextEquiv>
            </TextLine>
            <TextLine id="tr_1_tl_13" custom="readingOrder {index:12;}">
                <Coords points="3932,2389 4673,2415 4990,2310 5536,2369 5935,2319 5935,2226 5746,2133 4641,2220 3932,2165"/>
                <Baseline points="3947,2305 3971,2299 4061,2299 4150,2299 4240,2305 4330,2299 4419,2299 4509,2299 4598,2299 4688,2293 4778,2299 4867,2299 4957,2293 5046,2293 5136,2293 5226,2293 5315,2293 5405,2293 5494,2293 5584,2299 5673,2293 5763,2293 5853,2293 5942,2299"/>
                <TextEquiv>
                    <Unicode>Die Flüchtlinge setzen ihren Weg fort.</Unicode>
                </TextEquiv>
            </TextLine>
            <TextLine id="tr_1_tl_14" custom="readingOrder {index:13;}">
                <Coords points="3938,2636 4261,2613 4301,2650 4609,2633 4720,2680 4941,2610 5156,2645 5156,2499 5092,2485 4967,2505 4766,2441 4397,2523 4168,2438 3938,2456"/>
                <Baseline points="3953,2616 3995,2616 4085,2610 4174,2610 4264,2610 4354,2610 4443,2610 4533,2604 4622,2604 4712,2604 4801,2604 4891,2604 4981,2604 5070,2604 5160,2604"/>
                <TextEquiv>
                    <Unicode>Im herzoglichen Garten.</Unicode>
                </TextEquiv>
            </TextLine>
            <TextLine id="tr_1_tl_15" custom="readingOrder {index:14;}">
                <Coords points="3932,2767 5946,2778 6103,2767 6103,2680 5397,2616 5138,2682 3932,2688"/>
                <Baseline points="3947,2759 3959,2759 4049,2759 4139,2759 4228,2759 4318,2759 4407,2753 4497,2753 4586,2753 4676,2753 4766,2753 4855,2753 4945,2753 5034,2753 5124,2753 5214,2753 5303,2753 5393,2753 5482,2753 5572,2747 5662,2753 5751,2753 5841,2753 5930,2747 6020,2747 6109,2741"/>
                <TextEquiv>
                    <Unicode>Nerina geleitet Medardus zur Gartenpforte</Unicode>
                </TextEquiv>
            </TextLine>
            <TextLine id="tr_1_tl_16" custom="readingOrder {index:15;}">
                <Coords points="3932,2892 4046,2886 4159,2941 4255,2900 4665,2892 4740,2842 4949,2915 4949,2781 4865,2761 4699,2796 4586,2758 4173,2790 3932,2764"/>
                <Baseline points="3947,2842 3971,2836 4061,2842 4150,2842 4240,2842 4330,2842 4419,2836 4509,2836 4598,2831 4688,2836 4778,2836 4867,2836 4957,2836"/>
                <TextEquiv>
                    <Unicode>und sperrt sie auf.</Unicode>
                </TextEquiv>
            </TextLine>
            <TextLine id="tr_1_tl_17" custom="readingOrder {index:16;}">
                <Coords points="3926,3020 4313,3072 4569,2993 5844,3031 5847,2918 4554,2880 4147,2941 3929,2892"/>
                <Baseline points="3941,2992 3971,2992 4061,2992 4150,2992 4240,2992 4330,2992 4419,2992 4509,2992 4598,2992 4688,2986 4778,2986 4867,2992 4957,2992 5046,2986 5136,2986 5226,2986 5315,2986 5405,2980 5494,2986 5584,2980 5673,2980 5763,2980 5853,2980"/>
                <TextEquiv>
                    <Unicode>Medardus tritt aus der Gartempforte.</Unicode>
                </TextEquiv>
            </TextLine>
            <TextLine id="tr_1_tl_18" custom="readingOrder {index:17;}">
                <Coords points="3926,3179 5519,3229 5720,3142 6164,3165 6167,3025 3929,3066"/>
                <Baseline points="3941,3147 4025,3147 4115,3147 4204,3147 4294,3147 4383,3147 4473,3147 4563,3147 4652,3141 4742,3147 4831,3141 4921,3141 5011,3141 5100,3141 5190,3141 5279,3141 5369,3141 5458,3141 5548,3141 5638,3141 5727,3135 5817,3135 5906,3135 5996,3135 6086,3129 6175,3135"/>
                <TextEquiv>
                    <Unicode>Etzelt, der auf der Bank gesessen, tritt ihm</Unicode>
                </TextEquiv>
            </TextLine>
            <TextLine id="tr_1_tl_19" custom="readingOrder {index:18;}">
                <Coords points="3938,3383 4124,3342 4185,3371 4263,3319 4327,3307 4444,3322 4444,3197 4397,3177 4333,3182 4232,3217 4089,3194 4002,3246 3938,3246"/>
                <Baseline points="3953,3302 4043,3302 4133,3302 4222,3296 4312,3296 4401,3308 4449,3302"/>
                <TextEquiv>
                    <Unicode>entgegen.</Unicode>
                </TextEquiv>
            </TextLine>
            <TextLine id="tr_1_tl_20" custom="readingOrder {index:19;}">
                <Coords points="3932,3531 4330,3470 4699,3522 4999,3453 5522,3540 5522,3307 5310,3371 5127,3316 5019,3365 4447,3319 3932,3383"/>
                <Baseline points="3947,3452 4037,3452 4127,3452 4216,3452 4306,3452 4395,3452 4485,3452 4575,3452 4664,3452 4754,3446 4843,3446 4933,3452 5022,3446 5112,3446 5202,3446 5291,3446 5381,3446 5470,3446 5530,3452"/>
                <TextEquiv>
                    <Unicode>Medardus ist zuerst befremdet.</Unicode>
                </TextEquiv>
            </TextLine>
            <TextLine id="tr_1_tl_21" custom="readingOrder {index:20;}">
                <Coords points="3932,3639 4144,3644 4345,3726 4557,3662 5266,3668 5374,3630 5377,3517 4996,3554 4778,3482 4528,3554 4237,3511 3932,3546"/>
                <Baseline points="3947,3607 4037,3613 4127,3613 4216,3613 4306,3613 4395,3613 4485,3613 4575,3607 4664,3607 4754,3607 4843,3607 4933,3607 5022,3607 5112,3601 5202,3601 5291,3601 5381,3595"/>
                <TextEquiv>
                    <Unicode>Etzelt fragend und mahnend.</Unicode>
                </TextEquiv>
            </TextLine>
        </TextRegion>
    </Page>
</PcGts>
