6616 4376
3838 608 6107 799 Etzelt wendet sich von ihm ab. (Er will sich
3847 769 5667 979 sein Bild nicht zerstören lassen).
3856 886 6098 1168 Medardus besinnt sich allmählich. Seine Be-
3850 1054 6179 1263 wegung äussert sich (sinkt auf die Bank,rich-
3868 1203 5853 1443 tet sich wieds auf. (Etzelt,hilf mir!)
3877 1473 6143 1656 Etzelt: Bonaparte ist auf dem Wee nach Wien.
3874 1572 5074 1796 Denke an delhen Schwur.
3856 1727 6125 1979 Medardus fasst es noch nicht ganz,schüttelt
3880 1934 5200 2147 dem Kopf, geht mit Etzelt.
3874 2087 6200 2317 Wieder Leute mit Waffen aus dem Zeughaus vor-
3877 2284 4119 2470 bei.
3883 2416 6194 2629 Aus der Gartempforte treten zwei Lakaien des
3877 2596 6218 2820 Herzogs, schauen den Leuten verächtliche nach.
3907 2763 5059 2973 Merina tritt zu ihnen.
3901 2844 6245 3105 Die Lakaien äussern sich über die verdächtigen
3907 3078 6311 3257 Leute. (Gestern hat wieder ein Strolch versucht
3913 3212 5703 3443 sich in den Garten zu schleichen).
3931 3473 6173 3622 Nerina: Die Prinzesin wünscht dass von heut
3976 3551 6215 3697 gab bei Bintritt der Dunkelheit die Hunde los
3922 3682 4568 3877 sein sollen.
3925 3841 5497 4066 Wieder Leute mit Waffen vorbei.
