6728 4344
3761 559 6131 822 Helen und Nerina herbalkommend, zuerst Schwei-
3779 723 6140 970 gen, Nerina beginnt zu weinen.Helene sieht sie
3782 896 5024 1168 ernst aber lächelnd an.
3801 1054 6087 1344 Helen e: Er war nicht für diese Welt geschaf-
3810 1264 5139 1489 fen,drum verliess er sie.
3791 1526 6115 1771 Helene legt die mitgebrachten Blumen auf das
3813 1727 4107 1910 Grab.
3801 1786 6195 1993 Medardus hat sie schon längere Zeit ungesehen
3825 1953 6041 2163 beobachtet.Jetzt erhebt er sich plötzlich.
3810 2098 6199 2327 Helene tritt einen Schritt zurück.Medardus ge
3822 2284 4950 2509 bieterische Bewegung.
3841 2525 6214 2781 Medardus: Auch meine Schwester ruht in diesem
3841 2701 6103 2926 Grab. Die Blumen Tort oder ich zertrete sie.
3844 2911 5862 3164 Helene zuerst unbeweglich, verächtlich.
3841 3096 6325 3316 Medardus neuerlich noch entschiedenere Bewegung,
3838 3238 6177 3541 Helene bückt sich und hebt die Blumen wieder
3862 3479 4119 3674 auf.
3850 3513 6291 3822 Der Marquis zwischen den Gräbern herbeieilend.
