6632 4360
5945 464 6114 701 73
3825 675 5431 879 dere Seite, gegen die Stadt zu.
3825 809 4911 999 Entsprechendes Bild.
3834 964 5434 1148 Fahnen auf einzelnen Gebäuden.
3843 1115 5887 1343 Eine Compagnie Deutschmeistergrenadiere
3825 1294 5011 1489 zieht über die Bastei.
3831 1402 5986 1594 Medardus kommt von links, trifft mit Jols-
3854 1594 6015 1805 dorf zusammen. Nimmt einen Befehl entgegen
3843 1767 4812 1892 und entfernt sich.
3837 1866 6056 2044 Die Leute wenden sich wieder alle nach der
3849 2062 6114 2251 andern Seite,blicken abwärts. Einige weisen
3854 2228 4342 2362 hinunter.
3843 2400 6179 2575 Der Adjutant St.Mars mit dem Trompeter reitet
3840 2567 5671 2800 über das leere Glacis den Partei in
3851 2774 5034 3002 Am Burgtor, Im Innern.
3866 2844 6141 3121 Wache. Eschenbacher und zwei andere Bürger
3854 3104 6199 3303 gardisten. Er wird aufmerksam. Offenbar begibt
4123 3241 4325 3340 etwa
3860 3265 5831 3469 sich auf der anderen Seite des Tores.
3860 3428 6126 3565 Einige Leute kommen von der Bastei herunter
3854 3565 6091 3773 zum Burgtor, erläutern dem Eschenbacher, was
3854 3738 4526 3945 die gesehen.
