6600 4248
3841 603 6141 807 Anwerbung der Studenten vor der Universität.
3838 867 6000 1116 Im Hause xx Klähr. Agathe und Anna.
3826 1071 5566 1271 Francois als Besucher des Hauses.
3823 1325 6234 1523 Im Schlösschen des Herzogs. Herzog und Herzogin
4030 1493 4441 1601 stelve..
1167 1487 1574 1691 a ee ae
4219 1490 5269 1658 (Hieramt des harpeis.-
3850 1538 6177 1916 Wie komtt's, dass mein Sohn so selten zuhause
3853 1796 4096 2084 ist?
3856 1991 6090 2261 Helene: Es hat keine Gefahr, nur ein Bürger-
3841 2177 6249 2432 mädchen. Ein Prinz von Valois weiss, was er sich
3862 2366 4564 2591 schuldig ist.
3874 2570 5353 2792 François nach Hause kommend.
3856 2750 6213 2933 Eine Zusammenkunft Francois und Agathe an an-
3862 2852 6225 3107 derer Stelle. (Waldschenke?) (Auf der Höhe ei-
3877 3050 4465 3275 nes Bergs).
3847 3161 5611 3410 Heruntereilen über einen Bergweg.
3862 3332 6198 3530 Francois Agathe nach Hause bringend. Vor der
3862 3482 6045 3781 Türe Begegnung mit Medardus. Verwunderung.
