6888 4456
6116 387 6348 607 133
4038 526 5535 726 Helene über die Treppe hinab.
4038 671 5503 865 Entfernung der andern Gäste.
4222 817 4638 936 erhelegen
4018 833 6168 1001 Ehrfürchtiges Verhalten gegenüber Helene.
4018 1023 6503 1155 Helene und Nerina vor dem Tor in den Wagen stei-
4038 1123 4983 1343 gend, davonfahrend.
4028 1385 4890 1517 Am nächsten Tag.
4038 1601 6633 1817 Der „närrrische“ Herzog von Valois ist
4031 1772 6245 1895 wirklich wahnsinnig geworden und erwartet
4021 1956 6336 2133 seine Berufung auf den Thron von Frahkesich.
4028 2230 5254 2408 Im herzoglichen Garten.
4031 2359 6426 2546 Herzog hin und her gehend, die Herzogin und As-
4028 2530 5093 2727 salagny im Gespräch.
4025 2689 5871 2863 Herzog scheint stolz und glücklich.
4044 2811 6184 2982 Helene kommt,küsst ihrem Vater die Hand.
4038 2992 6526 3192 Herzog und Herzogin entfernen sich,Helene bleibt
4018 3147 6342 3286 mit Assalagny allein. Das Wesen ihres Vaters
4031 3250 6284 3515 ist ihr aufgefallen,Assalagny gibt ihr Auf-
4038 3460 4535 3644 schlüsse.
