6648 4360
5977 366 6158 566 17
3708 525 4952 751 Eschenbacher tritt ein.
3714 675 6273 859 Begrüssung Agathe-Anna.Anna weist auf das Spinett
3708 815 6133 1006 Eschenbacher setzt sich an das Spinett, schlägt
3714 1009 5257 1267 Tasten an,schüttelt den Kopf.
3730 1206 6129 1407 Eschenbacher: Es ist verstimmt, hat wohl schon
3730 1381 5789 1664 lang kein junger Prinz darauf gespielt?
3727 1591 6149 1782 Verlegenheit Agathans, Lächeln Eschenbachers, er
3739 1779 6244 1938 streicht ihr übers Haar.Sie treten alle ans Fen-
3736 1970 4016 2110 ster.
3743 2040 6219 2285 Strassenbild.Vorbeiziehende Truppen.Bürger, etc.
3739 2342 4491 2533 Im Haus Klähr.
3762 2349 6053 2632 Frau Klähr tritt zu den Vorigen. mit allerlei
3743 2587 6094 2867 Päckchen. Begrüssung.Frau-Klähr weist vor,mas
3746 2817 4446 3017 sie gebracht.
3746 2941 6104 3144 Das Stubenmädchen deckt indes den Tisch.Agathe
3749 3103 4758 3313 ist ihr behilflich.
3752 3262 6126 3475 Agathens Zerstreutheit, sie sieht oft zur Tür.
3755 3469 5674 3663 Wo Eschenbacher: Wo bleibt Medardus?
3759 3644 6133 3867 Frau Klähr: Wir werden noch froh sein müssen,
