6872 4456
6048 436 6272 621 139
4001 647 6328 760 Liebe Frau Marquise. Ich freue mich Ihnen mit-
4020 744 6298 838 teilen zu können, dass gegen die Heimkehr des
4020 822 6263 952 Herzogs von Valois und seiner Gemahlin nach
4027 900 6357 1037 Frankreich keine politischen Cründe mehr vor-
4020 959 6253 1066 liegen. Sie aber, liebe Frau Marquise, werden
4020 1040 6312 1154 Wien, wie ich hoffe, vorläufig nicht verlassen
4027 1128 6419 1251 um mir Gelegenheit geben Sie heute um zwei Ühr
4014 1193 6364 1346 Nachmittags in Schönbrunn zur Truppenrevue zu
4020 1277 4537 1446 begrüssen.
4001 1417 5528 1658 Helene in stärkster Bewegung.
4014 1632 5934 1752 Sie vergisst die Anwesenheit Rustans.
4001 1791 6302 1960 Sie beherrscht sich wieder, nickt Rustan eine
4020 1927 4651 2096 Bejahung zu.
4014 2074 5476 2246 Pustan entfernt sich wieder.
4027 2239 6237 2441 (Dies könnte auch im Garten vor sich gehen.)
3998 2415 6208 2554 Nun erst begibt sie sich in ihr Zimmer und
4007 2532 6256 2688 überlegt weiter. Endlich kommt sie zu einem
4001 2714 5220 2870 Entschluss und schreibt.
4007 2922 6445 3110 Wenn Ihr mich nicht wiedersehen solltet,so wer-
4007 3094 6523 3208 det Ihr mir verzeihen, denn wird auch ein
4014 3192 6627 3322 Anderen, den grosse Feind unseres Hauses, sein xxx
4014 3286 5749 3409 Dasein vollendet haben. Helene.
3809 3338 5158 3461 dienler Schicksal neill Leben¬
4007 3487 6354 3672 Sie nimmt den Brief und tut ihn in einen Um-
4020 3591 5450 3806 schlag.Sie schreibt darauf:
