6472 4216
4265 567 5264 704 Der junge Medardus.
4061 792 5480 929 Aenderungen zu den Titeln.
3595 1008 6007 1170 21. Vergiss nie, dass wir noch mehr Grund haben
3814 1106 5962 1249 Νapoloon zu hassen, als unser Vaterland zu
3823 1237 4219 1325 lieben.
3649 1331 6025 1468 25. „Schweige. Deine Liebe zu dem jungen Prinzen
3829 1410 5958 1551 von Valois hat dich schwach gemacht. Auch
3835 1474 6096 1633 er ist ein Franzose, wenngleich er aus seinem
3847 1590 5026 1715 Naterland verbannt ist.
3662 1715 6111 1858 26. Die Valois hassen Napoleoij mehr als wir. Sie
3887 1803 5937 1937 sehen in ihm den Usurpator, der ihnenden
3905 1919 4579 2026 Thron raubte.
3674 2026 5986 2166 32. "Warum schmeichelst du dem Wahne unseres
3905 2114 5989 2251 armen Vaters? Sein Königstraum kann doch
3905 2178 6092 2330 niemals Wirklichkeit werden. NapoleonMacht
3896 2294 4953 2388 ist nicht zu beugen."
3686 2416 6001 2550 33. Stille. Dein Gefühl ist allzu übürgerlich
3908 2480 6047 2662 geworden, seit du dich in diese Buchhänd-
3917 2580 5264 2711 1 erstochter verliebt hast.
3908 2717 6108 2860 Noch heute bitte ich meinen Vater in unse
3701 2778 3860 2876 37
3917 2766 6144 2934 re Vermählung zu willigen. Vertraue mir und
3911 2915 4649 3022 unserer Liebe.
3710 3028 6068 3165 40. Hab keine Angst, Medardus, das kann ich dir
3921 3116 6025 3247 schwören, nie bring ich Schande über Euch
3924 3235 4408 3336 und mich.
3948 3339 6120 3488 „Du willst dein grosses Vaterland um seine
3716 3397 3884 3503 41.
3939 3418 6126 3567 Hoffnungen betrügen, du Ludwig XIV. letzter
3948 3506 5992 3677 Spross. Geh von mir, du bist kein wahrer
3936 3640 4423 3716 Franzose.
