6840 4360
6089 398 6298 610 100
3968 540 6252 784 an, dass er allerlei wisse..Er entfernt sich
3962 744 4421 921 endlich.
3960 1011 6071 1223 Medardus und Nerina an der Gartenpforte.
3974 1177 6278 1409 Nerina sperrt auf, führt Medardus den bekann-
3980 1336 5784 1551 ten Weg ins Zimmer der Prinzessin.
3980 1606 4843 1833 Zimmer Helenens
3974 1827 5894 2016 Helene sich über den Balkon beugend.
3991 1967 6185 2132 Sie hört, dass er kommt. Ins Zimmer zurück.
3968 2095 6223 2295 Die Türe öffnet sich,Medardus tritt ein,zu-
3986 2292 6315 2414 erst ablehnend, wirft ihr den Brief, den sie ge
3989 2391 6327 2571 schrieben, vor die Füsse. Sie auf ihn zu,wirft
3991 2559 5168 2768 sich ihm an die Brust.
