6712 4360
6017 447 6195 594 47
3820 640 4212 851 Nerina.
3805 760 4982 947 Nerina zuerst zögernd.
3805 902 5827 1129 Helene gebietet ihr nochmals zu geben.
3829 1104 4460 1285 Norina geht.
3817 1231 6053 1460 Helme tritt in den Saal unter die Uebrigen.
3835 1439 4415 1669 Haus Klähr.
3769 1593 5235 1807 Frau Klähr und Anna Berger.
3823 1762 6237 1973 Ahna vor dem Nähkörschen Agathens, lässt Einzel-
3829 1916 5993 2133 nes durch ihre Finger gleiten; angefangene
3787 2073 5416 2254 stickerei, Fingerhut, Wolle etc.
3820 2176 6159 2384 Frau Berger war im Anfang da, hat noch einmal
3829 2351 6249 2520 ihr Beileid ausgesprochen,wurde von Frau Klähr
3832 2520 4650 2734 hinausgeleitet.
3832 2664 6044 2906 Anna möchte ein Andenken von Agathe haben.
3850 2830 5389 3039 Frau Klähr den Tisch deckend.
3835 2996 6159 3217 Eschenbacher kommt, in Uniform, xxx frägt
3853 3174 4611 3395 nach Medardus.
3853 3322 6282 3648 Escheubacher: Medardus ist der Miliz als Offi-
3856 3506 4650 3715 zier zugeteilt.
