6840 4456
5960 419 6200 659 104
3779 627 6258 838 Νapoleon lässt sich auf einem Floss auf die In-
3799 806 4921 1017 sel Lobau übersetzen.
3799 1090 4927 1279 Kleine Gefechtsszene.
3805 1170 5813 1445 Jäger aus dem Schüttkasten schiessend.
3805 1378 5391 1589 Eine vorbeiziehende Compagnie.
3799 1685 4624 1899 Zelt Napoleons.
3802 1778 6334 2040 Rustan bei ihm. Daspricht mit dem General Rapp.
3821 1995 6277 2168 Ein Offizier kommt mit einer Meldung.Es scheint
3821 2133 6321 2318 schlecht zu stehen. Napoleon tritt vor das Zelt,
3827 2331 5976 2478 schwingt sich auf ein Pferd,reitet davon.
3847 2532 6363 2711 Die Wiener beobachten von Dächern aus den Verlauf
3847 2683 4508 2801 der Schlacht.
3824 2887 5055 3076 Plattform eines Daches.
3834 2990 6299 3201 Wiener Bürger, darunter Berger. Einige mit Feld-
3827 3172 4835 3380 stechern. Erregung.
3827 3351 5266 3575 Strassen der inneren Stadt.
3818 3540 6385 3722 Aufgezegte Leute. Eschenbacher und Tell begegnen
