6648 4360
6045 440 6217 584 18
3710 593 6217 826 wenn er zur Nacht bei uns speist. Sie haben noch
3732 788 4900 1005 ein Gelage irgendwo. x
3720 1050 6131 1250 Strasse. Medardus mit Studenten,verabschiedet
3739 1190 6303 1388 sich von ihnen. Wie er ins Thor tritt, gesellt sich
3726 1356 6284 1621 Etzelt zu ihm.Begrüssung..
3732 1640 4539 1796 Im Hause Klähr.
3732 1697 5343 1917 Medardus mit Etzelt tritt ein.
3729 1911 6029 2077 Begrüssung,er erzählt von der Parade u.s.w.
3726 2080 4823 2217 Das Bild des Vaters.
3748 2348 5902 2638 Medardus: Ich habe einen Vater zu rächen.
3745 2635 5618 2855 Er tut ein Gelübde. - Beutigung
3745 2763 6093 3024 Eschenbacher gibt ihm ein Päckchen Tabak.Man
3745 3005 6287 3145 setzt sich zu Tische. Das Essen wird aufgetragen.
4444 3120 6163 3324 dre Fils kâlenenkandte Wachstibe
3745 3289 5659 3483 Beim Delikatessenhändler Wachshuber.
3758 3410 6201 3611 Wachshuber bedient seine Kunden,galant mit den
4153 3579 4571 3684 terpoldue.
3755 3595 5369 3828 Mädchen, schneidet Wurst u.s.w.
