6835 4376
6146 509 6365 689 123
4048 665 6344 859 Frau Klähr will auf Eschenbacher zu,wird zu-
4042 817 4751 985 rückgehalten.
4036 976 5356 1150 Eschenbacher grüsst alle.
4030 1135 6038 1314 Medardus tritt am nächsten zu ihm hin.
4036 1335 6296 1557 Eschenbacher: Ghüss Gott, Medardus, werd kein
4051 1470 4320 1578 Mann!
4042 1691 6350 1808 Leutnant gibt den Befehl zum Weitermarschie-
4036 1841 6293 1952 ren. Der Zug setzt sich in Bewegung. Einige
4036 1973 6443 2123 folgen scheu nach. Daunter Wachshuber, der sich
4024 2105 5131 2299 am eine Mauer drückt
4036 2242 6356 2431 Etzelt, Medardus und Frau Kl-ähr bleiben bei-
4036 2422 4799 2578 sammen stehen.
4036 2569 6263 2721 Weiterschreiten des Zuges bis an die Mauer
4024 2721 5149 2904 des Jesuitenklosters
4042 2865 6188 3093 So könnte die ganze Szene in der Nähe des
4033 3039 4889 3203 vlosters spicken.
4024 3359 5458 3515 Erschiessung Eschenbachers.
4030 3485 5643 3673 Begnadigung der drei Gesellen.
4042 3646 6200 3811 Der Zug mit den drei begnadigten Gesellen
