<?xml version="1.0" encoding="UTF-8" standalone="yes"?>
<PcGts xmlns="http://schema.primaresearch.org/PAGE/gts/pagecontent/2013-07-15" xmlns:xsi="http://www.w3.org/2001/XMLSchema-instance" xsi:schemaLocation="http://schema.primaresearch.org/PAGE/gts/pagecontent/2013-07-15 http://schema.primaresearch.org/PAGE/gts/pagecontent/2013-07-15/pagecontent.xsd">
    <Metadata>
        <Creator>prov=READ-COOP:name=TrHtr:version=2.1.0:model_id=51170:date=25_07_2023_12:07</Creator>
        <Created>2023-05-10T11:18:43.826+02:00</Created>
        <LastChange>2023-07-25T12:07:04.987+02:00</LastChange>
        <TranskribusMetadata docId="1428143" pageId="55385904" pageNr="95" tsid="130615305" status="IN_PROGRESS" userId="64420" imgUrl="https://files.transkribus.eu/Get?id=UNEIRQOKGGUFIKEAQKNLVKPU&amp;fileType=view" xmlUrl="https://files.transkribus.eu/Get?id=QNHAVEVFLDNFBHSENHWHDKWM" imageId="44660803"/>
    </Metadata>
    <Page imageFilename="1428143_0095.jpg" imageWidth="6712" imageHeight="4328">
        <ReadingOrder>
            <OrderedGroup id="ro_1711822451499" caption="Regions reading order">
                <RegionRefIndexed index="0" regionRef="tr_1"/>
            </OrderedGroup>
        </ReadingOrder>
        <TextRegion id="tr_1" custom="readingOrder {index:0;}">
            <Coords points="3868,523 6238,523 6238,3806 3868,3806"/>
            <TextLine id="tr_1_tl_1" custom="readingOrder {index:0;}">
                <Coords points="5923,617 5958,629 5964,623 5978,641 6025,623 6095,632 6110,459 6034,456 5996,480 5981,462 5937,454"/>
                <Baseline points="5945,585 6017,585 6106,573"/>
                <TextEquiv>
                    <Unicode>86</Unicode>
                </TextEquiv>
            </TextLine>
            <TextLine id="tr_1_tl_2" custom="readingOrder {index:1;}">
                <Coords points="3851,813 4536,872 5332,749 5999,790 6005,641 5197,685 5051,623 4591,714 4463,638 4354,714 3854,729"/>
                <Baseline points="3868,793 3945,793 4035,787 4125,787 4214,787 4304,782 4393,782 4483,776 4572,776 4662,776 4751,770 4841,764 4930,764 5020,764 5110,758 5199,752 5289,752 5378,746 5468,740 5557,734 5647,728 5736,728 5826,728 5915,722 6005,710"/>
                <TextEquiv>
                    <Unicode>Medardus sich entfernend, hinaus corhend</Unicode>
                </TextEquiv>
            </TextLine>
            <TextLine id="tr_1_tl_3" custom="readingOrder {index:2;}">
                <Coords points="3863,969 4237,1065 5771,966 5999,1051 6142,1021 6148,799 3980,895 3866,828"/>
                <Baseline points="3880,949 3916,949 4005,943 4095,943 4184,943 4274,937 4363,937 4453,937 4542,931 4632,931 4721,925 4811,925 4901,925 4990,919 5080,919 5169,919 5259,913 5348,907 5438,907 5527,907 5617,901 5706,901 5796,901 5886,895 5975,895 6065,889 6154,883"/>
                <TextEquiv>
                    <Unicode>Er tritt auf die strasse. Er schleicht sich</Unicode>
                </TextEquiv>
            </TextLine>
            <TextLine id="tr_1_tl_4" custom="readingOrder {index:3;}">
                <Coords points="3869,1209 3948,1203 3977,1182 4029,1211 4217,1197 4217,1051 4170,1053 4132,1027 4091,1024 4006,1036 3971,1007 3956,1018 3933,998 3869,992"/>
                <Baseline points="3886,1098 3975,1104 4065,1104 4154,1104 4220,1098"/>
                <TextEquiv>
                    <Unicode>davon.</Unicode>
                </TextEquiv>
            </TextLine>
            <TextLine id="tr_1_tl_5" custom="readingOrder {index:4;}">
                <Coords points="3880,1358 4085,1375 4217,1326 4398,1396 4580,1334 4846,1393 4983,1358 4969,1214 4752,1244 4457,1232 4386,1185 4237,1232 3886,1211"/>
                <Baseline points="3898,1331 3916,1331 4005,1331 4095,1331 4184,1325 4274,1325 4363,1325 4453,1319 4542,1319 4632,1313 4721,1307 4811,1307 4901,1307 4990,1307"/>
                <TextEquiv>
                    <Unicode>Im Garten, wie früher.</Unicode>
                </TextEquiv>
            </TextLine>
            <TextLine id="tr_1_tl_6" custom="readingOrder {index:5;}">
                <Coords points="3883,1522 6189,1466 6233,1329 4539,1416 3886,1352"/>
                <Baseline points="3898,1486 3910,1480 3999,1480 4089,1480 4178,1480 4268,1480 4357,1480 4447,1474 4536,1468 4626,1468 4716,1462 4805,1462 4895,1462 4984,1456 5074,1456 5163,1450 5253,1450 5342,1450 5432,1444 5521,1450 5611,1444 5701,1438 5790,1438 5880,1432 5969,1432 6059,1426 6148,1426 6238,1420"/>
                <TextEquiv>
                    <Unicode>Herzog fordert den Grafen Rapp auf zu vollen-</Unicode>
                </TextEquiv>
            </TextLine>
            <TextLine id="tr_1_tl_7" custom="readingOrder {index:6;}">
                <Coords points="3895,1683 3927,1683 3948,1665 3962,1665 4000,1677 4021,1674 4035,1688 4070,1659 4082,1671 4117,1665 4117,1586 4091,1592 4070,1571 4029,1574 4018,1586 4000,1571 3927,1577 3909,1560 3895,1560"/>
                <Baseline points="3910,1641 3999,1641 4089,1641 4125,1647"/>
                <TextEquiv>
                    <Unicode>den.</Unicode>
                </TextEquiv>
            </TextLine>
            <TextLine id="tr_1_tl_8" custom="readingOrder {index:7;}">
                <Coords points="3907,1811 6043,1773 6046,1650 5589,1586 5083,1706 4743,1633 4410,1729 3909,1732"/>
                <Baseline points="3922,1796 3987,1796 4077,1796 4166,1784 4256,1784 4345,1784 4435,1778 4524,1772 4614,1772 4704,1772 4793,1772 4883,1767 4972,1761 5062,1761 5151,1767 5241,1761 5330,1761 5420,1761 5509,1749 5599,1749 5689,1743 5778,1737 5868,1737 5957,1737 6047,1743"/>
                <TextEquiv>
                    <Unicode>Rapp: Seine Majestät hat mich beauftragt,</Unicode>
                </TextEquiv>
            </TextLine>
            <TextLine id="tr_1_tl_9" custom="readingOrder {index:8;}">
                <Coords points="3912,1885 5390,1890 5744,1811 5929,1844 5932,1770 3912,1811"/>
                <Baseline points="3928,1868 3969,1868 4059,1868 4148,1862 4238,1862 4328,1850 4417,1850 4507,1850 4596,1844 4686,1850 4775,1844 4865,1844 4954,1844 5044,1832 5133,1838 5223,1826 5312,1826 5402,1826 5492,1820 5581,1820 5671,1814 5760,1814 5850,1814 5939,1808"/>
                <TextEquiv>
                    <Unicode>Sie Alle seiner Gnade zu versichern und</Unicode>
                </TextEquiv>
            </TextLine>
            <TextLine id="tr_1_tl_10" custom="readingOrder {index:9;}">
                <Coords points="3915,1981 6230,1931 6233,1817 3918,1890"/>
                <Baseline points="3934,1934 4023,1940 4113,1940 4178,1940 4214,1934 4268,1928 4357,1928 4447,1922 4536,1928 4626,1922 4716,1922 4805,1922 4895,1922 4984,1916 5074,1910 5163,1916 5253,1910 5342,1904 5432,1904 5521,1904 5611,1904 5701,1898 5790,1904 5880,1898 5969,1898 6059,1892 6148,1886 6238,1886"/>
                <TextEquiv>
                    <Unicode>Sie für morgen zu der im Schlosse Schönbrunn</Unicode>
                </TextEquiv>
            </TextLine>
            <TextLine id="tr_1_tl_11" custom="readingOrder {index:10;}">
                <Coords points="3904,2060 4384,2148 4600,2072 5106,2048 5299,2095 5519,2040 5522,1911 3907,1981"/>
                <Baseline points="3922,2023 4005,2023 4095,2023 4184,2017 4274,2017 4363,2011 4453,2011 4542,2005 4632,2005 4721,2005 4811,1999 4901,1993 4990,1993 5080,1993 5169,1987 5259,1987 5348,1987 5438,1981 5527,1981"/>
                <TextEquiv>
                    <Unicode>stattfindenden Cour einzuladen.</Unicode>
                </TextEquiv>
            </TextLine>
            <TextLine id="tr_1_tl_12" custom="readingOrder {index:11;}">
                <Coords points="3907,2326 4056,2271 4258,2323 4521,2259 4676,2294 4817,2244 4852,2277 4919,2239 5118,2262 5124,2104 4702,2174 4632,2119 4518,2151 4448,2113 4249,2203 4032,2192 3909,2119"/>
                <Baseline points="3922,2256 3957,2256 4047,2256 4136,2250 4226,2250 4316,2250 4405,2244 4495,2238 4584,2238 4674,2232 4763,2232 4853,2232 4942,2232 5032,2232 5121,2232"/>
                <TextEquiv>
                    <Unicode>Entsprechende Bewegung.</Unicode>
                </TextEquiv>
            </TextLine>
            <TextLine id="tr_1_tl_13" custom="readingOrder {index:12;}">
                <Coords points="3909,2496 5203,2382 6025,2438 6183,2391 6186,2271 5926,2195 5642,2315 5387,2230 5016,2329 3915,2335"/>
                <Baseline points="3928,2411 3951,2411 4041,2411 4131,2405 4220,2399 4310,2399 4399,2399 4489,2393 4578,2393 4668,2387 4757,2387 4847,2381 4936,2381 5026,2375 5115,2375 5205,2369 5295,2369 5384,2369 5474,2363 5563,2363 5653,2363 5742,2363 5832,2358 5921,2358 6011,2352 6100,2340 6190,2328"/>
                <TextEquiv>
                    <Unicode>Rapp weist durch eine Handbewegung jede Er-</Unicode>
                </TextEquiv>
            </TextLine>
            <TextLine id="tr_1_tl_14" custom="readingOrder {index:13;}">
                <Coords points="3904,2645 4688,2555 5888,2563 6043,2505 6043,2426 3907,2490"/>
                <Baseline points="3922,2555 3987,2560 4077,2560 4166,2555 4256,2555 4345,2549 4435,2549 4524,2549 4614,2543 4704,2549 4793,2537 4883,2537 4972,2531 5062,2531 5151,2531 5241,2525 5330,2519 5420,2519 5509,2519 5599,2513 5689,2513 5778,2507 5868,2507 5957,2501 6047,2501"/>
                <TextEquiv>
                    <Unicode>widerung zurück. Er gibt dann einen Wink</Unicode>
                </TextEquiv>
            </TextLine>
            <TextLine id="tr_1_tl_15" custom="readingOrder {index:14;}">
                <Coords points="3918,2736 4855,2695 5215,2757 5768,2672 6136,2730 6180,2584 3921,2639"/>
                <Baseline points="3934,2722 3945,2716 4035,2716 4125,2704 4214,2710 4304,2704 4393,2704 4483,2698 4572,2698 4662,2692 4751,2692 4841,2692 4930,2686 5020,2686 5110,2680 5199,2680 5289,2674 5378,2674 5468,2674 5557,2668 5647,2668 5736,2662 5826,2668 5915,2662 6005,2662 6095,2656 6184,2650"/>
                <TextEquiv>
                    <Unicode>und ein Diener, der ihn begleitet hat,bringt</Unicode>
                </TextEquiv>
            </TextLine>
            <TextLine id="tr_1_tl_16" custom="readingOrder {index:15;}">
                <Coords points="3918,2909 6230,2865 6233,2730 3921,2792"/>
                <Baseline points="3934,2871 3999,2871 4089,2865 4178,2865 4268,2859 4357,2853 4447,2853 4536,2853 4626,2847 4716,2847 4805,2847 4895,2847 4984,2841 5074,2835 5163,2835 5253,2835 5342,2829 5432,2829 5521,2823 5611,2823 5701,2823 5790,2817 5880,2817 5969,2811 6059,2811 6148,2805 6238,2793"/>
                <TextEquiv>
                    <Unicode>den Schmuck, den xx General Rapp der Prinzes-</Unicode>
                </TextEquiv>
            </TextLine>
            <TextLine id="tr_1_tl_17" custom="readingOrder {index:16;}">
                <Coords points="3918,3040 5086,3052 5089,2915 4749,2944 4641,2885 4468,2956 4041,2932 3921,2967"/>
                <Baseline points="3934,3020 4017,3026 4107,3020 4196,3014 4286,3014 4375,3014 4465,3008 4554,3008 4644,3002 4733,3002 4823,2996 4913,2996 5002,2996 5092,2996"/>
                <TextEquiv>
                    <Unicode>sin Helene überreicht.</Unicode>
                </TextEquiv>
            </TextLine>
            <TextLine id="tr_1_tl_18" custom="readingOrder {index:17;}">
                <Coords points="3909,3213 4948,3169 5425,3239 5610,3143 5750,3210 6154,3146 6157,3005 3912,3099"/>
                <Baseline points="3928,3175 4011,3175 4101,3169 4190,3169 4280,3163 4369,3169 4459,3163 4548,3163 4638,3157 4727,3157 4817,3157 4907,3157 4996,3151 5086,3146 5175,3146 5265,3140 5354,3140 5444,3134 5533,3134 5623,3134 5712,3128 5802,3128 5892,3128 5981,3128 6071,3134 6160,3128"/>
                <TextEquiv>
                    <Unicode>Helene nimmt ihn nicht selbst im Empfang,</Unicode>
                </TextEquiv>
            </TextLine>
            <TextLine id="tr_1_tl_19" custom="readingOrder {index:18;}">
                <Coords points="3921,3371 4082,3345 4217,3392 4290,3353 4463,3383 4547,3351 4688,3392 4901,3339 4901,3225 4717,3248 4577,3178 4436,3193 4296,3263 4129,3193 3924,3260"/>
                <Baseline points="3939,3325 4011,3331 4101,3325 4190,3325 4280,3319 4369,3325 4459,3319 4548,3319 4638,3319 4727,3313 4817,3319 4907,3319"/>
                <TextEquiv>
                    <Unicode>sondern Assalagny.</Unicode>
                </TextEquiv>
            </TextLine>
            <TextLine id="tr_1_tl_20" custom="readingOrder {index:19;}">
                <Coords points="3930,3523 5712,3479 5733,3368 5220,3318 4866,3400 3933,3392"/>
                <Baseline points="3945,3486 4035,3486 4125,3480 4214,3480 4304,3480 4393,3480 4483,3474 4572,3468 4662,3468 4751,3468 4841,3462 4930,3462 5020,3456 5110,3456 5199,3450 5289,3450 5378,3444 5468,3444 5557,3444 5647,3438 5736,3432"/>
                <TextEquiv>
                    <Unicode>General Rapp entfernt sich wieder.</Unicode>
                </TextEquiv>
            </TextLine>
            <TextLine id="tr_1_tl_21" custom="readingOrder {index:20;}">
                <Coords points="3921,3681 4568,3713 5463,3608 5697,3672 6066,3599 6221,3658 6224,3500 3924,3588"/>
                <Baseline points="3939,3641 3993,3641 4083,3641 4172,3635 4262,3635 4351,3635 4441,3635 4530,3629 4620,3623 4710,3623 4799,3617 4889,3617 4978,3617 5068,3611 5157,3611 5247,3611 5336,3605 5426,3605 5515,3599 5605,3599 5695,3593 5784,3593 5874,3599 5963,3593 6053,3587 6142,3581 6232,3575"/>
                <TextEquiv>
                    <Unicode>Nach seinem Weggehen zuerst Erstarrung, dann</Unicode>
                </TextEquiv>
            </TextLine>
            <TextLine id="tr_1_tl_22" custom="readingOrder {index:21;}">
                <Coords points="3924,3836 4085,3848 4108,3871 4164,3866 4234,3898 4439,3895 4439,3687 4413,3675 4296,3681 4211,3719 4108,3705 4082,3725 4012,3672 3924,3681"/>
                <Baseline points="3939,3796 4029,3796 4119,3796 4208,3796 4298,3796 4387,3796 4447,3796"/>
                <TextEquiv>
                    <Unicode>Bewegung.</Unicode>
                </TextEquiv>
            </TextLine>
        </TextRegion>
    </Page>
</PcGts>
