6584 4296
4083 549 5973 690 Der Feind verblendet von einem treu-
3636 722 5922 857 losen Kabinet schien nicht mehr das Andenken
3618 881 5976 1012 an Euch erhalten zu haben. Er erwachte schnell
3636 979 6021 1152 und Ihr seid ihm schrecklicher als jehmals er-
3618 1200 5931 1322 schienen.Erst vor Kurzem war er über den Inn
3618 1272 6015 1519 ###gegangen und hatte das Gebiet unserer Verbün-
3630 1495 6012 1630 deten überfallen; erst vor kurzem versprach er
3627 1672 5979 1791 sich den Krieg in das Herz unsers Vaterlandes
3636 1776 5919 1934 zu spielen.Heut flieht er schon,bestürzt im
3627 1949 5925 2081 der grössten Einordnung. Meine Avantgarde hat
3636 2116 5877 2245 bereits den inn passiert und ehe ein Monath
3648 2269 5104 2388 verfliesst sind wir in Wien.
4048 2349 5937 2537 In unserem kaiserlichen Haptquartier
3630 2558 5412 2794 zu Regensburg, den 24. April 1809.
4164 2773 5510 2934 Unterzeichnet: Napoleon
3797 2925 5009 3092 Auf Befehl des Kaisers:
3845 3081 5845 3254 Der Major General Fürst von Neufchatel
4158 3281 4698 3421 Alexander.
