6888 4376
6211 395 6413 579 122
4103 582 5777 775 folgt, verliest eine Kundmachung.
4097 823 6362 944 Seit einiger Zeit hat ein Geist der
4115 914 6232 1025 mux Unruhe und der Unordnung das Volkauf
4122 986 6410 1103 Abwege geführt. Waffen und Landkarten wurden
4122 1049 6368 1161 noch immer verborgen gehaltet. Provokationen
4128 1140 6350 1251 tätliche Vergehungen bedrohten die Ruhe der
4128 1209 6265 1345 Stadt. Noch ist die Milde Seiner Majetät
4134 1269 6470 1402 nicht ermüdet, aber eine längere straflosigkeit
4122 1378 6449 1508 hätte traurige Folgen haben können. Einwohner
4134 1447 6377 1547 Wiens, wachet selbst über alle Uebelgesinnten
4134 1532 6446 1634 tragt das Eure zur Aufrechterhaltung der all-
4131 1586 6470 1716 gemeinen Ruhe bei und Ihr werdet ich des Wohl¬
4128 1673 6410 1782 wollens würdig machen, das Seine Majestät im-
4115 1758 6458 1887 mer geneigt ist Euch zu gewähren und wovon er
4128 1842 6332 1987 Euch so viele überzeugende Beweise gegeben
4112 1921 4360 2083 hat.
4115 2080 6353 2279 Das Magistratsbeamte setzt seinen Weg fort.
4118 2240 6428 2403 Unruhe, Unzufriedenheit der Menge. (Konnte)
4112 2400 6422 2560 Der Vertraute, ein Polizeikommissär,unter der
4115 2596 5867 2738 Menge,man erkennt ihn,meidet ihn.
4140 2698 6558 2900 Frau Klähr in grosser Hast tritt zu den Andern,
4122 2855 6398 3060 Medardus und Etzelt u.s.w.,erzählt,dass sie
4131 3009 6497 3187 vergeblich gewartet hat. Was sollen wir tun?
4115 3193 5593 3356 Das Kasernentor öffnet sich.
4128 3313 6464 3534 Eschenbacher, seine drei Gesellen es kortiert
4128 3488 6389 3633 von zwölf Soldaten, vorn der Leutnant Moser.
4134 3639 5924 3811 Entsprechende Bewegung der Andern.
