6616 4360
3811 564 5919 803 licher Grenadier will es ihr untersagen,
3822 689 6129 931 Eschenbacher weist ihn an Frau glähr mit ih-
3819 899 5712 1037 rer Begleitung passieren zu lassau.
3825 1077 6152 1267 Adjutant und Trompeter reiten durch den inne-
3822 1232 6071 1524 ren Burghof, dann durch strassen der inneren
4657 1367 6120 1542 Eisheron hosumliän ist aber schon
3819 1413 4170 1679 Stadt.
4625 1492 5712 1682 on die Donai ahren sich
3828 1603 6155 1837 Wachshuber und Andere,die Menge hat sich ver-
3828 1807 6129 1983 mehrt, In einer engen Strasse wird der Adju-
3857 1968 6097 2140 tant und der Trompeter angehalten. Der Trom-
3846 2076 6059 2304 peter wird vom Bferde gezerrt, der Adjutant
3854 2286 6018 2473 entflieht. Der Trompeter wird erschlagen.
3846 2409 6193 2640 Dann entfliehen die Täter. Wachshuber ist da-
3851 2546 5811 2765 ran beteiligt,aber nicht Haupttäter,
3872 2856 5554 3019 Bastei.Blick gegen die Vorstadt.
3863 3019 4941 3227 Bewegung wie früher.
3863 3110 6208 3355 Unter Andern auch der uralte Herr mit seiner
3872 3326 4757 3562 kleinen Enkelin.
3878 3466 6059 3668 Die elegante Frau sehrneugierig. Jolsdorf
3878 3627 5793 3854 bei ihr, ihr die Situation erklärend.
