6728 4376
3910 605 6227 846 Nerina führt Mdardus längs der Mauer weiter.
3913 785 5150 1014 Helene im Garta allein.
3919 892 6195 1153 Der Marquis kommt aus dem Saal, rasch zu ihr
3913 1124 4176 1318 hin.
3933 1326 6239 1529 Nerina den Medardus über die Stiege führend,
3945 1480 6114 1686 dann an der Türe zu Helenens Zimmer,führt
3936 1631 6270 1891 ihn in Helenens Zimmer, lässt ihn dort allein.
3953 1888 4518 2077 1m Garten.
3959 2033 4973 2250 Helene und Marquis
3950 2155 5824 2404 Marquis stürmisch,Helene abwehrend.
3962 2349 6088 2610 Helene: Ich will nicht früher einen Sohn
3977 2485 6169 2665 zu erwarten haben, ehe ich sicher bin, dass
3988 2543 6244 2783 er bestimmt ist einmal König von Frankreich
3977 2725 4518 2899 zu werden.
3977 2841 6155 3085 Helene, den Marquis allein stehen lassens,
3985 3015 4860 3241 sich entfernend.
4000 3247 4863 3441 Zimner Helenens.
3985 3392 5205 3629 Mdardus zuerst allein.
3994 3554 5303 3727 Helene die Stiege hinauf.
