6728 4360
5960 414 6157 641 55
3865 620 5298 858 An der Gartenpforte aussen.
3853 802 6142 974 Medardus kbopft an die Gartenpforte. Wartet,
3871 963 4649 1177 klopft wieder.
3871 1234 4381 1421 Im Garten.
3883 1338 6231 1582 Nerina zur Pforte hin, zuerst schweigend (ich
3889 1508 6282 1690 antworte gar nicht). Sie zuckt wieder zusammen,
3886 1687 5173 1922 Will fort,wieder zurück.
3895 1874 5135 2092 Draussen an der Pforte.
3901 1970 6029 2205 Medardus klopfend. (Oeffnen sie, ich bitte
3913 2208 4512 2423 Sie darum).
3907 2393 5665 2670 Nerina im Garten. Leflig
3954 2631 6094 2888 Der Schlüssel ist verloren gegangen.Gehen
3928 2762 4905 2941 Sie, Ich bitte Sie.
3928 2917 5886 3192 Nerina im Garten heftig erschreckend.
3928 3156 5370 3406 Aussen an der Gartenpforte.
3928 3302 6166 3537 Medardus sucht die Mauer ab,wo er hinüber-
3922 3490 6184 3692 klettern könnte;er findet einen geeigneten
3925 3624 6186 3931 Platz und beginnt zu klettern. Wie er schon
