6696 4344
3855 342 6145 597 Assalagny liest dem Herzog den Brief vor. 44
3861 526 6172 722 Herzog gibt Renault den Brief zurück achsel-
3861 731 4312 867 zuckend.
3873 820 5396 1042 Zuerst allgemeine Depression.
3873 983 6083 1173 Der Herzog scheint sich zu besinnen,wendet
3876 1126 6249 1375 sich an Helene und gibt den Andern einen Wink
3891 1304 5486 1476 sich in den Saal zu entfernen.
3873 1446 6192 1631 Iu Schloss. Renault,Assa-
3882 1651 4437 1830 lagny etc.
3903 1723 6097 1919 Vorzog Renault: Die Hoffnungen des Hauses
3911 1818 6189 2064 Valois sind mit dem Prinzen begraben worden.
3888 2097 6279 2388 In den Mienen Assalagrys:Es müsste vielleicht
3911 2340 4669 2572 nicht so sein.
3932 2527 4324 2822 Garten.
3920 2762 4877 2955 Herzog und Helene.
3938 2991 6308 3249 Herzog: Der Marquis von Valois bewirbt sich um
3953 3151 6293 3306 deine Hand Bist du bereit am Hochzeitstag mit
3953 3291 5792 3418 deinem Gatten nach Paris zu reisen?
3935 3350 6246 3579 Helene sinnt. Ein Paar Schritte hin und her.
3947 3638 5996 3882 Helene: Der Marquis soll allein reisen.
