6712 4328
6008 402 6196 654 84
3899 578 5592 804 Hochzeit des Marquis und Helene.
3893 722 6255 948 Die Hochzeitsgesellschaft fährt an der Kirche
3896 904 5322 1106 vor. (Alte Vorstadtkirche).
3887 1050 6093 1256 Medardus in der Nähe der Kirche, verborgen
3911 1238 4671 1426 oder verhüllt.
3899 1396 6199 1572 Helene sieht ihn, während sie die Stufen zur
3899 1552 5128 1710 Kirche hinaufschreitet.
3911 1696 6208 1898 Das kleine Gefolge des Herzogs. Wiener Bür-
3899 1851 4761 2048 ger, nicht viele.
3917 2013 5298 2194 Die Trauung in der Kirche.
3911 2153 6196 2347 Die Gesellschaft kommt von der Trauung nach
3917 2324 4230 2500 Hause.
3902 2435 6146 2643 Der Marquis mit seinen Freunden Latra und
3905 2611 4899 2811 Dagusan im Gartan.
3908 2772 5131 2963 Der Marquis und Helene.
3911 2937 6184 3122 Helene: Sie reisen, wie es bestimmt war, nach
3928 3098 6249 3230 Paris und sammeln unsere Getreuen. Ich bleibe
3931 3168 6264 3342 hier in Napoleons Nähe. Das Andere wird sich
3928 3259 4318 3412 finden.
3914 3380 6196 3650 Die ganze Gesellschaft im Garten. Huldigung
3922 3582 6076 3826 vor dem Herzog. Marquis Abschied nehmend.
