6680 4360
3770 608 5679 865 Medardus: Wach über meine Schwester.
3941 810 4998 1002 Mr J.C. Holl, Dr
3803 877 6159 1146 Vor der Schenke.Die Leute nähern sich mit der
3800 1136 4152 1301 Bahre.
3813 1292 6232 1595 In der Schenke.Weiterer Aufbruch.Man ruft nach
3810 1570 6086 1741 dem Wirt, der jetzt nicht mehr zu sehen ist.
3813 1699 6189 1912 Unruhe.Man merkt, dass draussen etwas vorgeht.
3819 1848 6278 2047 Die Mädchen zum Fenster hin. Auch einige von den
3825 1980 5102 2203 Studenten.Einige hinaus.
3819 2132 6272 2380 Medardus und Etzelt sprechen weiter miteinander
3852 2328 5325 2496 noch ohne etwas zu bemerken.
3837 2413 6202 2649 Der Wirt kommt herein, einige Mädchen und Stu-
3843 2560 6232 2829 denten um ihn,er weist hinaus und erklärt, was
3865 2814 4494 2991 geschehen is
4308 2866 5135 3009 nedastwerkam,
3862 2951 5029 3208 Medardussstürzt hinaus.
3874 3254 6327 3495 Vor der Schenke.Die Leichen auf der Bahre.Eini-
3877 3400 5627 3599 ge Studenten und Mädchen ringsum.
3883 3522 6150 3764 Medardus kommt herbeigestürzt,stösst einige
