6664 4344
6066 539 6234 702 13
3888 684 6260 902 Agathe in ihrem Zimmer allein. Ihre Erregung.
3897 864 4969 1076 Ihre Mutter bei ihr.
3861 1164 5220 1403 (Was ist dir, mein Kind?)
3888 1362 5409 1598 Agathe (Nichts, Mutter, nichts.)
3885 1721 6081 1883 Einige Studenten als freiwillige Landwehr
3902 1836 6090 2069 eingekleidet. Exerzieren auf einer Prater-
3897 2049 6125 2258 wiese. Medardus und Kribbling unter ihnen.
3897 2331 6202 2494 Francois im herzoglichen park.Desolteux mit
3900 2499 4144 2691 ihm.
3894 2759 5583 2924 Desolteux! Ihr Vater ist besorgt.
3929 3027 6175 3281 Francois entfernt sich; Desolteux ihm nach -
3894 3216 4424 3452 blickend.
3917 3454 6216 3643 Francois und Agathe in einer engen Gasse der
3926 3599 6110 3870 inneren Stadt.Ihre Angst.Er beruhigt sie.
