6808 4360
6013 348 6198 493 97
3959 520 4818 704 Der Beamte geht.
3959 627 6189 844 Frau Klähr geht den beiden Offizieren über
3959 838 5232 1028 die Wendeltreppe voraus.
3956 963 5802 1159 Medardus allein in der Buchhandlung.
3977 1141 5044 1314 Nerina kommt herein.
3977 1299 6224 1457 Medardus befremdet, sich abwendend,misstrau-
3977 1433 5657 1599 isch, auflachend, sie fortweisend.
3992 1555 6272 1807 Nerina ihm näher, überreicht ihm einen Brief.
4815 1739 5770 1893 sofort nach der Kochen
3986 1795 6224 1965 Der Marquis ist abgereist. Ich erwarte Dich,
3977 1920 6266 2128 mein Geliebter. Ich werde Dir alles erklären.
3971 2110 6281 2319 Medardus noch immer misstrauisch,entschlisst
3992 2327 5582 2533 sich endlich Nerina zu folgen.
3983 2470 6290 2770 Eschenbacher bei sich zuhause mit Etzelt. Sie
3992 2735 6242 2928 kommen eben mit Büchern beladen.Etzelt legt
3992 2934 6269 3038 ihm noch einmal Vorsicht ans Herz. Eschenba-
3992 3085 4952 3228 cher beruhigt ihn.
3986 3160 6204 3356 Die drei Gehilfen Eschenbacher treten ein.
4004 3311 6388 3531 (Eschenbacher:Auf die kann ich mich verlasset)
3992 3463 6037 3698 Etzelt geht nach herzlichem Händedruck.
3986 3650 6260 3861 Eschenbacher macht den Gehilfen klar, um was
