6744 4376
6089 427 6266 604 56
3920 575 6258 833 beinahe auf der Höhe ist sieht man Etzelt he-
3932 830 4489 1016 sankommen.
3926 935 6162 1138 Etzelt gewahrt ihn erst, wie Medardus schon
3943 1060 6200 1324 daran ist auf der anderen Seite herunterzu-
3958 1185 6168 1469 klettern. (Man sieht vielleicht zu gleicher
3969 1379 6133 1623 Zeit die Mauer von beiden Seiten, den em-
1199 1429 1449 1577 was f
3975 1536 5970 1792 porkletternden Medardus und Nerina, die
1135 1591 1562 1797 bei xxx
3993 1705 6083 1928 erschrocken auf der andern Seite wartet).
3969 1829 6234 2076 Medardus sich auf der Gartenseite der Mauer
3981 2030 5633 2248 herunterlassend und hinsinkend.
4010 2117 6223 2396 Nerina erschrickt. Sie sieht, dass Medardus
4007 2259 6327 2593 ohnmächtig geworden ist. Sie beugt sich nie-
4019 2573 4248 2715 der.
4033 2625 6214 2883 Was gehts mich an? Ein Strolch! Mögen sie
4051 2878 4646 3026 ihn hängen.
4051 3017 6226 3229 Nerina will fort, dann zieht es sie wieder
4051 3087 6319 3360 in die Nähe, jetzt entfernt sie sich wieder.
4068 3453 4507 3609 Im Saal.
4071 3435 6307 3786 Die Tafel, erhöhte Stimmung. Helene ziemlich
4068 3685 6307 3879 unbeweglich. Gespääch der Herren, Marquis in
