6616 4360
5914 380 6088 606 75
3842 533 6172 791 Wachshuber und die Seinen entfernen sich in
3848 745 5743 965 derselben Richtung wie der Adjutant.
3845 930 5389 1121 Am Tor wird es wieder leerer.
3839 1107 6169 1281 Frau klähr,Anna, Etzelt, sie kommen,sie tragen
3854 1249 5769 1463 Handkörbe mit Esswaren und Flaschen.
3862 1399 5143 1594 Verteilung an die Wache.
3871 1530 6053 1744 Frau vlähr erkundigt sich besorgt nach
3859 1689 4566 1892 Eschenbacher.
3883 1936 6038 2089 Eschenbacher: Wenn die Armee des Erzherzog
3883 2037 6076 2167 Karl heute Abend nicht da Ist,so kann sich
3897 2156 4827 2272 Wien nicht halten.
3903 2109 6180 2321 Frau Kiahr: Und Ihr, das bürgerliche Militär?
3897 2266 6195 2396 Eschenbacher: wir stehen auf unserem Posten.
3897 2330 6195 2474 Einige haben sich gemeldet, wenn etwa ein Aus¬
3897 2428 6146 2614 fall anbefohlen werden sollte. Der Medardus
3888 2527 4850 2761 ist unter ihnen. *
3877 2700 6146 2895 Anna hat eine rotweisse Binde an ihrem Arm,
3891 2840 5068 3063 und eine Spitalshaube.
3897 2961 6140 3202 Eschenbacher macht eine scherzhafte Bemer -
3891 3161 4607 3358 kung darüber.
3909 3289 6143 3535 Anna schenkt ihm eine Flasche Bier ein.Von
3891 3474 5563 3683 Etzelt nimmt er etwas zu essen.
3906 3581 6230 3859 Frau vlähr will die Stiege hinauf,ein bürger-
