6872 4456
6108 421 6303 610 148
3961 594 6149 764 Wenn Ihr mich nicht wiedersehen solltet,so
3961 729 6240 843 werdet Ihr mir verzeihen, denn dann wird auch
3955 789 6250 909 ein Anderer der grosse Feind unseres Hauses,
5762 874 6133 1031 Helene.
3974 896 5423 1000 sein Dasein vollendet haben.
3986 959 5357 1069 sein thi Bial will be
3961 1110 6489 1239 Navoleon aufs Höchste erstaunt, betält de Briel
3967 1254 6303 1405 Er gibt den Brief der Herzogin zurück.Er ver-
3974 1383 5395 1566 lässt den saal mit Kopp -
4093 1449 6284 1644 Kerm. Hermer bleiben. Helenwärke
3967 1666 6108 1893 ###on in seinem xxx Schlafzimmer.
3961 1852 6451 2028 Rustan bei ihm. wil Rapp im Anbeitsinauf
3974 1993 5700 2150 Er lässt den General Rapp kommen.
3958 2169 5247 2348 Besprechung mit ihm (?)
4863 2276 6017 2465 An nichtte bürger
3980 2462 4936 2631 Vor dem Gefängnis
3967 2600 6294 2776 Der Kerkermeister erhält Weisungen von einem
3967 2779 5558 2952 Soldaten und scheint erstaunt.
3967 3059 5461 3229 Das Innere des Gefängnisses
3974 3225 6319 3389 Medardus liegt auf seinem Bett.Kerkermeister.
3980 3367 6391 3521 tritt ein, sehr höflich. Medardus ist befremdet
3980 3499 6388 3681 und versteht dieses veränderte Benehmen nicht.
