6808 4488
6144 453 6354 603 153
3993 618 4941 780 Mutter vermutet.).
3999 789 4695 951 Im Gefängnis.
4002 888 6357 1092 Frau Klähr wie ohnmächtig vom Fenster zurück
4005 1092 6270 1227 tretend,in Etzelts Arme sinkend.Rapp auf sie
4005 1224 5568 1410 zutretend, vor ihr salutierend.
4005 1473 5058 1584 Ich habe den Auftrag
4011 1551 6186 1674 Es ist der Wille des Kaisers, dass Medardus
4008 1626 6228 1731 vlähr mit allen Ehren und in geweihter Erde
4011 1695 6339 1872 begraben werde als dieses Krieges letzter und
4005 1797 4914 1911 seltsamster Held.
4005 1986 6417 2136 Friedensglocken im Stefansthurm. Man sieht, wie
4017 2136 5532 2310 der Klöppel geschwungen wird.
4008 2262 6309 2484 Das Gleiche schon nach dem Bild: Der Friede
4005 2466 5058 2613 wind unterschrieben.
4032 2607 5166 2796 Vor der Stefanskirche.
4023 2742 6384 2946 Wiener Bürger,Berger u.s.w. sich zum Dankgot-
4011 2925 5028 3093 tesdienst begebend.
