6728 4360
5937 323 6095 533 37
3779 524 6208 756 Die Leidtragenden und allmählig auch die Uebri-
3791 731 4788 872 gen entfernen sich.
3782 856 5251 997 Frau xx xxx
3806 893 6089 1112 Medardus steht unbeweglich, Frau Klähr will
3788 1054 5943 1292 ihn bewegen mit ihr fortzugehen. Medardus
3806 1237 4800 1457 schüttelt den wopf.
3800 1393 5543 1573 Frau Klähr mit Eschenbacher geht.
3791 1530 5580 1722 Etzelt bleibt bei Medardus stehen.
3806 1670 5897 1877 Medardus wirft sich plötzlich aufs Grab.
3806 1816 6159 2078 Etzelt will ihn beschwichtigen,Medardus wehrt
3809 2027 4666 2234 ab. Etzelt geht.
3812 2310 6223 2444 Andere Partie des Friedhofs.Ein Friedhofswäch-
3825 2426 6250 2630 ter weist der Prinzessin Helene und Nerina den
3834 2654 4059 2798 Weg.
3825 2636 5885 2935 Etzelt begegnet ihnen, sieht ihren nach.
3840 2904 6290 3194 Weiterer Weg von Helene und Nerina zwischen den
3840 3121 4294 3249 Gräbern.
3858 3349 6278 3550 Am Grab Medardus liegend, wird von
3864 3526 6220 3736 den von der andern Seite Herankommenden nicht
3852 3748 4309 3950 gesehen.
