6779 4456
6141 408 6340 647 144
3926 647 6256 799 Etzelt hat eine Hundspeitsche hervorgenommen
3939 786 6331 941 und fährt dem Wachshuber damit übers Gesicht.
3939 935 6331 1101 Wachshuber flieht.Etzelt ihm nach.Andere auch.
3948 1125 5040 1283 Auch der uralte Herr.
3957 1240 6346 1413 Indes weitere Auffahrt der Gäste, alle über die
3954 1413 4891 1603 Freitreppe hinauf.
3948 1497 6362 1742 Medardus drängt sich nun ganz nahe heraublickt
3963 1739 4492 1872 nach oben.
3960 1860 6207 2036 Die Galerie ist auch sichtbar. In der Mitte
3948 2015 6165 2178 der Terrasse eine verschlossene Tür,an der
3954 2160 5439 2326 zwei Gardisten Wache halten.
3954 2299 6225 2484 Einige der Erscheinenden werden vom Publikum
3963 2477 4450 2665 begrüsst.
3963 2580 6008 2765 Endlich fährt der Wagen mit Helene vor.
3975 2780 6413 2974 Bewegung des Publikums. Die Leute flüstern ein¬
3975 2955 4776 3122 ander etwas-zu.
3975 3134 5596 3412 Das ist seine neueste Geliebte
4828 3358 5149 3473 Seleur
3972 3346 6398 3563 Medardus sieht xxx,wendet sich zuerst ab,tritt
3975 3530 6292 3724 dann wieder näher,zuckt die Achsel, als ginge
