6728 4360
3755 584 6092 813 Der Marquis zu den Uebrigen. Nimmt von Medar-
3767 748 5985 987 dus zuerst keine Notiz,begrüsst nur Helene
3779 907 6186 1143 und Nerina. Dann erst wirft er einen Blick auf
3764 1085 5826 1335 Medardus. Befremdet von seiner Haltung.
3776 1234 5627 1518 Helene teilt ihm mit, was geschehen.
3800 1512 6165 1723 Marquis: Ich sehe, dass Sie eine Waffe tragen,
3816 1619 6214 1818 mein Herr. Wenn es Ihnen recht ist werde ich so
3816 1696 6244 1912 frei sein Sie um die Mittagszeit in der Penzin-
3813 1775 5774 2010 gerau bei dem Forsthaus zu erwarten.
3807 2053 5939 2264 Medardus kurze Verneigung,entfernt sich.
3822 2230 5420 2423 Der Marquis,Helene und Nerina.
3846 2465 6153 2731 Helene: Töten sie den jungen Menschen, der da
3855 2621 6208 2841 eben fortging, und ich will die Ihre sein, Ber-
3865 2817 4191 2948 trand.
3843 2918 6269 3162 Marquis küsst ihr die Hand,bietet ihr den Arm.
3862 3031 5878 3364 Alle zwischen den Gräbern dem Tor zu..
3855 3180 6321 3504 Sie nehmen am Friedhofstor voneinander Abschid
3868 3367 6211 3645 Medardus mit Etzelt und Bargetti.Sich in die
3880 3529 5731 3779 Au zum Duell begebend.
