6850 4344
6090 391 6321 615 112
4000 527 5596 761 Keine Nachrichten vom Marquis.
3991 773 6151 951 Ein Lakai bringt eine Meldung.Geht wider.
3994 964 6357 1145 Rustan kommt,brüngt einen Brief für Helene.Be-
4009 1103 5936 1315 fremden des Herzogs und der Herzogin.
4006 1357 6339 1482 Seine Majestät wird es ein Vergnügen sein die
4024 1448 6448 1624 Frau Marquise heute bei der Parade zu begrüssen
4009 1666 6163 1818 Helene kurzes Bedenken, dann nickt sie.Sie
4003 1827 4775 1994 bleibt allein.
4018 2154 6215 2336 Auch Derue, der bei Frau Klähr einquartiert
4027 2279 6324 2463 ist wurde, bem der Schlacht von Aspern schwer
4027 2394 4584 2572 verwundet.
4024 2682 6454 2860 Das Zimmer Agathons. des früher Agattens nay
4027 2845 6375 3030 Derue mit verbundenem Kopf auf dem Vrankenra-
4033 3072 4369 3215 lager.
4027 3166 6399 3400 Trembly im Gespräch mit dem Arzt, der eine be-
4036 3327 5206 3521 denkliche Miene macht.
4024 3451 5775 3703 Sie treten Beide ins Nebenzimmer.
