6835 4376
6092 376 6298 558 124
4014 535 6373 747 macht den Weg zurück, kommt wieder an die frü-
4025 723 4673 896 here Stelle.
4025 803 6420 1054 Etzelt entdeckt den Wachshuber, der sich davon¬
4019 1024 6116 1215 schleicht. Bewegung in der Menschenmenge.
4025 1251 5805 1472 Der Kaiser reitet über die Bastei.
4034 1514 4423 1663 Bastei.
4037 1610 6429 1792 Der Kaiser nit einigen Offizieren über die Ba¬
4043 1792 5877 1989 stei sprengend in einer Staubwolke.
4055 2058 5519 2240 Wieder die frühere Szenerie.
4040 2246 6304 2395 Frau Klähr, Medardus und Wtzelt zusammenste-
4031 2425 6038 2571 hend, Medardus seinen Schwur erneuernd.
4073 2712 6322 2900 (öppoléon in Verkleidung durch die Strassen
4046 2885 4455 3046 Wiens).
4067 3121 6385 3345 Helene wartet seit Tagen vergeblich auf eine
4070 3267 5283 3497 Nachricht von Medardus.
4067 3524 5292 3763 Der herzogliche Garten.
