6888 4392
6050 381 6232 530 125
3975 503 6321 765 Helene und Nerima, etwa wie zu Beginn des Stü-
4642 673 6360 849 gebt heim den Aufhes, und wegen der
5217 768 5928 905 es entgehen der
3981 765 4267 917 ckes.
3999 878 5583 1033 Helene scheinbar gleichgültig.
3984 1003 5574 1245 Lakai meldet einen Ankömmling.
3990 1158 6336 1355 Lafray kommt bis zur Unkenntlichkeit verklei-
3999 1301 6321 1536 det. Nun lüftet er den Mantel. Er überreicht
4005 1471 5556 1694 der Prinzessin ein Schreiben.
4017 1676 6277 1855 Wir sollen hier in Paris den Anfang machen?
4040 1778 6369 1947 Das köhnenwir nicht. Das würde uns verderben.
4029 1867 6333 2028 Zuersd muss die Arbeit getan sein, auf die es
4046 1920 6244 2147 vor allem ankommt. Gibt es keine Männer in
3680 1992 3874 2114 4 hee
4046 2016 6411 2177 Wien! (Wenn Ihr nur zwölf entschlossene habt, so
4046 2075 6250 2248 erdrosselt ihn in seinem Bett, werft ihm in
3656 2099 3856 2200 mit
4046 2162 6291 2349 einem Sack in die Donau. Das üebrize erreibt
3695 2159 3924 2308 sterten
4046 2233 6408 2430 sich von selbst. Aber schiebt es nicht zu lan-
4058 2400 4425 2570 ge auf.
4046 2531 6393 2724 Helene liest den Brief, ist sehr ergriffen. Sie
4058 2683 6452 2897 gibt Auftrag., dass man dem Latray zu essen und
6208 2867 6553 3043 Lappar
4067 2906 4919 3094 zu trinken gäbe.
4064 2927 6411 3210 Das geschieht im Garten selbst, dann hüllt er
4061 3126 6348 3368 sich wieder in seinen Mantel, die Prinzessin
4079 3308 6309 3561 nickt ihm zu er küsst ihr die Hand und eilt
4079 3525 4425 3674 davon.
