6680 4376
3882 604 6182 886 Alles blickt nach den Vorstädten aus. Lebhaf-
3888 845 4690 1034 teste Bewegung.
3888 1013 4701 1153 Berger legt an.
3917 1141 6075 1310 jolsdorf legt die Hand auf seine Schulter.
3894 1298 6139 1510 Jolsdorf: Sparen Sie das pulver, Ihre Flinte
3914 1501 4992 1673 trifft nicht so weit.
3900 1594 6043 1815 Ein eleganter Herr und eine elegante Dame
3906 1786 6092 1948 unter dem Publikum,begrüssen Jolsdorf. Die
3900 1928 5433 2123 Dame bewundert seine Uniform.
3900 2181 6005 2349 Es kann jeden Augenblick sehr gefährlich
3906 2282 6139 2477 werden.Die Franzosen haben schon herüberge¬
3906 2422 4388 2619 schossen.
3911 2605 6107 2753 Er rät den Leuten sich zu entfernen,findet
3923 2695 6223 2912 aber vorläufig noch nicht das genügende Ver-
3929 2941 4414 3063 ständnis.
3917 2968 6255 3287 Föderl kommt über die Stiegeherauf, sehr ängst
3917 3249 4225 3383 lich.
3923 3284 6130 3499 Frau Grinzinger weist wieder nach der Vor-
3917 3557 4425 3763 stadt zu.
3920 3711 6133 3981 Nun die Bastei mit dem Blick gegen die an-
