6648 4472
5844 364 6083 594 106
3729 572 6196 808 ihm aus einer Feldflasche etwas zu trinken ein.
3793 781 5868 943 Lannes fühlt das Herannahen des Kaisers
3805 857 5963 1053 Νapoleon kommt herangesprengt,springt ab,
3802 1001 6217 1246 rasch zu Lannes hin, drückt ihm die Hand,Trost-
3805 1240 4886 1411 worte, Lannes stirbt.
3814 1322 5777 1509 Ein Offizier mit Meldung kommt he ran.
3817 1454 6089 1656 Die Schlacht scheint schlecht zu stehen. Sie
3830 1632 6147 1821 ist verloren. Dies drückt sich in den Mienen
3833 1797 6214 1978 Napoleons aus. Dann verändert sich seine Miene,
3830 1916 5575 2192 wird wieder unverrichtlich
3845 2173 6150 2437 Wien ist mach wie vor wir unseren Händen wieder
3836 2415 4090 2590 gut.
