6888 4456
6089 442 6296 597 140
4051 622 6290 810 An den Herzog von Valois. Erst nach meinem
5192 711 5576 881 Helene.
4057 761 5059 915 Tode zu eröffnen.
4045 891 6241 1119 Sie überlegt, wo sie den Brief hintun soll.
4060 1055 6423 1237 Sie öffnet ihren kleinen Skretär,findet dort
4057 1218 6541 1435 nicht den richtigen Platz. Doch da sie sich voll
4067 1373 6225 1552 kommen entschlossen fühlt, liegt ihr nicht
4079 1512 6463 1735 sehr viel daran, dass man den Brief bald findet.
4070 1667 6494 1874 Sie legt ihn frei hin auf die Platte des Sekre-
4079 1815 6451 1992 tärs und schliesst dann den Sekretär ab. Dann
4076 1995 6380 2177 ruft sie Nerina, um sich ankleiden zu lassen.
4088 2307 5211 2505 Schönbrunn.
4098 2437 6442 2632 Der Aufgang zur Freitreppe von Gardisten be -
4116 2601 6519 2780 wacht, die manchmal versuchen die Menge, von den
4116 2780 5341 2935 Treppen zurückzuhalten.
4119 2913 6485 3120 Im Hof französische Gardisten zwanglos, manche
4132 3015 6553 3244 im Gespräch mit Wiener Bürgern,Frauen,Mädchnen,
4128 3216 6299 3386 Kinder. Bewegung.-Gruppen in Unterhaltung.
4132 3411 5149 3547 Grüsse, Begegnungen.
4125 3451 6504 3711 Berger, Föderl,und Andere.Auch der uralte Herr
4141 3621 6086 3918 ist zu sehen. Manchmals auch Medardus,
