6712 4344
5904 359 6077 599 42
3906 654 4858 871 Garten des Herzogs.
3897 791 5643 997 Nerina und Helene. Auf einer Bank.
3914 944 5843 1139 Nerina liest etwa aus einem Buch vor.
3903 1122 5587 1319 Helene,ihre Erregung verbergend.
3914 1225 5949 1467 Helene auf und ab gehend. Sich plöt zlich
3928 1422 4883 1634 zu Nerina wendend.
3931 1712 5971 1932 Hole die Federbälle. Wir wollen spielen.
3945 2027 5264 2224 Nerina zuerst zögernd ab.
3964 2135 5439 2358 Assalagny,Desolteux „Cafard.
3975 2299 6216 2505 Cadard erzählt Helene von dem,was er in der
3958 2472 5709 2728 Stadt und auf der Bastei gesehen.
3986 2731 6185 3040 Desolteux: Es scheint wieder einmal an der
3978 2929 5353 3101 Zeit die Koffer zu packen.
4006 3274 6216 3488 Assalagny: Bonaparte wird das Aplrecht des
4003 3435 5793 3652 Herzogs von Valois nicht antasten.
