6872 4376
6238 462 6483 611 117
4138 583 6492 822 den von zwei anderen Soldaten in der Hand ge-
4129 792 4525 964 kaltn).
4162 988 6492 1149 Wir haben sie in dem andern Haus gefunden, das
4156 1124 6586 1257 uns angeheben wurde. Die Gesellen habe ich ver-
4144 1185 6021 1369 haften lassen, der Herr ist flüchtig.
4132 1384 6444 1563 Eschenbacher tritt vor. Ich bin wirklich
4147 1554 6302 1705 Die Andern, Frau Klähr, Etzelt und Medardus
4141 1696 5471 1871 wollen für ihn eintreten.
4150 1925 6453 2098 Frau Klähr: Und Sie, Herr Leutnant, selbst ein
4162 2067 6486 2255 Deutscher, geben sich zu solchem Polizeidienst
4156 2170 6359 2348 her? Ja, Napoleon weiss Euch nach Verdienst
4156 2264 4863 2394 zu behandeln.
4138 2466 5314 2648 Der Leutnant wehrt ab.
4141 2593 6356 2753 Eschenbacher wird verhaftet und abgeführt.
4141 2763 6453 2923 Frau Klähr will ihm nach. Echenbacher selbst
4144 2905 6399 3089 beruhigt sie. Etzelt und Medardus reden auf
4150 3101 6529 3285 sie ein. Sie fasst einen Entschlusskleidet sich
4138 3231 5344 3437 rasch zum Weggehen an.
