6632 4424
5808 457 5970 630 95
3679 645 5704 857 Etzelt den anderen atlas aus der Hand.
3703 866 6101 1054 Wachshuber: Sie Mensch, seit wann sind Sie denn
3709 1000 4545 1129 der Buchhändler?
3709 1054 5856 1206 Eschenbacher: Ich bedauere, dass ich meine
3712 1108 5898 1263 War nicht bei der Hand hab. Ich verfertige
3718 1212 5187 1454 nämlich auch Hundspeitschen.
3715 1380 5961 1574 Wachshuber vor Wut pfauchend, die Andern im-
3700 1571 5826 1756 mer belustigter, endlich geht Wachshuber.
3718 1720 6047 1947 Frau Klähr fällt dem Eschenbacher um den Hals
3724 1840 5972 2075 Beratung, was zu geschehen hat. Eschenbacher
3733 2046 5940 2255 will die Itlanten mit sich nehmen. Bei ihm
3733 2219 5112 2386 wird man sie nicht finden.
3733 2302 5931 2520 Wachshuber aus der jnre des Buchladens tre-
3745 2482 6008 2664 tend auf die strasse,drohende Gebärden nach
3730 2655 5847 2840 dem Haus zu. Sein Gesicht verzerrt sich.
3721 2777 5990 3040 Racheplan. Er fragt irgend einen französi-
3736 2968 5127 3177 schen Soldaten um den Weg.
3724 3109 5913 3318 Auf der Strasse Berger und seine Tochter.
3724 3225 5372 3482 Begegnung mit anderen Bürgern.
3748 3401 5542 3655 Wieder eine einziehende Compagnie.
3939 3655 4124 3882 Wm
