6872 4376
6184 398 6386 563 119
4012 566 6325 768 Der Kaiser in seinem Arbeitszimmer.Es werden
3999 725 5129 927 ihm Akten vorgelegt.
3941 875 5646 1065 Ein Courir bringt eine Meldung.
4018 1010 6255 1157 Der Kaiser öffnet selbst das Couvert.Lacht.
3755 1135 3917 1414 2
4027 1239 6224 1371 Nachrichten aus Paris.Der gute Marquis von
4048 1337 6356 1521 Valols wird sich noch um seinen Kopf bringen.
4006 1444 5303 1588 en obliceux lesdénées
3947 1518 6408 1714 Gesuch e werden ihm gebracht. Er liest sie rasch
3957 1698 5425 1916 durch,Rapp steht neben ihm.
4030 1833 6362 2102 Ich flehe Seine Majestät um Gnade an für mei-
4030 2026 6261 2231 nen Bruder, den Sattlermeister Eschenbacher,
4024 2121 4510 2255 der.....
4024 2304 4816 2494 Neue Meldungen.
3911 2463 6334 2656 Jetzt erst der Courier, durch den Napoleon im
4018 2604 6255 2794 Weiterlesen des Gesuches unterbrochen wird.
4018 2788 6328 2947 Er erhebt sich vom Schreibtisch und entfernt
3981 2925 4761 3118 sich mit Rapp.
3999 3201 6362 3430 Kapoleon in x einer Loge im Schlosstheater
4012 3363 6368 3559 von Schönbrunn (Dort könnte sich das Vorherge-
4002 3525 6319 3767 hende abspielen. Er zieht sich in den Hinter-
