6648 4376
6085 469 6235 646 74
3964 606 6293 797 Aus der Stadt Wachshuber mit seiner Hellebar-
3958 800 6285 1020 de,andere Bürger mit ihm, darunter einige ver-
3949 939 5888 1142 dächtig aussehende Gesellen. (Stufte)
3949 1087 5276 1284 Eschenbacher unschlüssig.
5514 1121 6259 1336 bemeint ich wenn
3941 1260 6244 1466 Die Stiege herunter Bargetti,erteilt Eschen-
3949 1405 4998 1591 bacher einen Befehl.
3923 1573 5097 1744 Das Tor wird geöffnet.
3929 1675 6250 1878 Der Adjutant und der Trompeter reiten herein.
3917 1852 6183 2011 Adjutant weist seinen Befehl vor. (venegelt
3923 2115 6230 2298 An den Erzherzog Maximilian, Kommandanten von
3920 2191 4170 2301 Wien
3929 2266 6233 2385 Wenn Euere königliche Hoheit fortfahren soll-
3926 2350 6148 2480 ten den Platz zu verteidigen werden sie die
3943 2434 6154 2556 Vernichtung eine der schönsten Städte Euro-
3923 2512 6038 2616 pens herbeiführen. Ich zweifle nicht, dass
3906 2593 6221 2698 Sie einen Entschluss nicht aufrecht erhalten
3906 2683 6154 2831 werden, der den Verlust des platzes doch nur
3900 2744 5940 2929 um einigen Augenblicke verzögern könnte.
5363 2831 5830 2996 �Napoleon.
3888 2935 6148 3193 Der Adjutant und der Trompeter erhalten die
3900 3152 5899 3350 Bewilligung weiter zu reiten. Sie miten
3888 3335 5253 3518 durch den äussern Burghof.
3880 3489 6172 3642 Wachshuber und seine Genossen scheinen unzu-
3877 3616 4329 3799 frieden.
3865 3758 6024 3972 Eschenbacher behandelt sie mit Verahtung.
