6696 4328
5997 320 6176 505 78
3952 469 5246 701 durch einige Grenadiere.
3952 634 6278 801 Eschenbacher: Die waren es, die den Trompeter
3952 769 5037 983 umgebracht haben. *
3940 980 4893 1162 Immer mehr Rauch.
3937 1085 5636 1317 Einige über die Bastei fliehend.
3940 1262 6108 1461 Der uralte Herr seiner Enkelin erklärend,
3952 1432 5334 1602 mit dem Stock in der Luft.
3958 1543 6070 1798 Bargetti weist sie in milder Weise fort.
3963 1766 6158 1951 Medardus mit Einigen sich bei Burgetti zu
3984 1930 6340 2139 einem Ausfall meldend. Bergetti weist auf die
3972 2080 4943 2326 Unmöglichkeit hin.
3984 2315 6340 2593 sera Papoleon besichtigt von der Gloriette aus daa
3981 2564 5155 2749 Bombardement von Wien.
5448 2640 5771 2769 same.
3987 2725 6161 2893 Gloriette. Napoleon mit Rapp, und Anderen.
5515 2843 6290 3066 It has for his
3993 2872 5334 3168 Blick gegen die Stadt zu.
3996 3166 6140 3347 Nacht. Ueber die Landstrasse in der Nähe
3999 3303 6220 3503 von Achönbrunn Wagen, in dem die Gräfin Wa-
4002 3432 6217 3685 lewska mit einer oder zwei Begleiterinnen
3993 3609 6316 3922 sitzt, Schönbrunn zufahrend, vor dem Tore hal-
