6696 4344
5917 420 6077 586 46
3755 515 5328 788 entfernt sich wieder, verstört.
3752 761 6080 994 Marquis kommt.Helene und Nerina hören auf zu
3758 908 5871 1132 spielen. Marquis berichtet von dem Duell.
3773 1074 6052 1264 (Mein Gegner ist nicht tot.Auch er ist mur
3788 1236 4380 1451 verwundet.)
3770 1304 6163 1595 Desolteux aus dem Innern des Schlosses. Fordet
3779 1531 5264 1767 den Marquis auf einzutreten.
3776 1629 6242 1908 Helene: (Sie werden interessante Neuigkeiten er-
3788 1893 4233 2083 fahren).
3794 1911 5969 2245 Marquis mit Desolteux in den Saal tretend.
3813 2224 4264 2429 Im Saal.
3816 2353 6120 2580 Marquis Renault begrüssend, sich an der Bera-
5018 2463 6399 2610 C. wenn Sohn und tödt... die, nägern
5043 2552 6313 2696 haben der die nächsten Anrecht
3825 2534 4816 2755 tung beteiligend. -
5006 2641 6313 2899 auf der Thron von Frankreich.
3822 2828 4224 3003 Garten.
3825 2874 6172 3169 Helene und Nerina.Helene möchte Näheres über
3844 3009 5745 3316 das Befinden des Medardus erfahren.
3841 3202 5242 3442 Nerina: Er ist sicher tot.
3834 3310 6307 3601 Helene nach einigem Besinnen von einem Flieder-
3856 3512 6034 3801 strauch einige Zweige abbrechend,gibt sie
