6888 4456
6209 332 6425 571 131
3989 586 5880 746 wei st auf verschiedene Personen hin.
3989 845 4854 999 Der Konzertsaal.
3998 900 6107 1148 Eintritt Helenens. Allgemeines Aufsehen.
3992 1116 6326 1302 Ter Kaiser begüsst sie, lädt sie ein an ihrer
3998 1276 5186 1469 Seite Platz zu nehmen.
4009 1434 5262 1591 Das Konzert geht weiter.
4030 1550 6163 1769 min Quartett, oder jetzt erst der Flötist.
4021 1719 6104 1891 Μapoleoü wendet sich manchmal zu Helene,
4021 1888 5659 2034 Eifersucht der Gräfin Walewska.
4036 2022 6291 2200 Wieder eine Zwischenpause, der Kaiser erhebt
4033 2142 6265 2372 sich,Helene gleichfalls, sie stehen allein
4038 2354 6381 2500 zusammen, die Andern beobachten sie von ferne.
4030 2634 5052 2835 Wieder die Calerie.
4041 2794 6337 2990 Nerina in höchster Aufmerksamkeit hinunter -
4047 3010 4531 3193 blickend.
4041 3129 5985 3322 Ναρoleon und Helene zusammen stehend.
4062 3284 5157 3496 Helene redet lebhaft.
4065 3488 6358 3639 Helene: Darf ich von Euerer Majestät für mei
4076 3566 6340 3727 Eltern die Bewilligung zur Rückkehr nach Fr
4065 3692 4886 3869 reich erbitten?
