6664 4344
5989 358 6153 554 22
3705 494 5907 756 Er geht, Etzelt und die Bergers folgen ihm.
3714 800 5736 1120 Man sieht ihn die Treppe hinuntrgehen.
3727 1076 5777 1253 Frau Klähr und Eschenbacher am Fenster.
3717 1186 6046 1436 Agathe und François hinter ihnen,Agathe will
3736 1332 6261 1588 François etwas fragen, François mehnt sie zu schw
3727 1557 3983 1810 gen.
3749 1848 4591 2066 Vor dem Haustor.
3743 2012 6195 2211 Eine Vutsche.Medardus winkt zum Fenster hinauf.
3749 2183 5071 2335 Er steigt mit Etzelt ein.
4214 2284 4572 2385 schaft
3768 2335 5435 2534 erger macht den Wagenschlag zu.
3746 2439 5856 2677 Anna traurig,von ihrer Mutter getröstet.
3755 2623 4923 2882 Der Wagen fährt davon.
3759 2851 4667 3151 Wieder im Zimmer.
3771 3085 5805 3246 Frau Klähr und Eschenbacher am Fenster.
3762 3246 6309 3417 François nimmt Agathe bei der mand und zieht sie
3771 3426 4698 3588 von dort zu sich.
3765 3518 4828 3755 Agathe und Francois.
3771 3724 4739 3910 Erregtes Gespräch.
