6696 4264
3818 428 5463 726 Strasse vor dem Hause Meckte.
3818 572 6240 890 Medardus heimkommend mit Studenten,vielleicht
3840 767 6372 1032 mit Elisabeth und andern Mädchen, Als hier nehmen
3846 1098 5765 1340 Im Hause. Begrüssung Agathe-Medardus.
3840 1315 4834 1595 Agathe am Fenster.
1349 1428 1516 1642 vrai
3865 1563 6089 1780 Francois auf der Strasse,Agathe gewahrend.
3856 1878 6290 2082 Erste Zusammenkunft François und Agathe,besser
1701 2025 2063 2236 recevoir
3881 2029 6199 2246 zufällige Begegnung auf den Basteien. Sie mit
3865 2195 5900 2441 Anna. Sein Fuss. "Drei Tage wêtte)
4022 2374 6189 2654 Auf der Baslei. Anna sind Agalt wesen
4054 2522 5387 2802 schend. - Ander Seite.-
4035 2595 6359 2897 Bovion has begequevd... A griff.
3982 2752 6240 3082 Sie verwieder. A folgt ihnen. Er zahler
4000 2969 6237 3183 des Wort ou né... Sie antwortet flichtig. —
1686 2963 1944 3120 a. eag.
4010 3088 6262 3371 sicht halv. Er seht ich auf eine Bank¬
1928 3224 2101 3400 .
4079 3268 5718 3510 I think Brief as ne -
1705 3400 2051 3626 arbeidet
3846 3532 5592 3768 Heilen (nachühlenen Nepolen u. 1. 4
