6888 4456
6118 520 6318 659 142
4019 720 4407 920 dus zu.
4025 846 5690 1062 Medardus begrüsst sie, sehr kühl.
4032 1086 6260 1237 Elisabeth: Er nimmt mich mit nach Paris. Es
4044 1151 6469 1305 wär schon, wenn ich dich noch einmal sehen könn¬
4044 1243 6118 1459 te,en ich für immer von hier fortgehe.
4044 1505 5299 1653 Medardus antwortet kaum.
4570 1582 5364 1699 nicht die ertheile
4050 1603 6524 1785 Elisabeth hängt sich wieder in den Offizier ein,
4056 1800 5419 1967 promeniert weiter mit ihm.
4044 1905 6404 2077 Ein anderer französischer Offizier in Beglei-
4062 2025 6475 2250 tung des eleganten Paars (aus der Basteiszene).
4053 2210 6506 2428 Medardus versucht sich möglichst naheder Trepje
4062 2379 4610 2564 zu halten.
4072 2487 6340 2730 Die Friedensunterhändler kommen wieder die
4099 2677 6281 2911 Freitreppe herunter. Zurufe, Winke, flehende
4084 2877 4416 3047 Hände.
4072 2927 6463 3210 Die Unterhändler nicken den Leuten ermutigend
4099 3207 4281 3364 zu.
4112 3379 5229 3564 Friede Friede! Friede!
