6888 4488
6063 305 6275 482 130
4058 495 5758 644 Vor dem Schlösschen des Herzogs.
4051 612 6107 857 Helene mit Nerina im Wagen fortfahrend.
4070 812 6421 983 (Vielleicht vorher im Schlösschen Helene ihre
4058 958 6053 1161 Toilette beendend und Nerina bei ihr).
4048 1142 6263 1386 Helen und Nerina vor Schönbrunn vorfahrend.
4058 1351 5663 1539 Der Konzertsahl in Schönbrunn.
4067 1504 5041 1685 Die Cäste wartend.
4073 1627 6348 1865 Ξapoleon tritt ein, setzt sich in einen Arm
4077 1792 6427 2005 sessel, alle Lichter verlöschen, nur die an den
4083 1992 5520 2151 Musikpulten brennen weiter.
4089 2154 4733 2306 Das Konzert.
6091 2221 6539 2414 Rentertin
4099 2262 5980 2414 (Ein Flötist von Klavier begleitet.
6171 2370 6700 2503 u andere
4099 2405 6015 2652 Eine Sängerin mit Klavierbegleiturg.
4086 2592 6351 2725 Die Gräfin Walowska in der Nähe Napoleons
4105 2738 5853 2887 er hat sie nur flüchtig begrüsst.
4115 2900 6355 3080 Die Sängerin tritt ab, bonopoleon applaudiert,
4096 3011 5336 3258 nahher erst die Andern.
4105 3176 6656 3452 Auf der Galerie. (Es mit Fliebeth weil einen Frau
5650 3328 5983 3445 ora
4131 3395 6523 3591 Merina in Begleitung eines französischen Offi-
4108 3553 6564 3794 ziers, sie sieht neugierig hinunter, der Offizier
