<?xml version="1.0" encoding="UTF-8" standalone="yes"?>
<PcGts xmlns="http://schema.primaresearch.org/PAGE/gts/pagecontent/2013-07-15" xmlns:xsi="http://www.w3.org/2001/XMLSchema-instance" xsi:schemaLocation="http://schema.primaresearch.org/PAGE/gts/pagecontent/2013-07-15 http://schema.primaresearch.org/PAGE/gts/pagecontent/2013-07-15/pagecontent.xsd">
    <Metadata>
        <Creator>prov=READ-COOP:name=TrHtr:version=2.1.0:model_id=51170:date=25_07_2023_12:07</Creator>
        <Created>2023-05-10T11:18:43.116+02:00</Created>
        <LastChange>2023-07-25T12:07:03.721+02:00</LastChange>
        <TranskribusMetadata docId="1428143" pageId="55385886" pageNr="91" tsid="130615292" status="IN_PROGRESS" userId="64420" imgUrl="https://files.transkribus.eu/Get?id=PATXICRHKINBAJTMPDLCOWND&amp;fileType=view" xmlUrl="https://files.transkribus.eu/Get?id=KQHUNKAMOPCVBVIJTGDIUQWH" imageId="44660785"/>
    </Metadata>
    <Page imageFilename="1428143_0091.jpg" imageWidth="6712" imageHeight="4328">
        <ReadingOrder>
            <OrderedGroup id="ro_1711822444125" caption="Regions reading order">
                <RegionRefIndexed index="0" regionRef="tr_1"/>
            </OrderedGroup>
        </ReadingOrder>
        <TextRegion id="tr_1" custom="readingOrder {index:0;}">
            <Coords points="3957,445 6345,445 6345,3794 3957,3794"/>
            <TextLine id="tr_1_tl_1" custom="readingOrder {index:0;}">
                <Coords points="5991,549 6020,537 6046,549 6070,531 6105,566 6167,587 6176,346 6132,346 6120,334 6082,361 6067,355 6044,367 6000,355"/>
                <Baseline points="6011,501 6089,501 6178,495"/>
                <TextEquiv>
                    <Unicode>82</Unicode>
                </TextEquiv>
            </TextLine>
            <TextLine id="tr_1_tl_2" custom="readingOrder {index:1;}">
                <Coords points="3946,760 4439,719 4767,763 4932,710 5193,739 5266,695 5269,587 4908,575 4641,634 4269,581 3949,628"/>
                <Baseline points="3963,704 4023,698 4113,698 4202,698 4292,698 4381,692 4471,692 4560,686 4650,686 4739,680 4829,680 4918,674 5008,674 5098,674 5187,674 5277,668"/>
                <TextEquiv>
                    <Unicode>Rauch, Brand in der Ferne.</Unicode>
                </TextEquiv>
            </TextLine>
            <TextLine id="tr_1_tl_3" custom="readingOrder {index:2;}">
                <Coords points="3940,865 4339,924 4577,851 4791,904 5160,865 5160,777 5008,731 4750,772 4477,736 4125,804 3940,757"/>
                <Baseline points="3957,847 4005,853 4095,853 4184,847 4274,847 4363,847 4453,841 4542,841 4632,841 4721,835 4811,829 4901,829 4990,829 5080,829 5169,835"/>
                <TextEquiv>
                    <Unicode>Die Bastei wieder leer.</Unicode>
                </TextEquiv>
            </TextLine>
            <TextLine id="tr_1_tl_4" custom="readingOrder {index:3;}">
                <Coords points="3940,1039 6278,980 6278,865 6055,842 3943,921"/>
                <Baseline points="3957,1008 4047,1008 4136,1002 4226,1002 4316,1002 4405,996 4495,996 4584,990 4674,990 4763,984 4853,984 4942,984 5032,984 5121,984 5211,979 5301,979 5390,973 5480,973 5569,967 5659,967 5748,961 5838,961 5927,961 6017,961 6106,955 6196,955 6286,949"/>
                <TextEquiv>
                    <Unicode>Der uralte Herr neben dem kleinen Mäderl, das</Unicode>
                </TextEquiv>
            </TextLine>
            <TextLine id="tr_1_tl_5" custom="readingOrder {index:4;}">
                <Coords points="3946,1223 4371,1165 4539,1223 4735,1144 5125,1223 5542,1132 5821,1179 5958,1162 5964,1000 5325,1027 5152,1103 3949,1071"/>
                <Baseline points="3963,1158 3999,1158 4089,1158 4178,1158 4268,1158 4357,1158 4447,1152 4536,1152 4626,1146 4716,1140 4805,1140 4895,1140 4984,1140 5074,1134 5163,1134 5253,1134 5342,1128 5432,1128 5521,1122 5611,1122 5701,1116 5790,1116 5880,1116 5969,1104"/>
                <TextEquiv>
                    <Unicode>tot daliegt. Er spricht auf sie ein und</Unicode>
                </TextEquiv>
            </TextLine>
            <TextLine id="tr_1_tl_6" custom="readingOrder {index:5;}">
                <Coords points="3963,1332 6117,1270 6214,1326 6217,1203 5111,1244 4926,1171 4495,1267 3966,1250"/>
                <Baseline points="3981,1307 4071,1313 4160,1313 4250,1313 4339,1313 4429,1307 4519,1307 4608,1307 4698,1301 4787,1301 4877,1295 4966,1295 5056,1295 5145,1289 5235,1283 5324,1283 5414,1277 5504,1277 5593,1277 5683,1277 5772,1277 5862,1271 5951,1271 6041,1265 6130,1265 6220,1271"/>
                <TextEquiv>
                    <Unicode>versteht es nicht.dass sie nicht mehr lebt,</Unicode>
                </TextEquiv>
            </TextLine>
            <TextLine id="tr_1_tl_7" custom="readingOrder {index:6;}">
                <Coords points="3946,1490 5935,1461 5956,1320 5518,1373 5310,1291 4908,1385 4087,1329 3949,1391"/>
                <Baseline points="3963,1468 3993,1468 4083,1468 4172,1468 4262,1468 4351,1462 4441,1462 4530,1462 4620,1450 4710,1450 4799,1444 4889,1450 4978,1444 5068,1444 5157,1444 5247,1438 5336,1438 5426,1438 5515,1432 5605,1432 5695,1426 5784,1426 5874,1426 5963,1420"/>
                <TextEquiv>
                    <Unicode>Esche nbacher zu ihm hin, klärt ihn auf.</Unicode>
                </TextEquiv>
            </TextLine>
            <TextLine id="tr_1_tl_8" custom="readingOrder {index:7;}">
                <Coords points="4632,1555 4647,1558 4656,1549 4682,1552 4697,1546 4709,1555 4729,1549 4744,1555 4756,1570 4785,1561 4797,1464 4782,1461 4773,1467 4767,1455 4759,1464 4738,1464 4717,1484 4703,1473 4673,1473 4656,1484 4638,1484"/>
                <Baseline points="4650,1528 4710,1516 4799,1510"/>
                <TextEquiv>
                    <Unicode>1o4</Unicode>
                </TextEquiv>
            </TextLine>
            <TextLine id="tr_1_tl_9" custom="readingOrder {index:8;}">
                <Coords points="3958,1625 6149,1616 6155,1438 5630,1455 5436,1549 5114,1464 4726,1558 4492,1473 3961,1499"/>
                <Baseline points="3975,1617 4011,1623 4101,1623 4190,1623 4280,1623 4369,1617 4459,1611 4548,1611 4638,1611 4727,1605 4817,1605 4907,1605 4996,1599 5086,1599 5175,1593 5265,1587 5354,1593 5444,1587 5533,1587 5623,1581 5712,1581 5802,1581 5892,1575 5981,1575 6071,1570 6160,1575"/>
                <TextEquiv>
                    <Unicode>Eschenbacher und Jolsdorf zusammenstehend.</Unicode>
                </TextEquiv>
            </TextLine>
            <TextLine id="tr_1_tl_10" custom="readingOrder {index:9;}">
                <Coords points="3972,1819 5941,1760 6114,1737 6117,1663 5530,1687 5166,1614 3975,1678"/>
                <Baseline points="3987,1772 4059,1778 4148,1778 4238,1778 4328,1772 4417,1772 4507,1767 4596,1767 4686,1761 4775,1761 4865,1755 4954,1749 5044,1749 5133,1749 5223,1749 5312,1743 5402,1743 5492,1743 5581,1743 5671,1737 5760,1737 5850,1731 5939,1725 6029,1725 6118,1725"/>
                <TextEquiv>
                    <Unicode>Ordonannz des General Oreilly kommt über</Unicode>
                </TextEquiv>
            </TextLine>
            <TextLine id="tr_1_tl_11" custom="readingOrder {index:10;}">
                <Coords points="3958,1980 4351,1939 4976,1980 5017,1969 5023,1787 4753,1787 4591,1831 4544,1795 4342,1790 4201,1872 4060,1813 3961,1834"/>
                <Baseline points="3975,1934 4041,1934 4131,1934 4220,1928 4310,1928 4399,1928 4489,1922 4578,1916 4668,1922 4757,1916 4847,1910 4936,1910 5026,1916"/>
                <TextEquiv>
                    <Unicode>die Tastei geritten.</Unicode>
                </TextEquiv>
            </TextLine>
            <TextLine id="tr_1_tl_12" custom="readingOrder {index:11;}">
                <Coords points="3972,2162 4119,2221 5703,2156 6158,2115 6161,2015 5554,2048 5251,1960 5020,2065 4732,2013 3975,2077"/>
                <Baseline points="3987,2155 4017,2155 4107,2161 4196,2155 4286,2155 4375,2155 4465,2155 4554,2155 4644,2143 4733,2137 4823,2137 4913,2137 5002,2131 5092,2131 5181,2131 5271,2131 5360,2125 5450,2119 5539,2119 5629,2113 5718,2113 5808,2113 5898,2107 5987,2107 6077,2101 6166,2089"/>
                <TextEquiv>
                    <Unicode>Befehl vom General Oreilly im Namen Seiner</Unicode>
                </TextEquiv>
            </TextLine>
            <TextLine id="tr_1_tl_13" custom="readingOrder {index:12;}">
                <Coords points="3990,2256 6199,2221 6322,2206 6325,2136 3993,2177"/>
                <Baseline points="4005,2244 4089,2238 4178,2238 4268,2232 4357,2232 4447,2232 4536,2226 4626,2226 4716,2220 4805,2220 4895,2214 4984,2214 5074,2214 5163,2208 5253,2208 5342,2196 5432,2202 5521,2196 5611,2196 5701,2190 5790,2190 5880,2190 5969,2184 6059,2184 6148,2178 6238,2178 6327,2178"/>
                <TextEquiv>
                    <Unicode>kaiserlichen Hoheit,des Erzherzog Maximilian</Unicode>
                </TextEquiv>
            </TextLine>
            <TextLine id="tr_1_tl_14" custom="readingOrder {index:13;}">
                <Coords points="3990,2335 6073,2285 6076,2194 3990,2256"/>
                <Baseline points="4005,2322 4023,2316 4113,2316 4202,2310 4292,2304 4381,2298 4471,2304 4560,2304 4650,2298 4739,2298 4829,2292 4918,2286 5008,2280 5098,2286 5187,2286 5277,2280 5366,2280 5456,2274 5545,2274 5635,2268 5724,2268 5814,2262 5903,2256 5993,2256 6083,2262"/>
                <TextEquiv>
                    <Unicode>Zu den feid lichen Vorposten werden von</Unicode>
                </TextEquiv>
            </TextLine>
            <TextLine id="tr_1_tl_15" custom="readingOrder {index:14;}">
                <Coords points="4002,2426 6170,2359 6225,2291 4005,2335"/>
                <Baseline points="4017,2405 4083,2393 4172,2387 4262,2381 4351,2375 4441,2375 4530,2375 4620,2375 4710,2375 4799,2369 4889,2363 4978,2358 5068,2363 5157,2363 5247,2358 5336,2358 5426,2358 5515,2346 5605,2346 5695,2346 5784,2340 5874,2340 5963,2340 6053,2340 6142,2328 6232,2322"/>
                <TextEquiv>
                    <Unicode>jedem Tor aus zwei Mann gesandt mit dem Er-</Unicode>
                </TextEquiv>
            </TextLine>
            <TextLine id="tr_1_tl_16" custom="readingOrder {index:15;}">
                <Coords points="3984,2494 6220,2450 6243,2365 3984,2432"/>
                <Baseline points="3999,2471 4011,2471 4101,2471 4190,2465 4280,2459 4369,2459 4459,2459 4548,2453 4638,2447 4727,2453 4817,2447 4907,2447 4996,2441 5086,2435 5175,2441 5265,2435 5354,2435 5444,2435 5533,2429 5623,2429 5712,2423 5802,2423 5892,2417 5981,2417 6071,2411 6160,2411 6250,2411"/>
                <TextEquiv>
                    <Unicode>suchen das Bombardement einzutellen. Auf den</Unicode>
                </TextEquiv>
            </TextLine>
            <TextLine id="tr_1_tl_17" custom="readingOrder {index:16;}">
                <Coords points="3984,2541 6093,2523 6187,2514 6190,2432 3984,2494"/>
                <Baseline points="3999,2543 4047,2543 4136,2543 4226,2543 4316,2537 4405,2531 4495,2531 4584,2531 4674,2531 4763,2525 4853,2525 4942,2519 5032,2519 5121,2519 5211,2513 5301,2513 5390,2513 5480,2507 5569,2507 5659,2507 5748,2501 5838,2501 5927,2495 6017,2495 6106,2489 6196,2489"/>
                <TextEquiv>
                    <Unicode>erhöhtesten Punkten der Bastei sind weisse</Unicode>
                </TextEquiv>
            </TextLine>
            <TextLine id="tr_1_tl_18" custom="readingOrder {index:17;}">
                <Coords points="3984,2658 4453,2626 4703,2746 4982,2740 5108,2720 5116,2529 3987,2546"/>
                <Baseline points="3999,2626 4047,2626 4136,2626 4226,2620 4316,2620 4405,2620 4495,2614 4584,2614 4674,2608 4763,2608 4853,2602 4942,2596 5032,2596 5121,2590"/>
                <TextEquiv>
                    <Unicode>Fahnen aufzupflanzen.</Unicode>
                </TextEquiv>
            </TextLine>
            <TextLine id="tr_1_tl_19" custom="readingOrder {index:18;}">
                <Coords points="3987,2887 4154,2907 4304,2881 4471,2916 4773,2863 4879,2901 4885,2764 4738,2793 4700,2758 4442,2781 4368,2743 4169,2790 4113,2749 3993,2764"/>
                <Baseline points="4005,2859 4083,2853 4172,2853 4262,2847 4351,2847 4441,2841 4530,2841 4620,2841 4710,2835 4799,2835 4889,2829"/>
                <TextEquiv>
                    <Unicode>Er reitet weiter.</Unicode>
                </TextEquiv>
            </TextLine>
            <TextLine id="tr_1_tl_20" custom="readingOrder {index:19;}">
                <Coords points="3975,3066 4524,3010 4682,3092 5636,2989 5979,3054 6281,3016 6322,2863 4148,2960 3981,2893"/>
                <Baseline points="3993,3008 3999,3008 4089,3008 4178,3008 4268,3008 4357,3002 4447,3002 4536,2996 4626,2996 4716,2990 4805,2990 4895,2990 4984,2984 5074,2984 5163,2978 5253,2978 5342,2978 5432,2972 5521,2966 5611,2966 5701,2966 5790,2960 5880,2960 5969,2960 6059,2954 6148,2954 6238,2949 6327,2949"/>
                <TextEquiv>
                    <Unicode>Eschenba cher und Jolsdorf geben entsprechende</Unicode>
                </TextEquiv>
            </TextLine>
            <TextLine id="tr_1_tl_21" custom="readingOrder {index:20;}">
                <Coords points="3996,3198 4043,3192 4081,3218 4154,3218 4186,3201 4292,3215 4321,3198 4383,3221 4439,3201 4439,3095 4392,3075 4362,3089 4274,3054 4192,3101 4142,3072 4122,3083 4096,3069 3996,3092"/>
                <Baseline points="4011,3163 4101,3163 4190,3157 4280,3163 4369,3163 4447,3163"/>
                <TextEquiv>
                    <Unicode>Befehle.</Unicode>
                </TextEquiv>
            </TextLine>
            <TextLine id="tr_1_tl_22" custom="readingOrder {index:21;}">
                <Coords points="3981,3388 4888,3324 5609,3403 6143,3289 6146,3171 3987,3195"/>
                <Baseline points="3999,3319 4005,3319 4095,3319 4184,3313 4274,3313 4363,3313 4453,3307 4542,3307 4632,3307 4721,3301 4811,3301 4901,3295 4990,3295 5080,3289 5169,3289 5259,3283 5348,3283 5438,3277 5527,3277 5617,3277 5706,3271 5796,3271 5886,3271 5975,3265 6065,3265 6154,3259"/>
                <TextEquiv>
                    <Unicode>Eschenbacher reicht Jolsdorf die mand und</Unicode>
                </TextEquiv>
            </TextLine>
            <TextLine id="tr_1_tl_23" custom="readingOrder {index:22;}">
                <Coords points="3981,3515 4277,3544 4365,3503 4430,3529 4533,3494 4864,3500 4852,3383 4709,3377 4656,3406 4477,3394 4418,3359 4233,3409 3987,3391"/>
                <Baseline points="3999,3486 4065,3474 4154,3474 4244,3468 4333,3468 4423,3462 4513,3462 4602,3462 4692,3456 4781,3456 4871,3450"/>
                <TextEquiv>
                    <Unicode>geht verdrossen.</Unicode>
                </TextEquiv>
            </TextLine>
            <TextLine id="tr_1_tl_24" custom="readingOrder {index:23;}">
                <Coords points="3981,3694 5477,3603 6231,3705 6334,3688 6340,3485 5891,3518 5451,3409 4847,3559 3984,3556"/>
                <Baseline points="3999,3635 4017,3635 4107,3629 4196,3623 4286,3623 4375,3617 4465,3617 4554,3617 4644,3617 4733,3611 4823,3617 4913,3611 5002,3611 5092,3605 5181,3599 5271,3599 5360,3593 5450,3593 5539,3587 5629,3587 5718,3581 5808,3581 5898,3581 5987,3581 6077,3575 6166,3569 6256,3569 6345,3575"/>
                <TextEquiv>
                    <Unicode>Die Grenadiere pflanzen auf der Söhanze die</Unicode>
                </TextEquiv>
            </TextLine>
            <TextLine id="tr_1_tl_25" custom="readingOrder {index:24;}">
                <Coords points="4013,3796 4169,3837 4427,3802 4515,3837 4615,3796 4911,3817 4914,3685 4814,3691 4770,3653 4594,3685 4524,3650 4324,3726 4248,3708 4195,3735 4140,3682 4016,3702"/>
                <Baseline points="4029,3784 4113,3784 4202,3784 4292,3778 4381,3778 4471,3778 4560,3772 4650,3772 4739,3772 4829,3766 4918,3766"/>
                <TextEquiv>
                    <Unicode>weisse Fahne auf.</Unicode>
                </TextEquiv>
            </TextLine>
        </TextRegion>
    </Page>
</PcGts>
