6680 4296
5921 426 6196 632 bent
3694 573 6239 786 Eschenbacher und Frau Klähr am Fenster. Sie sehen
3688 783 4618 973 den Kindern nach.
3691 953 5381 1222 Eschenbacher: wie zu einem Fest.
3717 1267 6275 1559 Frangois und Agathe durch die strassen sehr eilig
3711 1520 6344 1716 Stillere Strassen und solche mit Menschen, Toldale
3776 1647 5152 1854 Büngergarde, Scharfschulden
3730 1991 4791 2201 In der Donauschenke.
3724 2096 6010 2319 Die Studenten in uniform mit ihren Mädchen.
3727 2296 6059 2496 Es treten hervor: der Leutnant Kribbling, der
3734 2420 6055 2659 Aelteste von ihnen Plank,bramabarsierend, der
3750 2597 6006 2780 düstere Winter, der ganz junge Schellbacher.
3747 2725 5797 2925 Unter den wädchen Elisabeth.Rosa, Marie.
3743 2872 6128 3095 Einzelne Tische, die trinken. der Wirt geht hin
3756 3092 4618 3265 und her,bedient.
3750 3180 6278 3406 Unter den Mädchen ist Marie die heiterste.Elisa-
3750 3344 6098 3547 beth von einer mehr gekünstelten Lustigkeit.
3770 3478 6301 3737 Anstossen. Es kommen immer wieder (nicht zu viel)
