6632 4440
5827 307 6029 601 107
3772 575 5958 816 Nach der Schlacht von Appern im besetzten
3775 718 4067 825 Wien.
3790 902 6089 1125 Die kaiserliche Reitschule ist in ein Spital
3802 1114 4856 1271 verwandelt worden. *
3778 1221 5163 1459 Die Reitschule von aussen.
3787 1411 5952 1593 Einige Verwundete, die hineintransportiert
3793 1557 6149 1727 werden. Wiener Bürger u.s.w. stehen bleibend.
3796 1709 5285 1897 Herr und Frau Berger kommen.
3799 1828 5863 2057 Herr und Frau Berger ins Spital hinein.
3802 2037 4472 2215 Spitalsgang.
3826 2126 6110 2346 Ihre Tochter Anna wird aus einem Krankenzim-
3805 2290 6202 2531 mer herausgerufen. Sie erscheint in Schwester
3826 2445 6172 2644 tracht. Die Eltern erkundigen sich nach ihrem
3820 2599 6032 2805 Befinden. Der Vater ist sehr zärtlich mit
3826 2751 5622 2992 ihr. Er hat ihr etwas mitgebracht.
3826 2835 6146 3153 Eben wieder werden Verwundete durch den Gang
3826 3079 5282 3323 getragen. Die Eltern gehen.
3841 3341 6199 3576 Vor dem Gebäude des französischen Generalsta-
3844 3564 4416 3811 bes (wo?).
