6840 4424
6214 379 6416 556 150
4058 629 4342 754 nung.
4065 718 6419 904 Medardus: Ich, der Retter des Kaisers? Ich kam
4065 843 5280 1008 hieher,um ihn zu töten.
4068 1041 5112 1228 Bewegung der Andern.
4068 1170 6367 1331 Rapp spricht auf Medardus ein.Medardus lehnt
4071 1325 5949 1530 alles ab. Rapp entfernt sich wieder.
4080 1527 6318 1689 Frau Klähr und Etzelt beschwören den Medar¬
4080 1695 4312 1829 dus.
4065 1826 5011 2003 Medardus wehrt ab
5127 1924 5579 2101 * zeichnet
4089 2022 6489 2266 Der Friede wird unterschrieben.
4089 2266 5726 2422 Im grossen Saal von Schönbrunn.
4092 2437 6456 2574 Νapoleon, der Marschall Bertier ui Andere.Die
4086 2574 6486 2718 österreichischen Friedensunterhändler. Das Do¬
4089 2758 6410 2877 kument auf dem Tische. Der Kaiser setzt eben
4089 2907 5573 3069 seine Unterschrift darunter.
4089 3032 5790 3209 Die Unterhändler entfernen sich.
4107 3188 6523 3368 Der Kaiser tritt zum Fenster und schaut in den
4095 3332 6547 3478 Park hinunter. Er geht von dem Saal aus in zam
4516 3469 4672 3555 in
4095 3472 6431 3668 Park. Er geht in einer Allee
