6616 4424
5765 334 5937 489 94
5162 462 5686 676 bekannt
3775 585 6113 790 Inbesondere werden für den etlas von Schraem-
3772 708 5785 942 bel pro Exemplar 400 Dukaten bezahlt.
3772 901 6084 1159 Entsprechende Bewegung bei den einzelnen An-
3787 1156 4261 1288 wesenden.
3775 1220 6133 1448 Wachshuber will mit den beiden atlanten fort.
3784 1384 5686 1592 Eschenbacher verstellt ihm die Türe.
3804 1560 4922 1738 Wachshuber will fort.
3807 1668 6145 1896 Eschenbacher will ihm die atlanten wegnehmen.
3819 1864 4767 2051 Wachshuber wütend.
3807 1969 5911 2218 Eschenbacher besteht auf der Zurückgabe.
3819 2183 4679 2367 Etzelt mit ihm.
3836 2300 6060 2563 Wachshuber: Aber wissen sie auch, dass Jeder,
3828 2426 6142 2622 der ein Exemplar zurückbehalt, ohne Gnade und
3842 2593 5446 2704 Barmherzigkeit erschossen wird.
3836 2613 6084 2780 Eschenbacher: Das ist zu gefährlich für Sie
3848 2637 6145 2865 Wachshuber.Stellen sie sich vor, man erwischt
3842 2765 5712 3032 Sie damit,ehe sie s verkauft haben.
3839 2973 5381 3169 Wachshuber immer erbitterter.
3845 3111 5490 3330 Eschenbacher immer überlegener.
3851 3266 5929 3465 Medardus hat jetzt mehr Iiterese an den
3860 3456 4884 3681 Vorgängen genommen.
3854 3620 6189 3819 Eschenbacher nimmt dem Wachshuber den einen,
