6779 4456
4327 273 6434 480 nun lass von dein in diesen Pläven erührt is
3825 354 4240 561 Ehell
4297 366 6074 564 Nedaertis. Der Friede Kneil! Napoléon
6128 399 6320 567 143
4276 465 5621 610 ist nicht mehr ewres Feuer
3969 597 6293 799 Etzelt hält sich zu Medardus hin,scheint be -
4804 688 5798 838 schnit norden gebe
3969 703 6125 943 sorgt. Medardus spielt den Gleichmütigen.
3981 916 6275 1120 Wachshuber wird sichtbar.Etzelt gewahrt ihn,
3987 1117 4582 1291 auf ihn zu.
4008 1174 6398 1399 Die Gäste zur Revue erscheinen allmählich. Die
4011 1363 5675 1576 Gardisten schaffen Raum für sie.
4029 1495 5900 1732 Medardus verliert sich in der Menge.
4023 1663 6269 1844 Wachshuber versucht dem tzelt zu entkommen.
4032 1780 6413 2006 Er wird unterdessen schon von Andern bemerkt,
4041 1985 6272 2165 Berger,Föderl u.s.w.Man drängt sich um ihn,
4032 2135 5561 2297 Etzelt ganz nah an ihn heran.
4029 2267 6248 2465 Der Vertraute tritt zu ihm, als wenn er ihn
4068 2384 6290 2609 verhaften wollte, entzieht ihn den Uebrigen.
4065 2543 6482 2792 Die Andern etwas entfernt merken, dass es nicht
4062 2723 5543 2930 mit richtigen Dingen zugeht.
4068 2918 5038 3081 Wieder auf ihn zu.
4068 3021 6482 3225 Etzelt tritt zwischen Wachshuber und den Ver-
4098 3261 4528 3420 trauten.
4104 3333 6518 3540 Wachshuber sucht in grosser Angst zu entkommen.
4089 3516 6269 3840 Ein Gruss vom seligen Herrn Eschenbacher.
