6872 4440
6111 447 6336 614 146
4006 617 6443 796 festgenommen worden, wird durch die Menschenmen-
4025 805 4714 960 ge abgeführt.
4013 957 4477 1109 KarzeXXX
4031 1090 5018 1267 Im Zimmer Helenens.
4025 1212 6376 1388 Nerina Ordnung machend. Sie öffnet den Sekre-
4031 1400 6242 1570 tär aus Neugier.Sie sieht den "rief da lie
4025 1546 4259 1704 gen.
4031 1643 5258 1847 Die Herzogin tritt ein.
4052 1847 5653 2014 Nerina willden Brief verbergen.
4040 1999 6233 2151 Herzogin sieht den Brief an, ist betroffen,
4690 2102 5422 2208 art möge tegen
4040 2157 6288 2308 öffnet ihn rasch. Entsetzen. Was sollen wir
4052 2278 6294 2439 tun? Sie gibt einen Auftrag. Sie will sofort
4040 2451 6476 2649 hinausfahren. Sie überlegt.Sie alt in den Garten
4040 2776 5261 2955 Im herzoglichen Garten.
4058 2861 6321 3047 Der Herz og allein und düster auf einer Bank
4043 3050 6394 3305 sitznd. Die Herzogin zu ihm. Zuerst unschlüs-
4064 3192 6279 3402 sig, dann sieht sie ein, dass sie ihm nichts
4055 3396 5006 3566 verschweiigen darf.
4058 3466 6497 3703 Mit ihm vor das Schlösschen in den bereitstehen-
4064 3697 4629 3906 den Wagen.
