6808 4360
6174 329 6349 516 99
4051 460 6160 670 Auch französisches Militär,promenierend.
4045 664 6352 868 Nerina und Medardus von der Stadt herkommen.
4045 824 5682 984 Man will sie nicht durchlassen.
4051 967 6393 1200 Nerina weist dem Bürgergardisten einen Durch-
4040 1150 4855 1282 lassschein vor.
4034 1255 6364 1503 Ein französisches Offizier mit Nerina
4040 1462 4584 1593 sprechend.
4040 1608 6137 1756 Man lässt Medardus und Nerina passieren.
4045 1765 6090 1954 Medardus und Nerina rasch übers Glacis.
4034 1911 4948 2126 Nacht, Mondschein.
4045 2141 4896 2347 Zimmer Helenens
4034 2380 5738 2531 Helene vom Balkon hereintretend.
4040 2513 5152 2677 Der Doktor Assalagny.
4034 2650 5886 2825 Helen befremdet über diesen Besuch.
4028 2822 6341 3023 Assalagny hat Wichtiges mir ihr zu sprechen.
4040 2971 6279 3195 Assalagny: Gaben Sie Ihre kühnen Pläne auf,
4063 3154 6142 3259 Frau Marquise. Der Marquis wird in Paris
4045 3210 6294 3402 nichts ausrichten. Napoleon ist stärker als
4051 3314 4631 3460 die Valois.
4022 3483 6297 3705 Helene behandelt ihn als ungebetenen Ratge-
4028 3623 6212 3868 ber. -Assalagny bemerkt ihre Unruhe, deutet
