6760 4312
6155 518 6313 653 89
4070 569 6302 886 Die Garnison, die auf dem Glacis die Waffen
4099 808 4680 987 niederlegt.
4084 920 5100 1153 Kleiner Ausschnitt.
4081 1145 5160 1395 In der Buchhandlung.
4084 1320 6394 1542 Etzelt beschäftigt Bücher zu ordnen. (Stella-
4087 1476 6302 1680 gen, Ladentisch),schreibt etwas in ein Buch
4076 1651 4314 1847 ein.
4087 1829 6285 1953 Medardus von der Strasse aus in den Laden.
4079 1930 5991 2123 Etzelt befremdet über sein Aussehen.
4070 2143 6296 2307 Medardus verstört. Setzt sich in eine Ecke
4081 2278 6342 2474 auf die Stufen der Leiter),stützt den Kopf
4090 2410 4795 2580 in die Hände.
4070 2537 6342 2738 Etzelt ihn tröstend, fragend, nicht ganz ver-
4084 2718 4536 2905 stehend.
4079 2873 5114 3066 Medardus abwehrend.
4081 2960 6184 3239 Frau Klähr kommt die Wendeltreppe herab
4081 3196 6357 3408 in den Laden. Noch auf der Treppe wendet sie
4076 3339 5022 3549 sich an Medardus.
