6888 4456
6210 372 6437 517 138
4038 517 5209 705 Medardh s lächelt trüb.
4544 617 4834 750 redet
4047 687 5433 844 Etzelt dringt auf ihn ein.
4063 774 6492 1019 Endlich entschliesst sich Medardus zu einer Er¬
4050 1004 4477 1180 klärung.
4069 1162 6404 1346 Ich wäre nur ein Werkzeug der Valois gewesen.
4075 1304 6401 1443 Helene wollte mich zum Mörder###dingen. Das hat
4057 1398 5330 1570 meinen Arm lahm gemacht.
5521 1425 5911 1519 nombre
4075 1573 6404 1739 Etzelt: Die Marquise scheint sich aber anders
4075 1694 6443 1845 entschlossen zu haben. Man sagt, sie sei die Ge-
4069 1791 4949 1906 liebte Napoleons.
4057 1942 5744 2160 Höchstes Erstaunen des Medardus
4069 2087 6262 2308 Eifersucht,Befreiung,Unglauben,Verwirrung.
4066 2338 6413 2496 Medardus: Nun ist es wieder meine eigene Tat,
4078 2459 5397 2653 nun darf ich sie begehen.
4069 2641 6241 2792 Helene in ihrem Zimmer, allein. Vom Balken
4087 2813 5348 2995 aus in den Garten sehend.
4081 2958 6138 3116 Rustan kommt und bringt ihr ein Billet.
4087 3110 5409 3337 Helene nimt es entgegen.
4105 3318 6349 3488 Liebe Frau Marquise. Gegen die Heimkehrdes
4105 3458 6359 3576 Herzogs von Valois nach Frankreich habe Ich
4099 3539 5324 3687 nichts mehr einzuwenden
