6840 4376
6000 274 6186 501 98
3949 521 4826 687 es sich handelt.
3941 682 6218 859 Sie beraten,wo die Bücher am besten zu ver-
3955 833 4645 1016 bergen wären.
3952 955 5685 1136 Eschenbacher kommt auf eine Idee.
3941 1110 6110 1319 Sie begeben sich alle durch die Werkstatt
3955 1305 5245 1471 in ein kleines Gärtchen.
3961 1421 5499 1625 Nacht. Mondschein-Ein Brunnen.
3949 1555 6227 1745 Eschenbacher mit einem Gehilfen zum Brunnen
3961 1748 5924 1899 hin. Sie blicken in den Schacht hinab.
3958 1914 6055 2094 Der Gehilfe klettert hinein. Er sickt.
3967 2071 5068 2257 Steigt wieder empor.
3970 2181 6186 2394 Die anderen Gehilfen kommen mit den beiden
3981 2359 4608 2560 Schraembels.
3970 2499 5714 2712 Versenkung der Bücher im Brunnen.
3976 2668 4776 2848 Steine darüber.
3981 2781 6323 3032 (Eschenbacher: Da wird man sie nicht finden).
3964 2977 6303 3186 Eschenbacher mit den Gehilfen aus dem Garten
3976 3146 4841 3344 wieder ins Haus.
3967 3469 4887 3676 Am Burgtor, innen.
3973 3507 6250 3842 Es ist geöffnet.Bürgergarde als Wachposten.
