6728 4312
6032 466 6198 617 85
3891 600 5569 818 Der General Rapp wird gemeldet.
3914 751 5723 944 Bewegung. Verschiedenes Verhalten.
3911 900 6186 1115 Desolteux ist dagegen, dass der General Rapp
3920 1086 4733 1267 empfangen wird.
3926 1203 5432 1474 Der Herzog lässt ihn bitten.
3917 1325 6212 1552 Der General Rapp tritt ein. Formelle Begrüs-
3938 1538 6207 1704 sung. Eben wie er beginnen will zu sprechen
3949 1646 6276 1879 stürzt, von Lakaien vergeblich zurückgehalten,
3929 1817 5904 2071 Medardus herein. Allgemeine Bewegung.
3944 2036 5181 2196 Medardus auf Helene zu.
3949 2170 5604 2313 Marquis packt ihn an der Brust.
3955 2248 6169 2487 Die Freunde des Marquis halten ihn zurück.
3961 2429 5289 2639 Helene zwischen sie alle.
3949 2528 5557 2796 Heleneund Medardus Aug in Aug.
3967 2729 6180 2933 Unter ihrem Rlick verliert Medardus seine
3967 2918 4666 3108 Willenskraft.
3978 3134 6314 3317 Helene: Sie wurden verwundet und lagen krank.
3976 3245 6320 3405 Nun scheint es, dass Fieberträume sie noch Im-
3996 3323 6183 3480 mer verfolgen. Keine Klage und kein Zorn
3996 3405 6332 3556 weckt die Toten wieder auf. Gehen Sie in Frie-
4005 3539 4244 3716 den.
