6872 4456
6167 352 6396 560 137
4020 515 5131 705 In tiefer Verstörung.
4047 822 4710 988 Buchhandlung.
4026 952 5188 1168 Frau Klähr und Etzelt.
4032 1126 6429 1280 Frau Klähr kommt eben von der Wendeltreppe he¬
4032 1313 6381 1439 runter. Etzelt und der Gehilfe in ihrer Weise
4032 1430 6336 1623 beschäftigt. Ein Kundewird bedient und ent -
4032 1605 4966 1759 fernt sich wieder.
4044 1737 6227 1912 Frau Klähr verdüstert, fragt nach Medardus.
4032 1888 6336 2036 Medardus kommt.Macht den Eindruck eines ganz
4020 2063 4969 2210 Haltlosen Menshen.
4086 2189 6345 2394 Frau Klähr in tiefer Bewegung. Sie will auf
4032 2355 6444 2487 Medardus zu,er wehrt ab. Sie entfernt sich wie-
4023 2508 5911 2701 der über die Wendeltrepje nach oben.
4032 2671 5077 2822 Medardus und Etzelt.
4032 2803 5348 2978 Etzelt redet auf ihn ein.
4026 2957 5673 3141 Medardus antwortet ausweichend.
4026 3102 6450 3288 Etzelt nähert sich ihm und keixeinen
4026 3267 6450 3403 sieht den Griff eines Dolchs aus seinem Gürtel
4035 3403 6179 3574 ragen (?) Er nimmt den Dolch in die Hand.
4038 3556 5423 3800 Sieht Medardus fragend an.
