6792 4328
6035 364 6194 498 90
3962 535 6325 809 Frau Klähr: Komm herauf Medardus, ich hab Dein
3962 688 5631 937 bürgerlich Gewand hergerichtet.
3965 859 6163 1086 Eschenbacher schon in Zivil kommt herein.
3978 1089 6097 1251 Vielleicht noch in zuiform und den Säbel
4650 1145 6471 1329 "Ich ward wint die Polizei in der Frausou¬
3987 1220 6337 1432 hinwerfend. 24 bis wohl mehr bei der Bürgerzug der
3984 1388 5534 1553 Wieder Blick auf die Strasse.
3984 1475 6206 1687 Vorbeiziehende Truppen. Die Wiener Bürger.
3978 1665 5266 1864 Eschenbacher angewidert.
4003 1861 6197 2126 Jetzt rufen sie schon:Es lebe Kaiser Napo-
4003 2064 4308 2213 l eon.
4003 2375 4460 2562 Strasse.
4015 2558 4980 2723 Lebhafte Bewegung.
4158 2671 4622 2773 naguliali.
4009 2695 5979 2876 EinBennter verliest eine Kundmachung.
4018 2776 6518 3050 Leute, die sich um ihn sammeln. Hie den der Verhörte
4037 2979 5761 3181 Darunter insbesondere Wachshuber.
4037 3125 6343 3402 Ein junges Mädel, mit der Wachshuber schäkert.
4043 3393 6132 3545 Auf Befehl des Herrn General Gouverneurs
4043 3477 6365 3623 Divisionsgenerals und Reichskrafen Andressy
4049 3542 6169 3695 wird an hiermit zu allgemeinen Nachahtung
4049 3614 6393 3835 verordnet, dass ein jeder Besitzer von Pulver,
