6856 4456
6191 438 6404 661 145
4038 622 6254 805 ihn das Ganze nichts an. Wie sie aussteigt
4038 802 5212 988 wächst seine Erregung.
4041 958 6431 1120 Helene setzt ihren Fuss auf die ersten Stufen,
4032 1078 6329 1279 plötzlich stürzt Medardus hervor, stösst den
4056 1267 6386 1432 Gardisten von der Treppe weg,eilt einige Stu-
4062 1408 6473 1561 fen voraus, tritt Helene gegenüber. Will sie auf
4056 1579 6467 1717 halten. Helene wünscht, dass xxx er den Weg frei
4056 1726 6398 1889 gäbe. Er weist sie zurück, sie eine Stufe wei-
4062 1889 6311 2051 ter, sie winkt der Wache, Medardus auf Helene
4044 2039 5158 2207 zu, sticht sie nieder.
4050 2183 5948 2360 Entsprechende Bewegung in der Menge.
4092 2339 6374 2471 general Rapp tritt eben auf die Terrasse,die
4062 2489 5642 2651 Treppe hinunter, zu Helene hin.
4053 2597 6275 2807 Trommler tretem aus dem Vorgemacht auf die
4065 2798 6392 2951 Terrasse hinaus. Bewegung in der Menge. Napo-
4068 2903 6434 3096 Leon auf die Terrasse hinaus, sieht dass unten
4071 3051 6392 3291 sich etwas begibt,Blick von Rapp zu Napoleon
4065 3273 4609 3423 nach oben.
4086 3369 5873 3603 Ναρoleon herunter,erkenntn Helene.
4074 3537 6380 3732 Medardus ist unterdessen von zwei Gardisten
