6760 4408
6241 229 6422 382 92
3935 538 6000 755 Eschenbachen kommt. Wirft den Säbel hin.
3965 715 6263 898 Ich mach nicht die Polizei von den Franzosen
3965 877 5997 1017 Ich bin nicht mehr bei der Bürgergarde.
3953 1011 5551 1243 Frau klähr ihn beschwichtigend.
3956 1234 6196 1414 Wachshuber tritt in den Laden. Ueberfreund-
3950 1402 6098 1546 lich,alle begrüssend (kein Händereichen).
3950 1531 6281 1735 Er wendet sich an Etzelt, er will etwas kaufen
3959 1671 6021 1870 Besichtigt die Rücher in den Seellagen.
3956 1815 6263 2068 Dann fällt ihm plötzlich etwas ein.Nimmt ein
5358 1928 5676 2025 sichler
3978 1955 6263 2181 Notizbuch aus der Tasche. [Er will Landkarten
3956 2151 4298 2349 haben.
3972 2303 6223 2520 Wachshuber: Ich möchte eine Landkarte haben
3972 2471 6217 2600 von Wien und umgebung. Haben sie vielleicht
3959 2569 6174 2691 zugällig den Schraembal? — je indéterſt mais
4069 2655 6522 2792 wie das verhandl Alles-Scharebel- oder Scheimbel-
3959 2743 6028 2966 Etzelt nach kurzem Nachdenken nickt. Er
3972 2930 4570 3104 sucht dann.
3962 3034 6226 3254 Während dieser Zeit versucht Wachshuber im-
3959 3214 6299 3385 mer mit Eschenbacher ein Gepräch anzulüpfen.
3965 3357 5496 3593 Immer Fraussen Leute vorüber.
4708 3486 5380 3590 den gernebten.
3965 3516 6333 3700 Etzelt bringt einen Atlas, endlich sogar einen
