6664 4344
5939 244 6115 414 24
3618 445 5204 717 für Agathe und für unser Land.
3628 683 6056 868 Agathe tritt zu ihrer Mutter hin. Der Abend ist
3631 859 5905 1032 so schön, sie möchte mit Francois noch einen
3637 989 6124 1251 Spaziergang machen. Frau Klähr gibt ihre Einwilli-
3640 1224 3937 1341 gung.
3659 1267 5948 1468 Frau Klähr: Aber nicht länger als ein halbes
3652 1462 4224 1647 Stündchen.
3662 1591 6112 1820 Agathe ins Nebenzimmer, vor ihrem Schrank,öf fnet
3659 1752 6059 1931 ihm, nimmt einen Umhang heraus,bringt nochbihre
3665 1903 6078 2083 Sachen rasch in Ordnung, sieht sich noch einmal
646 1962 949 2200 . I. p.
3671 2027 5902 2231 im Zimmer um, das sie nicht wiedersehen wird.
3655 2206 5871 2419 François.die Hände der Frau Klähr küssend:
3674 2453 6019 2679 Wie soll ich Ihnen danken für das Engelskind,
3686 2759 6093 2994 agathe kommt herein, nimmt von ihrer Mutter und
4885 2871 5204 2976 scheint
3674 2914 5482 3152 Eschenbacher Abschied/sehr heiter.
3693 3204 6121 3452 Francois und Agathe die Treppe hinunter.Aus dem
3680 3445 4134 3600 Haustor.
3674 3547 5278 3791 Die Treppen zur Bastei hinauf.
