6648 4344
3645 606 4861 836 Berger und Frau kommen.
3658 808 6041 963 Man lädt sie ein,am Tisch Platz zu nehmen.Man
3652 909 6038 1105 schenkt ihm Wein ein.Er bewundert Medardus in
4886 1016 6180 1165 und eine Schnapsflasche
3649 1111 6123 1294 Uniform, überreicht ihm die Salami erzählt seine
3645 1228 4296 1452 Neuigkeiten.
3677 1490 6183 1638 Berger: Vor einer Stund sind die Gottesheimdrago
3671 1556 6028 1708 ner eingeritten beim Neuthor. Die Bürgerschaft
3677 1663 4987 1872 übernimmt die Nachposten.
3671 1941 6120 2093 Berger: Wenn die Franzosen wirklich vor den To-
3686 2007 6227 2206 ren stehen wird der Johann Nepomuk Berger wissen
3677 2140 4580 2310 was er zu tunhat.
3838 2241 5508 2377 Eschenl. behandelt ihn als auch seine
3677 2282 6114 2541 Agathe packt die Sachen für Medardus in seinen
3677 2500 4214 2670 Térnister.
3690 2626 4687 2850 François tritt ein.
3693 2793 4741 2998 Allgemeine Bewegung.
3677 2856 5482 3112 Agathes angstvoll fragender Plick.
3668 3033 6006 3276 François streckt Medardus die Hand entgegen,
3671 3245 4529 3447 Medardus zögert.
3696 3462 5312 3712 François: Medardus mein Bruder.
3693 3690 5233 3888 Medardus ergreift seine Hand.
