6856 4456
6195 406 6405 600 147
4051 625 5195 798 Medardus im Gefängnis.
4057 761 5164 973 Vor sich hinstarrend.
4057 910 6259 1143 Wache vor dem Gefängnis im Gang auf und ab
4064 1107 4643 1292 schreitend.
4082 1222 6429 1428 Der xxxkermeister ihm das Essen bringend. Sehr
4064 1374 5465 1565 rüd. Medardus teilnahmslos.
4070 1625 6377 1835 In einem Saal des Schlosses die Leiche Hele¬
4088 1868 4922 2014 nens aufgebahrt.
4082 1983 5762 2189 Nacht.Leichenwache. (Offiziere?)
4088 2114 6323 2311 Νapoleon tritt herein mit dem General Rapp.
4097 2290 6071 2462 Kaiser betrachtet die Leiche Helenens.
4091 2453 6295 2611 Eine Wache bringt eine Meldung. Der Kaiser
4091 2593 6529 2787 gibt einen Auftrag. Der Herzog und die Herzogin
4106 2738 6523 2929 von Valois werden herangeführt. Herzogin stürzt
4103 2911 6396 3057 entsetzt nieder an der Leiche ihrer Tochter.
4103 3002 6429 3224 Νapoléon tritt auf den Herzog zu, der zögernd
4115 3257 5004 3409 seine Hand nimmt.
4115 3305 6550 3530 Die Herzogin zuerst unschlüssig,gibt dann Napo-
4115 3536 6317 3730 Leon das hinterlassene Schreiben Helenens.
