6888 4376
6083 422 6289 579 120
4053 554 6264 763 grund der Loge zurück, wo ihm im Zwischnakt
4072 788 6314 929 Gesuche vorgelegt werden und wo er den Cou-
4066 935 4813 1142 rier empfängt.
4059 1167 5967 1370 Im Schlosshof von Schönbrunn. Nachts
4072 1370 6158 1529 Frau Klähr wartend.Zu den Fenstern auf
4063 1517 6402 1692 schauend..Posten fragend.Versucht Einlass zu
4066 1698 6349 1833 bekommen. Endlich wird sie fortgewiesen. und
4072 1855 4726 2011 wankt davon.
4081 2083 6596 2321 Zimmer in der Kaserne.  Oder
4085 2302 6508 2449 Gerichtsverhandlung gegen Eschmbacher und seine
4075 2468 4569 2618 Gesellan
4078 2536 6393 2758 An einem langen Tisch die Militärkommission.
4072 2696 6277 2896 Zwei Hauptleute,vier Leutrants.Ein Aktuar.
4078 2865 6480 3062 Eschenbacher vor ihnen und seine drei Gesellen
4097 3015 6411 3203 Frage und Antworten. Verschiedenes Verhalten
4078 3237 6361 3412 der Offiziere. Einer, der ihn zu verteidigen
4078 3362 5595 3603 sucht.Abwehr des Hauptmanns.
