<?xml version="1.0" encoding="UTF-8" standalone="yes"?>
<PcGts xmlns="http://schema.primaresearch.org/PAGE/gts/pagecontent/2013-07-15" xmlns:xsi="http://www.w3.org/2001/XMLSchema-instance" xsi:schemaLocation="http://schema.primaresearch.org/PAGE/gts/pagecontent/2013-07-15 http://schema.primaresearch.org/PAGE/gts/pagecontent/2013-07-15/pagecontent.xsd">
    <Metadata>
        <Creator>prov=READ-COOP:name=TrHtr:version=2.1.0:model_id=51170:date=25_07_2023_12:07</Creator>
        <Created>2023-05-10T11:18:51.116+02:00</Created>
        <LastChange>2023-07-25T12:07:18.412+02:00</LastChange>
        <TranskribusMetadata docId="1428143" pageId="55386121" pageNr="136" tsid="130615440" status="IN_PROGRESS" userId="64420" imgUrl="https://files.transkribus.eu/Get?id=CLFADXQZWQGUDFVPYBNYROCD&amp;fileType=view" xmlUrl="https://files.transkribus.eu/Get?id=ZOFAVCXGKJTKUAVKXTQTERXF" imageId="44661020"/>
    </Metadata>
    <Page imageFilename="1428143_0136.jpg" imageWidth="6904" imageHeight="4392">
        <ReadingOrder>
            <OrderedGroup id="ro_1711822521305" caption="Regions reading order">
                <RegionRefIndexed index="0" regionRef="tr_1"/>
            </OrderedGroup>
        </ReadingOrder>
        <TextRegion id="tr_1" custom="readingOrder {index:0;}">
            <Coords points="4093,600 6570,600 6570,3763 4093,3763"/>
            <TextLine id="tr_1_tl_1" custom="readingOrder {index:0;}">
                <Coords points="6200,712 6230,718 6278,694 6293,706 6314,697 6326,709 6347,700 6365,718 6395,712 6395,530 6362,521 6335,536 6311,524 6281,542 6257,536 6200,545"/>
                <Baseline points="6218,656 6307,650 6397,656 6403,656"/>
                <TextEquiv>
                    <Unicode>126</Unicode>
                </TextEquiv>
            </TextLine>
            <TextLine id="tr_1_tl_2" custom="readingOrder {index:1;}">
                <Coords points="4079,937 4411,853 6398,910 6347,724 6063,679 5324,775 4082,724"/>
                <Baseline points="4099,835 4165,829 4254,835 4344,835 4433,835 4523,835 4612,835 4702,835 4791,829 4881,829 4970,829 5060,829 5149,823 5239,823 5328,823 5418,823 5507,823 5597,823 5686,817 5776,817 5865,811 5955,805 6044,811 6134,805 6223,805 6313,805 6403,805"/>
                <TextEquiv>
                    <Unicode>Helene: Medardus muss es tun. Doch wo bleibt</Unicode>
                </TextEquiv>
            </TextLine>
            <TextLine id="tr_1_tl_3" custom="readingOrder {index:2;}">
                <Coords points="4198,970 5515,1068 5889,979 6563,1026 6563,898 6452,889 4929,946 4198,856"/>
                <Baseline points="4216,926 4302,966 4392,972 4481,978 4571,984 4660,984 4750,978 4839,978 4929,978 5018,972 5108,972 5197,966 5287,966 5376,972 5466,972 5555,972 5645,972 5734,972 5824,972 5913,972 6003,978 6092,978 6182,984 6271,990 6361,990 6450,1002 6540,1008 6570,1008"/>
                <TextEquiv>
                    <Unicode>?  Neinte kunent in hwst nachrichten</Unicode>
                </TextEquiv>
            </TextLine>
            <TextLine id="tr_1_tl_4" custom="readingOrder {index:3;}">
                <Coords points="4094,1245 4169,1251 4225,1230 4258,1260 4324,1224 4354,1245 4513,1236 4543,1251 4567,1236 4599,1251 4599,1170 4564,1173 4519,1143 4468,1164 4414,1125 4357,1125 4336,1146 4264,1125 4222,1143 4094,1137"/>
                <Baseline points="4111,1217 4201,1211 4290,1211 4380,1211 4469,1211 4559,1217 4606,1223"/>
                <TextEquiv>
                    <Unicode>Friedhof:</Unicode>
                </TextEquiv>
            </TextLine>
            <TextLine id="tr_1_tl_5" custom="readingOrder {index:4;}">
                <Coords points="4076,1389 4686,1421 4818,1374 5015,1430 5267,1424 5348,1365 5500,1389 5500,1323 5306,1263 5204,1308 5093,1254 4815,1311 4710,1269 4650,1317 4076,1269"/>
                <Baseline points="4093,1372 4165,1366 4254,1366 4344,1366 4433,1372 4523,1366 4612,1366 4702,1366 4791,1366 4881,1360 4970,1360 5060,1354 5149,1354 5239,1354 5328,1354 5418,1354 5507,1366"/>
                <TextEquiv>
                    <Unicode>Das Begräbnis Eschmbachers.</Unicode>
                </TextEquiv>
            </TextLine>
            <TextLine id="tr_1_tl_6" custom="readingOrder {index:5;}">
                <Coords points="4088,1556 4166,1526 4246,1565 4342,1559 4375,1532 4474,1547 4474,1481 4447,1484 4426,1463 4366,1469 4348,1451 4279,1439 4222,1484 4166,1451 4088,1445"/>
                <Baseline points="4105,1521 4195,1521 4284,1521 4374,1521 4463,1527 4481,1527"/>
                <TextEquiv>
                    <Unicode>Nachts.</Unicode>
                </TextEquiv>
            </TextLine>
            <TextLine id="tr_1_tl_7" custom="readingOrder {index:6;}">
                <Coords points="4088,1700 6266,1685 6344,1568 5958,1508 5449,1598 5039,1613 4842,1529 4088,1595"/>
                <Baseline points="4105,1670 4111,1676 4201,1676 4290,1676 4380,1670 4469,1670 4559,1664 4648,1664 4738,1664 4827,1664 4917,1664 5006,1658 5096,1658 5185,1658 5275,1658 5364,1658 5454,1658 5543,1658 5633,1652 5722,1652 5812,1647 5901,1652 5991,1647 6080,1647 6170,1647 6259,1647 6349,1658"/>
                <TextEquiv>
                    <Unicode>Am offenen Grab Frau Klähr, Medardus, Etzelt,</Unicode>
                </TextEquiv>
            </TextLine>
            <TextLine id="tr_1_tl_8" custom="readingOrder {index:7;}">
                <Coords points="4112,1855 4309,1867 4489,1834 4534,1861 4641,1828 4689,1864 4860,1852 4935,1879 4932,1757 4896,1748 4716,1775 4629,1739 4519,1793 4441,1745 4330,1781 4109,1748"/>
                <Baseline points="4129,1814 4218,1820 4308,1826 4397,1826 4487,1820 4576,1820 4666,1820 4756,1820 4845,1820 4935,1826 4941,1826"/>
                <TextEquiv>
                    <Unicode>Bergers etc. etc.</Unicode>
                </TextEquiv>
            </TextLine>
            <TextLine id="tr_1_tl_9" custom="readingOrder {index:8;}">
                <Coords points="4076,1996 6410,1996 6470,1864 4076,1903"/>
                <Baseline points="4093,1975 4147,1975 4236,1975 4326,1975 4415,1975 4505,1975 4594,1975 4684,1969 4773,1969 4863,1969 4952,1963 5042,1969 5131,1963 5221,1963 5310,1963 5400,1957 5490,1957 5579,1957 5669,1957 5758,1951 5848,1951 5937,1951 6027,1951 6116,1951 6206,1945 6295,1945 6385,1945 6474,1939"/>
                <TextEquiv>
                    <Unicode>Frau klähr und die Andern werfen Erdschollen ins</Unicode>
                </TextEquiv>
            </TextLine>
            <TextLine id="tr_1_tl_10" custom="readingOrder {index:9;}">
                <Coords points="4085,2164 4582,2140 4749,2232 5746,2119 6021,2202 6353,2119 6353,2020 4845,2071 4513,2002 4088,2080"/>
                <Baseline points="4105,2130 4123,2130 4212,2130 4302,2130 4392,2130 4481,2130 4571,2124 4660,2124 4750,2118 4839,2118 4929,2118 5018,2118 5108,2118 5197,2118 5287,2118 5376,2118 5466,2112 5555,2112 5645,2106 5734,2106 5824,2106 5913,2106 6003,2106 6092,2100 6182,2100 6271,2100 6361,2100"/>
                <TextEquiv>
                    <Unicode>Grab. Nachher erheben Einige wie beschwörend</Unicode>
                </TextEquiv>
            </TextLine>
            <TextLine id="tr_1_tl_11" custom="readingOrder {index:10;}">
                <Coords points="4100,2376 4190,2352 4261,2298 4309,2286 4363,2319 4441,2295 4582,2310 4582,2241 4519,2223 4384,2235 4363,2214 4261,2220 4187,2182 4100,2199"/>
                <Baseline points="4117,2285 4207,2285 4296,2285 4386,2285 4475,2285 4565,2285 4588,2285"/>
                <TextEquiv>
                    <Unicode>die Arme.</Unicode>
                </TextEquiv>
            </TextLine>
            <TextLine id="tr_1_tl_12" custom="readingOrder {index:11;}">
                <Coords points="4106,2544 6060,2523 6428,2499 6455,2412 4109,2418"/>
                <Baseline points="4123,2518 4129,2512 4218,2512 4308,2518 4397,2512 4487,2512 4576,2518 4666,2506 4756,2512 4845,2506 4935,2500 5024,2500 5114,2500 5203,2506 5293,2506 5382,2500 5472,2500 5561,2494 5651,2494 5740,2494 5830,2494 5919,2494 6009,2494 6098,2488 6188,2482 6277,2482 6367,2476 6456,2482"/>
                <TextEquiv>
                    <Unicode>Wenn das Joch von uns genommen ist wollen wir</Unicode>
                </TextEquiv>
            </TextLine>
            <TextLine id="tr_1_tl_13" custom="readingOrder {index:12;}">
                <Coords points="4100,2609 6506,2594 6506,2508 4100,2526"/>
                <Baseline points="4117,2601 4183,2595 4272,2595 4362,2589 4451,2589 4541,2589 4630,2583 4720,2589 4809,2595 4899,2583 4988,2583 5078,2577 5167,2577 5257,2577 5346,2571 5436,2571 5525,2571 5615,2571 5704,2565 5794,2565 5883,2565 5973,2560 6062,2565 6152,2560 6241,2560 6331,2560 6420,2560 6510,2571"/>
                <TextEquiv>
                    <Unicode>dir eine Feier veranstalten, Jakob Eschenbacher,</Unicode>
                </TextEquiv>
            </TextLine>
            <TextLine id="tr_1_tl_14" custom="readingOrder {index:13;}">
                <Coords points="4097,2750 5805,2699 6203,2774 6206,2574 4100,2609"/>
                <Baseline points="4117,2673 4153,2673 4242,2673 4332,2673 4421,2667 4511,2667 4600,2667 4690,2661 4779,2661 4869,2667 4958,2661 5048,2655 5137,2655 5227,2655 5316,2655 5406,2655 5495,2649 5585,2649 5674,2643 5764,2643 5854,2643 5943,2643 6033,2643 6122,2643 6212,2655"/>
                <TextEquiv>
                    <Unicode>wie sie die Welt noch nicht gesehen hat.</Unicode>
                </TextEquiv>
            </TextLine>
            <TextLine id="tr_1_tl_15" custom="readingOrder {index:14;}">
                <Coords points="4100,2909 5198,2960 6377,2897 6377,2819 6018,2747 5315,2831 4100,2816"/>
                <Baseline points="4117,2906 4147,2906 4236,2900 4326,2900 4415,2900 4505,2900 4594,2894 4684,2894 4773,2894 4863,2894 4952,2894 5042,2888 5131,2888 5221,2888 5310,2882 5400,2882 5490,2882 5579,2882 5669,2882 5758,2882 5848,2876 5937,2876 6027,2870 6116,2870 6206,2870 6295,2870 6385,2870"/>
                <TextEquiv>
                    <Unicode>Der Vertraute unter den Leuten,der sie zum</Unicode>
                </TextEquiv>
            </TextLine>
            <TextLine id="tr_1_tl_16" custom="readingOrder {index:15;}">
                <Coords points="4100,3079 6467,3043 6407,2915 4103,2975"/>
                <Baseline points="4117,3061 4147,3061 4236,3061 4326,3055 4415,3055 4505,3055 4594,3049 4684,3043 4773,3043 4863,3043 4952,3043 5042,3043 5131,3043 5221,3043 5310,3037 5400,3037 5490,3037 5579,3037 5669,3037 5758,3031 5848,3031 5937,3031 6027,3031 6116,3025 6206,3025 6295,3025 6385,3019 6474,3013"/>
                <TextEquiv>
                    <Unicode>Auseinandergehen auffordert. Feindseliges Ver-</Unicode>
                </TextEquiv>
            </TextLine>
            <TextLine id="tr_1_tl_17" custom="readingOrder {index:16;}">
                <Coords points="4094,3220 4632,3289 4764,3211 5632,3202 6057,3286 6431,3232 6434,3115 6138,3055 5473,3127 5333,3061 5201,3142 4097,3106"/>
                <Baseline points="4111,3216 4201,3210 4290,3210 4380,3210 4469,3210 4559,3204 4648,3204 4738,3204 4827,3204 4917,3198 5006,3204 5096,3198 5185,3192 5275,3192 5364,3192 5454,3192 5543,3186 5633,3186 5722,3186 5812,3186 5901,3180 5991,3180 6080,3180 6170,3180 6259,3180 6349,3174 6438,3180"/>
                <TextEquiv>
                    <Unicode>halten gegen ihn. Die Meisten entfernen sich</Unicode>
                </TextEquiv>
            </TextLine>
            <TextLine id="tr_1_tl_18" custom="readingOrder {index:17;}">
                <Coords points="4100,3388 4234,3393 4267,3414 4429,3411 4486,3382 4561,3420 4605,3405 4650,3429 4650,3286 4567,3292 4465,3250 4381,3298 4339,3277 4297,3292 4231,3277 4172,3301 4100,3262"/>
                <Baseline points="4117,3365 4207,3365 4296,3365 4386,3365 4475,3365 4565,3365 4654,3371"/>
                <TextEquiv>
                    <Unicode>allmählig.</Unicode>
                </TextEquiv>
            </TextLine>
            <TextLine id="tr_1_tl_19" custom="readingOrder {index:18;}">
                <Coords points="4103,3576 6114,3534 6114,3441 6015,3414 4106,3388"/>
                <Baseline points="4123,3520 4153,3520 4242,3520 4332,3520 4421,3514 4511,3520 4600,3514 4690,3514 4779,3508 4869,3508 4958,3508 5048,3502 5137,3502 5227,3502 5316,3502 5406,3502 5495,3502 5585,3496 5674,3496 5764,3496 5854,3496 5943,3496 6033,3496 6122,3502"/>
                <TextEquiv>
                    <Unicode>End ich bleibt Medardus allein zurück.</Unicode>
                </TextEquiv>
            </TextLine>
            <TextLine id="tr_1_tl_20" custom="readingOrder {index:19;}">
                <Coords points="4097,3830 6389,3744 6389,3666 6060,3609 5159,3678 4103,3621"/>
                <Baseline points="4117,3753 4159,3753 4248,3747 4338,3747 4427,3747 4517,3747 4606,3747 4696,3741 4785,3741 4875,3741 4964,3741 5054,3735 5143,3735 5233,3729 5322,3729 5412,3729 5501,3729 5591,3723 5680,3723 5770,3723 5859,3723 5949,3723 6039,3717 6128,3717 6218,3717 6307,3717 6397,3717"/>
                <TextEquiv>
                    <Unicode>Medardus: Jetzt ist die Zeit reif für meine</Unicode>
                </TextEquiv>
            </TextLine>
        </TextRegion>
    </Page>
</PcGts>
