6696 4376
6005 411 6169 593 57
3906 587 6169 804 ein Gespräch verwickelt. Helene erhebt sich,
3906 740 6172 936 verlässt die Tafel. Sie geht über die Stufen
3956 907 5973 1142 des Gartensaals in den Garten hinunts.
3921 1197 4312 1391 Garten.
3915 1233 6246 1491 Medardus liegend, ohnmächtig. Nerina eben sich
3921 1462 5444 1652 ein wenig von ihm entfernend.
3939 1579 6078 1793 Helene herankommend. Begegnung mit Nerina.
3942 1735 6078 1943 Helene (Du siehst, er ist nicht gekommen).
4361 1890 4675 1996 leitet
3945 1911 6175 2122 Nerina sie xxxx bis zu der Stel-
3948 2090 5063 2257 le, wo Medardus liegt.
3951 2178 6210 2416 Helene leicht erschreckend,erfreut,sich be-
3965 2418 4540 2597 herrschend.
3977 2530 5538 2747 Lakai mit Laterne kommt heran.
3968 2688 6210 2897 Man sieht diesen Lakai schon früher im Gar-
3974 2832 5439 3070 ten suchend längs der Maaer.
3983 3020 5207 3164 Neri na hört ihn kommen.
3971 3070 6334 3322 Nerina stellt sich so, dass man Medardus nicht
3974 3246 5993 3510 sehen kann. Helene hält den Diener auf.
5527 3545 5747 3680 goude
4646 3531 6343 3795 ort. Es nämlich ein sich in der letzten
4018 3575 4637 3754 Lakai: Ich
4009 3683 4640 3860 Geräusch geg
