6664 4328
5964 500 6131 674 14
3847 620 6092 922 Francois: Morgen werde ich mit meinem Vater
3844 880 4362 1075 sprechen.
3841 1045 6152 1263 Im herzoglichen Schlösschen.Der Herzog,Desol-
3859 1260 6242 1410 teux, Callard und Assalagny.Desolteux liest eben
3847 1401 6134 1551 ein Schreiben vor. (Dieses Schrieben enthält
3847 1569 6248 1688 einige Worte über Napoleons Vorrücken.Trotzdem
3841 1659 6239 1895 steht die sache der Valois gut). (Der Marquis)
3838 1826 6086 2084 Francois kommt, wünscht Vater und Mutter zu
3847 1985 4344 2188 sprechen.
3721 2158 5993 2464 Agathe in ihrem Zimmer,angstvoll wartend.
3847 2422 6059 2629 Herzogliches Schloss. Herzog, Herzogin, Fran-
3847 2655 6110 2826 cois.Herzog,und Herzog in abwehrend. Herzogin
3835 2745 5976 2946 milder,versucht den Herzog zu beruhigen.
3853 2925 6230 3102 Francois wird dringender.Herzogin immer abweh-
3847 3114 6200 3245 render, weist endlich seinen Sohn hinaus. Lässt
3844 3233 6170 3452 seine Getreuen wiederkommen. Fortsetzung der
3844 3413 4347 3616 Beratung.
4125 3592 6125 3748 Hiebe gehört etwa entcheiden der ube xxx
4122 3748 4595 3916 kunden.
