6712 4376
3923 545 6183 757 Zeit so viel Landstreichervolk herum in un-
3928 718 4632 950 serer Gegend.
3911 882 6138 1078 Helene scheinbar ungläubig, ihn beruhigend.
3923 1055 5017 1259 Lakai entfernt sich.
3934 1211 5860 1395 Medardus hat sich ein wenig erhoben.
3959 1393 6217 1602 Ich würde den Marquis rufen, wenn ihn anneh-
3954 1424 4331 1532 Helene:
3959 1506 6237 1688 men dürfte, dass sein Degen am Abend sicherer
3962 1631 4921 1835 träfe als bei Tag.
3965 1753 6180 1980 Medardus erfasst ihre Hand, und küsst sie,
3965 1937 6050 2201 Helene abwehrende Bewegung. (Sie müssen
3976 2130 4371 2323 gehen).
3965 2266 5707 2507 Medardus: (auf dem gleichen Weg?)
3979 2405 5800 2643 Nerina: (Still, man kann uns hören).
3993 2615 6180 2785 Wieder kommt der Lakai mit der Laterne in
3999 2754 4927 2972 der Nähe vorüber.
4013 2887 5857 3086 Auch ein zweiter Lakai., noch näher.
4025 3083 4495 3327 Im Saal.
4025 3242 6217 3483 Man erhebt sich vom Tisch, nähert sich dem
4036 3469 4447 3628 Garten.
