6856 4408
6016 375 6227 529 103
3794 586 6158 709 Ein Adjutant mit Depeschen tritt zu Napoleon.
3794 668 6227 889 Am Besten während er noch mit Helne spricht. Er
3810 826 5338 1090 eröffnet die Depeschen nicht.
3829 1030 5987 1324 Wir werden uns wiedersehen.Frau Marquise.
3804 1267 5553 1487 Blick zwischen den beiden Frauen.
3816 1434 5603 1699 Νapoleon ins Arbeitszimmer zurück.
3816 1680 5111 1947 Arbeitszimmer Napoleons.
3816 1925 5014 2099 Der wartende Sekretär.
3826 2029 6123 2329 Μapoléon beginnt sofort wieder zu diktieren.
3848 2682 5001 2855 Die Schlacht von Asper
3879 2748 6419 2912 Bei Aspern sollte Napoleon zum ersten Mal seinen
3851 2896 4843 3060 Ueberwinder finden)
3841 3205 4557 3429 An der Donau.
3854 3293 6236 3542 Νapür —on mit General Rapp hin und her gehend,
3857 3570 5048 3715 auch andere Offiziere.
3857 3671 5092 3936 Die entfernte Schlacht.
