6632 4360
5813 304 5995 572 16
3610 486 4804 725 Parade auf dem Glacis?
3659 625 5612 834 In der Kirche St.Stefan. Fahnenweihe.
3650 837 6128 993 Bürger und insbesondere Landwehr in der Kirche.
3643 1003 6065 1211 Der Fürsterzbischof spricht den Segen über die
3643 1145 4047 1300 Fahnen.
3600 1201 6197 1532 Die Kaiserin schlägt die Nägel in die Fahnen ein.
3643 1426 4199 1621 6 M.S.24).
3630 1545 5175 1770 Einige der Studenten knieend.
3630 1760 4768 1995 Medardus unter ihnen.
3650 2068 4698 2253 Vor der Universität
3630 2217 6124 2405 Medardus und seine Kameraden. (Kribbling,Plank,
3630 2372 4745 2558 Schallbach er), Burting
3643 2660 4440 2852 Im Hause Klähr.
3620 2842 6273 3067 Agathe am Fenster mit einer Handarbeit beschäftigt.
3630 2958 5072 3180 Anna eintretend.Begrüssung.
3630 3229 5926 3428 Anna: Nun heisst es doch wieder, dass wir die
3620 3375 5959 3600 Franzosen in vier Wochen vor den Toren haben
3630 3524 4017 3716 werden.
3620 3613 6042 3878 Agathe: Wenn es dem Medardus nicht gelingt sie
3620 3848 4675 4050 aufzuhalten. (M. 12).
