6888 4392
6080 488 6271 661 127
4029 572 6205 843 Tat. Napoleon soll sterben, wenn er aus der
4026 783 5943 986 nächsten Schlacht lebendig helmkommt.
4017 1006 6363 1134 Helene zwischen den Grabsteinen herankomme ud,
4023 1128 5071 1301 Medardus und Helene.
4014 1283 5690 1489 Medardus aufs Höchste betroffen.
4035 1450 6283 1611 Helene auf das Grab weisend, sie wusste, dass
4026 1614 5702 1804 sie Medardus hier treffen werde.
4026 1769 6113 1906 Helene fragt ihn, warum er sich
4032 1891 6422 2090 nicht mehr blicken lässt. Sie verläsist mit ihm
4040 2054 6431 2233 den Friedhof. wandeln zwischen den Gräbern hin
4040 2212 6312 2355 und her. Einige Mal ist sie schon daran ihm
4037 2346 6303 2528 den Brief zu zeigen, endlich entschlieset sie
4058 2543 5577 2730 sich. Sie gibt ihm den Brief.
4189 2692 5172 2835 napolion
4070 2718 6262 2891 Gibt es keine Männer in Wien? Wohn Ihr nur
4052 2846 5526 3013 zwölf entschlossene kaht...
4058 3034 6327 3257 Medardus weiss nicht,warum sie ihm den Brief
4049 3231 5377 3424 zeigt. Sie spricht ihm zu.
4070 3433 6402 3621 Wenn s gelänge, dein wäreder Ruhm, und die Va-
4079 3534 6428 3752 lois wissen gut zu Töhnen, was man für sie ge-
4079 3659 4311 3835 tan.
