6696 4376
3847 583 6080 842 näher zu ihm hin. Er fasst wieder ihre Hand.
3839 808 4950 1042 Helene lächelt jetzt.
3847 967 6061 1144 Sie tritt wieder von ihm fort.Sie klingelt
3869 1080 6002 1300 nach Nerina. Nerina tritt ein,erhält einen
3861 1314 4308 1464 Auftrag.
3864 1408 6055 1592 Medardus und Helene sitzen an einem Tisch.
3875 1594 5541 1761 Nerina bringt Backwerk und Wein.
3877 1764 4897 1919 Helene schenkt ein.
3891 1878 5363 2078 Nerima entfernt sich wieder.
3877 2047 5194 2255 Medardus isst und trinkt.
3888 2178 5419 2422 Helene wieder auf den Balkon.
3900 2397 5977 2622 Wieder die Gesellschaft im Garten.Herzog
3905 2594 4238 2836 u.s.w.
3908 2755 5077 2972 Medardus an dem Tisch.
3908 2830 6088 3125 Helene wieder hereintretend.Sich über ihn
3919 3086 5191 3302 beugend,küsst sein Haar.
3911 3200 6138 3477 Er blickt auf. Sie entfernt sich wieder, als
3916 3430 5005 3639 wäre nichts gewesen.
3922 3533 6110 3802 Nerima tritt wieder ein. Ob die Prinzessin
