6728 4376
6016 408 6178 620 34
3777 607 5960 866 Wien wird in Verteidiungszustand gesetzt.
3796 825 6122 1099 Stadtgraben. Eine Holzhütte wird abgebrochen.
3799 1031 6209 1242 Irgendwo auf einem Hügel wird eine Schantze er-
3799 1242 4253 1414 richtet.
3814 1351 6175 1554 Berger, der überall dabei ist,in angelegentli-
3833 1491 5919 1703 chem Gespräch mit einem der Arbeitenden.
3817 1619 6324 1871 Andere Wiener Bürger, Föderl und Bradel. Peter Till
3805 1787 6265 1996 Ein Strassenbild, durchziehende Truppen. Wachs
3839 1990 5577 2183 huber vor seinem Geschäft stehend.
3830 2301 4546 2491 Der Friedhof.
3842 2394 6109 2640 Grabsteine und Kreuze.Hügelkette im Hinter-
3858 2550 6203 2784 grund..Zwei breite Wege von rechts und links,
3845 2709 5611 2930 die zu einem offenen Grab führen.
3849 2874 5754 3126 Totengräber in dem Grab beschäftigt.
3855 3055 6299 3248 Wartende Leute, darunter: Föderl, der Aengsliche,
3870 3220 6302 3410 Frau Föderl,seine resolute Frau.Die alte ernst-
3858 3366 6203 3534 hafte Frau Winkler und ihre gerührte Tochter
3864 3550 4493 3730 Leopoldine
