<?xml version="1.0" encoding="UTF-8" standalone="yes"?>
<PcGts xmlns="http://schema.primaresearch.org/PAGE/gts/pagecontent/2013-07-15" xmlns:xsi="http://www.w3.org/2001/XMLSchema-instance" xsi:schemaLocation="http://schema.primaresearch.org/PAGE/gts/pagecontent/2013-07-15 http://schema.primaresearch.org/PAGE/gts/pagecontent/2013-07-15/pagecontent.xsd">
    <Metadata>
        <Creator>prov=READ-COOP:name=TrHtr:version=2.1.0:model_id=51170:date=25_07_2023_12:07</Creator>
        <Created>2023-05-10T11:18:52.626+02:00</Created>
        <LastChange>2023-07-25T12:07:21.087+02:00</LastChange>
        <TranskribusMetadata docId="1428143" pageId="55386171" pageNr="145" tsid="130615462" status="IN_PROGRESS" userId="64420" imgUrl="https://files.transkribus.eu/Get?id=SWYGMJNDNOQMTHUUWJXDLCUC&amp;fileType=view" xmlUrl="https://files.transkribus.eu/Get?id=IPXWTJBJNPLRPGJQYVAGOEHC" imageId="44661070"/>
    </Metadata>
    <Page imageFilename="1428143_0145.jpg" imageWidth="6888" imageHeight="4456">
        <ReadingOrder>
            <OrderedGroup id="ro_1711822535897" caption="Regions reading order">
                <RegionRefIndexed index="0" regionRef="tr_1"/>
            </OrderedGroup>
        </ReadingOrder>
        <TextRegion id="tr_1" custom="readingOrder {index:0;}">
            <Coords points="4013,481 6498,481 6498,3713 4013,3713"/>
            <TextLine id="tr_1_tl_1" custom="readingOrder {index:0;}">
                <Coords points="6084,606 6106,615 6190,609 6196,622 6234,612 6255,634 6311,625 6324,447 6283,441 6265,460 6237,466 6215,447 6196,457 6156,451 6137,432 6094,432"/>
                <Baseline points="6104,543 6146,543 6236,537 6325,531"/>
                <TextEquiv>
                    <Unicode>135</Unicode>
                </TextEquiv>
            </TextLine>
            <TextLine id="tr_1_tl_2" custom="readingOrder {index:1;}">
                <Coords points="4006,764 6100,789 6271,752 6274,615 4009,612"/>
                <Baseline points="4025,704 4043,704 4133,704 4223,710 4312,704 4402,704 4491,704 4581,704 4671,704 4760,704 4850,704 4939,698 5029,698 5119,698 5208,698 5298,704 5387,704 5477,704 5567,704 5656,698 5746,698 5835,686 5925,692 6015,692 6104,692 6194,692 6283,698"/>
                <TextEquiv>
                    <Unicode>Macht alles zur Reise fertig. Noch vor Abend</Unicode>
                </TextEquiv>
            </TextLine>
            <TextLine id="tr_1_tl_3" custom="readingOrder {index:2;}">
                <Coords points="3996,920 6175,938 6386,907 6386,771 3996,777"/>
                <Baseline points="4013,860 4061,860 4151,860 4240,860 4330,860 4420,854 4509,854 4599,860 4688,860 4778,860 4868,860 4957,860 5047,854 5136,854 5226,854 5316,854 5405,854 5495,854 5584,854 5674,854 5764,848 5853,848 5943,848 6032,848 6122,848 6212,848 6301,842 6391,830"/>
                <TextEquiv>
                    <Unicode>wollen wir uns auf den Weg nach Frankreich ma-</Unicode>
                </TextEquiv>
            </TextLine>
            <TextLine id="tr_1_tl_4" custom="readingOrder {index:3;}">
                <Coords points="4012,1088 4043,1097 4055,1085 4089,1112 4186,1103 4204,1122 4260,1078 4291,1075 4288,982 4251,985 4195,942 4133,966 4089,942 4065,957 4037,935 4009,932"/>
                <Baseline points="4025,1015 4115,1015 4205,1015 4294,1021 4300,1021"/>
                <TextEquiv>
                    <Unicode>chen.</Unicode>
                </TextEquiv>
            </TextLine>
            <TextLine id="tr_1_tl_5" custom="readingOrder {index:4;}">
                <Coords points="4002,1252 6097,1290 6364,1234 6367,1140 4006,1159"/>
                <Baseline points="4019,1242 4043,1242 4133,1242 4223,1242 4312,1242 4402,1242 4491,1242 4581,1242 4671,1242 4760,1242 4850,1236 4939,1236 5029,1236 5119,1236 5208,1230 5298,1230 5387,1230 5477,1230 5567,1230 5656,1230 5746,1230 5835,1230 5925,1230 6015,1224 6104,1224 6194,1224 6283,1224 6373,1224"/>
                <TextEquiv>
                    <Unicode>Desolteux aufs Tiefste erschüttert, wirft sich</Unicode>
                </TextEquiv>
            </TextLine>
            <TextLine id="tr_1_tl_6" custom="readingOrder {index:5;}">
                <Coords points="4009,1467 4776,1395 5050,1473 5277,1405 5827,1442 6175,1411 6178,1314 6013,1255 5395,1346 4009,1327"/>
                <Baseline points="4025,1391 4031,1391 4121,1391 4211,1391 4300,1397 4390,1397 4479,1391 4569,1391 4659,1391 4748,1391 4838,1391 4927,1385 5017,1385 5107,1385 5196,1391 5286,1385 5375,1385 5465,1385 5555,1379 5644,1379 5734,1379 5823,1379 5913,1379 6003,1379 6092,1379 6182,1379"/>
                <TextEquiv>
                    <Unicode>vor dem Herzog nieder, dann erhebt er sich</Unicode>
                </TextEquiv>
            </TextLine>
            <TextLine id="tr_1_tl_7" custom="readingOrder {index:6;}">
                <Coords points="4009,1572 4335,1591 4556,1548 4863,1610 4975,1563 5115,1610 5115,1448 4009,1482"/>
                <Baseline points="4025,1547 4115,1547 4205,1547 4294,1547 4384,1547 4473,1547 4563,1547 4653,1547 4742,1547 4832,1541 4921,1541 5011,1541 5101,1553 5124,1553"/>
                <TextEquiv>
                    <Unicode>rasch und eilt davon.</Unicode>
                </TextEquiv>
            </TextLine>
            <TextLine id="tr_1_tl_8" custom="readingOrder {index:7;}">
                <Coords points="3996,1728 4568,1756 4804,1706 4925,1765 5267,1700 5479,1750 5631,1737 5631,1607 5273,1554 4810,1659 4661,1600 3996,1625"/>
                <Baseline points="4013,1702 4025,1702 4115,1702 4205,1702 4294,1702 4384,1702 4473,1702 4563,1702 4653,1708 4742,1702 4832,1702 4921,1696 5011,1696 5101,1696 5190,1696 5280,1696 5369,1690 5459,1690 5549,1690 5638,1690"/>
                <TextEquiv>
                    <Unicode>Herzog fragt, wo Deso-lteux ist.</Unicode>
                </TextEquiv>
            </TextLine>
            <TextLine id="tr_1_tl_9" custom="readingOrder {index:8;}">
                <Coords points="4015,1933 4204,1936 4298,1880 4503,1861 4810,1945 5056,1902 5056,1790 4810,1759 4366,1793 4254,1743 4117,1790 4015,1753"/>
                <Baseline points="4031,1857 4079,1857 4169,1857 4258,1857 4348,1857 4438,1857 4527,1857 4617,1851 4706,1851 4796,1851 4886,1851 4975,1851 5065,1851"/>
                <TextEquiv>
                    <Unicode>Bewegung der Andern.</Unicode>
                </TextEquiv>
            </TextLine>
            <TextLine id="tr_1_tl_10" custom="readingOrder {index:9;}">
                <Coords points="3996,2088 4099,2144 4372,2088 4537,2147 4782,2088 5037,2141 5320,2076 5438,2107 5441,2023 5196,1995 5040,2035 4882,1967 4652,2004 4363,1948 3999,2014"/>
                <Baseline points="4013,2084 4103,2090 4193,2084 4282,2084 4372,2084 4461,2084 4551,2084 4641,2078 4730,2078 4820,2078 4909,2078 4999,2078 5089,2078 5178,2078 5268,2072 5357,2072 5447,2078"/>
                <TextEquiv>
                    <Unicode>An der Gartenpforte aussen.</Unicode>
                </TextEquiv>
            </TextLine>
            <TextLine id="tr_1_tl_11" custom="readingOrder {index:10;}">
                <Coords points="4002,2278 5752,2309 6035,2241 6246,2315 6448,2278 6448,2147 4002,2157"/>
                <Baseline points="4019,2245 4037,2239 4127,2239 4217,2233 4306,2233 4396,2233 4485,2239 4575,2239 4665,2239 4754,2239 4844,2233 4933,2233 5023,2233 5113,2228 5202,2228 5292,2228 5381,2228 5471,2228 5561,2228 5650,2228 5740,2228 5829,2228 5919,2228 6009,2222 6098,2222 6188,2222 6277,2216 6367,2216 6457,2216"/>
                <TextEquiv>
                    <Unicode>Zwei verhüllte Männer im Schatten der gegenüber-</Unicode>
                </TextEquiv>
            </TextLine>
            <TextLine id="tr_1_tl_12" custom="readingOrder {index:11;}">
                <Coords points="3993,2411 4133,2442 4431,2396 4820,2442 4851,2436 4854,2346 4599,2290 4497,2337 4425,2293 4248,2349 3996,2296"/>
                <Baseline points="4013,2395 4103,2395 4193,2395 4282,2389 4372,2389 4461,2389 4551,2389 4641,2389 4730,2389 4820,2389 4862,2395"/>
                <TextEquiv>
                    <Unicode>liegenden Mauer.</Unicode>
                </TextEquiv>
            </TextLine>
            <TextLine id="tr_1_tl_13" custom="readingOrder {index:12;}">
                <Coords points="4002,2589 5603,2576 5935,2548 5938,2467 4006,2474"/>
                <Baseline points="4019,2544 4061,2550 4151,2544 4240,2544 4330,2544 4420,2544 4509,2544 4599,2544 4688,2538 4778,2538 4868,2538 4957,2538 5047,2538 5136,2538 5226,2538 5316,2538 5405,2538 5495,2532 5584,2532 5674,2532 5764,2532 5853,2526 5943,2526"/>
                <TextEquiv>
                    <Unicode>Desolteux tritt aus der Gartenpforte.</Unicode>
                </TextEquiv>
            </TextLine>
            <TextLine id="tr_1_tl_14" custom="readingOrder {index:13;}">
                <Coords points="4021,2731 6259,2741 6259,2632 6125,2579 4021,2592"/>
                <Baseline points="4037,2693 4115,2699 4205,2693 4294,2699 4384,2699 4473,2699 4563,2699 4653,2693 4742,2693 4832,2693 4921,2693 5011,2687 5101,2687 5190,2687 5280,2687 5369,2687 5459,2687 5549,2687 5638,2681 5728,2681 5817,2681 5907,2687 5997,2687 6086,2687 6176,2681 6265,2681"/>
                <TextEquiv>
                    <Unicode>Die beiden Männe treten Desolteux entgegen.</Unicode>
                </TextEquiv>
            </TextLine>
            <TextLine id="tr_1_tl_15" custom="readingOrder {index:14;}">
                <Coords points="3996,2896 6184,2865 6370,2834 6373,2725 5137,2803 4829,2719 4525,2806 3999,2728"/>
                <Baseline points="4013,2849 4049,2849 4139,2855 4229,2849 4318,2849 4408,2849 4497,2849 4587,2849 4677,2849 4766,2849 4856,2849 4945,2843 5035,2843 5124,2843 5214,2837 5304,2837 5393,2837 5483,2837 5572,2837 5662,2837 5752,2837 5841,2837 5931,2837 6020,2837 6110,2837 6200,2831 6289,2831 6379,2825"/>
                <TextEquiv>
                    <Unicode>Desolteux nimmt seine Pistole, die Andern sind</Unicode>
                </TextEquiv>
            </TextLine>
            <TextLine id="tr_1_tl_16" custom="readingOrder {index:15;}">
                <Coords points="4009,3020 5314,3095 5954,3011 6314,3132 6318,2890 4012,2940"/>
                <Baseline points="4025,3004 4085,3004 4175,3010 4264,3004 4354,3004 4444,3004 4533,3004 4623,3004 4712,3004 4802,3004 4892,3004 4981,2998 5071,2998 5160,2998 5250,2998 5340,2998 5429,2992 5519,2992 5608,2992 5698,2992 5788,2992 5877,2986 5967,2986 6056,2986 6146,2986 6236,2986 6325,2980"/>
                <TextEquiv>
                    <Unicode>rascher als er,er fällt getroffen nieder,die</Unicode>
                </TextEquiv>
            </TextLine>
            <TextLine id="tr_1_tl_17" custom="readingOrder {index:16;}">
                <Coords points="3996,3198 4201,3163 4242,3188 4525,3176 4720,3216 4820,3195 4820,3098 4767,3086 4711,3108 4394,3058 4316,3083 3996,3073"/>
                <Baseline points="4013,3159 4103,3159 4193,3159 4282,3153 4372,3153 4461,3159 4551,3153 4641,3159 4730,3159 4820,3159 4826,3159"/>
                <TextEquiv>
                    <Unicode>Beiden fliehen.</Unicode>
                </TextEquiv>
            </TextLine>
            <TextLine id="tr_1_tl_18" custom="readingOrder {index:17;}">
                <Coords points="4015,3412 4285,3431 4515,3390 4658,3443 4705,3396 5053,3390 5171,3424 5174,3297 4776,3288 4636,3238 4344,3337 4018,3278"/>
                <Baseline points="4031,3398 4103,3392 4193,3392 4282,3392 4372,3386 4461,3386 4551,3386 4641,3386 4730,3386 4820,3386 4909,3386 4999,3380 5089,3380 5178,3386"/>
                <TextEquiv>
                    <Unicode>Im Innern des Gartens.</Unicode>
                </TextEquiv>
            </TextLine>
            <TextLine id="tr_1_tl_19" custom="readingOrder {index:18;}">
                <Coords points="4015,3577 6265,3530 6234,3456 6069,3493 5771,3390 5171,3490 4015,3412"/>
                <Baseline points="4031,3548 4121,3548 4211,3542 4300,3542 4390,3542 4479,3542 4569,3542 4659,3542 4748,3536 4838,3542 4927,3536 5017,3536 5107,3536 5196,3536 5286,3536 5375,3536 5465,3530 5555,3530 5644,3530 5734,3530 5823,3530 5913,3524 6003,3524 6092,3524 6182,3518 6271,3518"/>
                <TextEquiv>
                    <Unicode>Die Gruppe wie früher. Man hat offenbar ge-</Unicode>
                </TextEquiv>
            </TextLine>
            <TextLine id="tr_1_tl_20" custom="readingOrder {index:19;}">
                <Coords points="3996,3751 6495,3729 6495,3524 6249,3617 5441,3546 5308,3617 4928,3546 3996,3614"/>
                <Baseline points="4013,3703 4079,3697 4169,3697 4258,3703 4348,3697 4438,3697 4527,3697 4617,3697 4706,3691 4796,3691 4886,3691 4975,3691 5065,3685 5154,3691 5244,3685 5334,3691 5423,3691 5513,3685 5602,3685 5692,3685 5782,3685 5871,3685 5961,3679 6050,3679 6140,3679 6230,3679 6319,3673 6409,3673 6498,3679"/>
                <TextEquiv>
                    <Unicode>hört,dass draussen ein Schuss fällt.Entsprechen</Unicode>
                </TextEquiv>
            </TextLine>
        </TextRegion>
    </Page>
</PcGts>
