6904 4392
6087 480 6303 645 116
4023 621 5250 828 Entsprechende Bewegung.
4017 735 6396 984 Eschenbacher beruhigt. vernicht zu beruhigen
4017 969 5847 1158 Etzelt, der Leutnant, und der Soldat.
4023 1131 6345 1287 Der Leutnant sehr höflich, bedauert, lässt von
4017 1263 6384 1416 dem Söldaten in Kredenz und Schränken nachse -
4017 1416 6390 1608 hen. Dann weist er auf die Tür zu heben
4017 1581 5382 1809 Trembl tritt eben heraüs.
4023 1728 6405 1896 Leutnant stellt sich vor,Trembli lässt ihn hi¬
4020 1893 4575 2037 neingehen.
4008 2190 4869 2343 Das Nebenzimmer.
4023 2355 5445 2511 Derue tot auf seinem Lager.
4011 2472 6423 2682 Der Leutnant betreten, ist doch genötigt in der
4011 2619 6021 2820 Kommode nachzusehen, entschuldigt sich.
4005 2922 5298 3123 Wieder im Zimmer vlährs.
4011 3102 6021 3291 Leutnant und Soldat wollen eben gehen.
4011 3258 6366 3465 Leutnant sichtlich erfreut,dass er nichts ge-
4023 3417 4425 3594 fundent
4017 3570 6282 3726 Ein Unteroffizier kommt rasch herein.bringt
4011 3717 6378 3888 die beiden atlanten von Schrämbel. (Diese wer-
