6664 4360
3900 611 6040 860 klettern, hört das Hundegebell,muss seine
3919 827 5463 1012 Versuche aufgeben, eilt davon.
3909 1085 6028 1262 Medardus durch die strassen. Nach Hause,
3928 1213 6241 1408 Viebleicht durch die Buchhandlung, die euent.
3922 1365 5521 1605 schon früher vorkommen könnte.
3943 1696 4539 1848 Am Burgtor.
3937 1781 6265 2006 Es wird eben verschlossen. Bürgermilitär als
3937 1985 5390 2183 Wache. Aufziehender Posten.
3937 2210 5280 2426 Bewegung in den Strassen.
3949 2301 6226 2560 Unter den Bürgern auch Landleute mit Gepäck
3961 2520 4508 2706 und Gerät.
3955 2642 6314 2928 Bei Wachshuber im Laden, der seinen Kunden den
3967 2909 4928 3143 Morgenstern zeigt.
3976 3122 5420 3332 Im Schlosshof zu Schönbrunn
3964 3253 5229 3456 Landstrasse nahe Wien.
3973 3308 6296 3612 Νapoleon mit dem Marschall Lanes, dem General
3970 3526 6150 3751 Rapp xxx reitend. Sie nähern sich Schön-
3988 3672 6433 3952 brunn. In hopol. Befehl stets Rüsten, der Neger
