6904 4376
6237 351 6439 565 121
4115 532 6433 758 For dem Gebäude, in dem Eschenbacher gefangen
4115 674 5042 859 sitzt. (Kaserne?)
4133 802 6522 1010 Frauen mit Einkaufkörben. Französische soldaten
4127 957 6433 1144 Bürgerwache. (Ein Korporal und zwei Gardisten)
4112 1132 6252 1287 Wiener Bürger. Bergers. Föderl und Frau!
4100 1284 6427 1512 Etzelt. Sie weisenhinauf. Aengstlichkeit Fö-
4106 1438 4478 1637 derls.
4118 1593 6302 1771 Kreutzhartinger bettelnd mit seiner Frau
4121 1771 6237 1913 Eine Patrouille kommt. Korporal mit vier
4115 1919 6489 2083 Mann, zwischen ihnen Bettelleute. Kreutzhartim-
4121 2092 6320 2246 ger wird auch mitgenommen, seine Frau lässt
4094 2208 4709 2362 man laufen.
4109 2386 6474 2576 Medardus kommt verzweifelt aus der Kaserne.Er
4091 2534 6148 2707 hat -Eschenbacher nicht sprechen können.
4109 2677 6385 2849 (Bernburg) als österreichischer Kriegsgefan-
5286 2784 5969 2882 ihn anbettelnd
4103 2841 6350 3046 gener, auf Medardus zu.Medardus erkennt ihn.
4115 3034 6480 3218 Bernburg: Ein sonderbares Schicksal als Gefan-
4103 3179 6433 3358 gener in der eigenen Vaterstadt spazieren zu
4103 3251 4442 3366 gehen.
4085 3476 6314 3672 Ein Magistratsbeamter kommt, von Leuten ge
