3576 4248
949 609 1494 827 Bräut igams
961 770 2719 1014 Sophie (lächelnd): Nein, was die Leute
976 913 2807 1122 alles wissen. Sehen Sie, da habe ich ge-
971 1062 2822 1268 rade einen Brief von ihn bekommen. Lesen
971 1292 1618 1441 Sie ihn doch.
973 1395 2745 1602 Direktor lässt ihn: Also unglückt iche
983 1570 2882 1777 Liebe. Aber er hat erfahren, dass Sie von
995 1695 2851 1899 Ihrem Manne fort sind und will, dass Sie
1007 1868 2935 2059 jetzt zu ihm kommen. Das ist ja sehr ver-
1007 2004 2656 2187 lockend. Eine kleine Villa im Wald.
1000 2179 2772 2311 Sophte: Und ich hab' es vorgezogen zu
1017 2302 2795 2491 meinem ungetreuen Mann zurückzukehren.
