3496 4248
2784 651 2961 845 13.
785 791 1527 1002 Er besucht sie.
819 948 2338 1113 Sie: Was für eine Ueberraschung,
825 1088 3023 1248 Er: Vorbe 1. Ich käme nicht zu Dir, wen ich
791 1228 3083 1385 nicht wüsste. Aber was wollen diese Dinge bedeu-
802 1348 2333 1553 ten. Wir zwei gehören zusammen.
802 1530 2104 1693 Daisy heiratet dieser Tage.
854 1679 2156 1850 Es gibt nichts irrparables
865 1827 2121 2004 Was gehn uns die Leute an.
871 1953 3135 2136 4 Frau Rainer kommt. Sieht dass alles in bester
828 2158 1213 2293 Ordnung.
831 2250 2507 2441 Gerücht dass sie auseinander gehen.
839 2412 1833 2601 Wegen meiner Tochter.
902 2644 1447 2789 Nie halte, über
