3528 4232
900 644 1550 909 Dritte Scene.
959 832 1583 998 Ritter Fritz.
944 1037 3116 1179 Fritz: Verzeihen Sie, ich weiss nicht was ich
897 1111 1348 1286 tun soll.
944 1274 2216 1458 Briefe die er erhalten hat.
933 1500 3089 1610 Oder jemand aus der Sommerfrische war ei ihm.
900 1616 2263 1821 Gemüchte die entstanden sind.
947 1761 3130 1957 Ich habe Daisy gefragt, sie sagt natürlich nein.
930 1936 3139 2132 Ich habe mich nun entschlossen dir### zu Ihnen
891 2103 1384 2287 zu kommen.
933 2242 3035 2370 Ich habe nicht die Absicht Skandal zu mach n.
933 2367 3038 2504 Wenn es wahr ist zieh ich mich einfach zurck.
885 2471 2955 2655 Ich wäre fern davon es Ihnen übel zu nehmen.
882 2614 2997 2845 Ich selbst als zweiundzwanzig järiger Bursch
882 2792 3222 2967 habe einmal ganz ohne meinen Willen beinahe etwas
888 2937 1797 3136 ähnliches begangen,
936 3015 3202 3276 Es wäre nur furchtbar, wenn sich später die Wahr
885 3228 2138 3454 heit herausstellen sollte.
897 3315 3285 3567 Dann, dann könnt ich natürlich für nicht einstehen.
897 3546 2091 3811 für das Leben von keinem.
