3352 4216
590 703 2240 916 Sechste Scene. Frau Rainer, Agante,
636 877 1775 1081 Das Boot kreuzt draussen
612 1035 1607 1230 Ueber Agathens Mann.
630 1214 3077 1354 Frau Rainer. Ich würde meine Tochter keinem Künstler
578 1327 892 1504 geben.
584 1467 2843 1653 Agaate. etwas herb, im weitern Verlauf des Ge-
584 1641 2889 1817 sprächs. Man weiss ja auch nicht, ob man zusammen
594 1784 931 1975 bleibt.
624 1930 2843 2100 Frau R. oh ja, man bleibt. Ueber ihre Ehe. Sie
627 2088 2882 2265 erzählt wie sie ihrem Gatten verzi hn hat, ohne
581 2228 2968 2383 dass er etw s weiss und wie nah er einmal daran war
645 2405 2271 2560 sie zu verlieren, ohne es zu ahnen.
624 2529 3047 2721 Agatte: Nein, ich könnte nicht lügen, ick kann mich
572 2675 1851 2876 überhaupt nicht verstellen.
584 2828 2980 3035 Jetzt kommt Edgar wieder., und Frau Rainer entfernt
587 2992 816 3190 sich
