3544 4232
2844 460 2978 647 39
889 551 1524 737 Zweite Scene
932 699 1611 895 Ritter, Agate
886 874 1696 1064 Agate sehr blass
880 1014 2354 1189 Ritter ist sehr zärtlich zu ihr
880 1177 2526 1372 Einiges über das hiesige Gastspiel.
889 1334 3027 1533 Erst allmählich bemerkt Ritter Agatens Blässe.
880 1503 3036 1687 Ein Brief von Edgar ist gekommen nichts anders
924 1632 2104 1824 enthltend als : leb wohl.
880 1783 3164 1961 Ritter: beruhigt sie erst. Wahrscheinlich ist Ed-
921 1964 2279 2124 gar über See in seinem Beruf.
880 2095 3106 2238 Jedenfalls ist diese Sache geschmacklos, komödi-
877 2255 1270 2430 antisch.
877 2375 2949 2573 Und wenn er auch tot ist, was kümmerts Dich.
921 2550 2203 2745 Man schreitet über Leichen.
877 2663 3007 2861 Agata: Ich wollte Dirs nichts sagen bevor Di
877 2876 1270 3036 spielts.
924 2995 3266 3176 Ritter: Was tuts.Solche Dinge regen mich eher an
927 3129 2174 3351 Firtz lässt sich anmelden,
895 3281 3077 3526 Befremden, jedenfalls muss er empfangen werden.
886 3482 1349 3645 Agata ab.
