3544 4280
943 577 3039 822 Ambros Rainer (sitzt auf einer der Bänke, etwa
954 765 2980 937 in der Mitte der Bühne, in hlegantem Sommer
954 909 3089 1055 anzug. Er ist ein älterer Herr, der nicht so
971 993 3084 1235 sehr den jugendlichen, als den mit Anstand al
971 1196 3104 1353 ternden posiert., hat grau melierte Haare nd
968 1275 3118 1500 Bart, einen übertrieben milden Blick und eine
974 1438 3104 1652 immer bereite und dadurch im gebotenen Moment
974 1621 2980 1798 nicht sehr scharfe Ironie. Er hat einen O
988 1747 2991 1941 Feldstecher neben sich liegen, raucht eine
996 1877 3118 2091 Zigarette, liest eine Zeitung. Spaziergänger
1005 2054 2994 2237 an ihm vorüber, grüssen ihn. Nach ein paar
1013 2189 3236 2440 Sekunden (steht er auf und) richtet den Feldsecher
3064 2366 3165 2434 G.H.
1013 2440 1607 2552 auf den See.
1019 2476 3120 2718 Aus dem Wald links kommt Agathe Herbot (und JEd
1033 2743 1463 2856 gar Gley
1044 2755 3165 2983 Agathe (ungefähr achtundzwanzig Jahre, ein-
1055 2884 3320 3132 ### einfachen geschmackvollen
1072 3061 2704 3270 englischen Rock, weisse Bluse.)
1075 3171 3295 3424 Edgar (blond, wordform eines Marineoffiziers ohne
1066 3433 2172 3604 Degen mit Spazierstock.
532 3433 864 3596 F. Güle
1075 3537 3030 3703 Raine¬ (setzt ### den Feldstecher ab.
518 3588 810 3686 men,
