3528 4280
2998 576 3135 746 27
706 734 2103 951 Elfte Scene. Ritter und Dasy.
712 889 3036 1059 Dasv: Ich habe Sie in diesen und diesen Rollen ge
759 1056 1964 1242 sehen. Von Ihen geträumt.
709 1202 1592 1394 Ueber ihre Heirat.
703 1351 2187 1536 Sie : ach das ist nur der Beginn
712 1512 2940 1660 Er:-Will nicht der zweite sein. Spielt ihr eine
740 1598 3104 1828 Seene vor. Bereit sich nachher umzubrihgen. Glaubt
709 1787 1713 1958 es vielleicht selbst.
743 1939 3026 2122 Sie spricht davon, dass ihr Zimmer in den Garten
697 2100 3113 2246 geht. Dass sie manchmal das Fenster offen hat, auch
691 2243 3175 2438 in der Nacht. Aber sie verspricht nicht, gar nichts.
