3448 4264
730 790 2205 1005 Nun aber ist alles aus. Nu-Sie.
741 945 1996 1146 Agathe. Nichts mehr davon.
749 1132 1702 1292 5 Die Segler landen.
709 1268 1765 1453 Hamlet, Daisy, Fritz.
760 1420 1298 1567 Lustigkeit.
763 1491 2799 1708 Daisy: Wir waren auf der Insel, die Tochter
744 1653 2900 1846 vom Leuchtturmwächter hat ein Loch im Strumpf.
779 1792 2910 1990 Hamlet: Ich möcht auf dem Land leben. Fischer
749 1944 2940 2183 hütte. Ich werde mich zurückziehen. Ich bin ja
757 2120 2625 2313 alt, achtundvierzig. Damit ist alles aus.
760 2210 2943 2457 dDaisy. Ach nie ist es aus. Ein Kunstler.. nur
774 2449 1873 2598 Fabrikkanten werden alt.
831 2547 2386 2748 6. Herr Rainer und Gräfin Rudlow.
836 2663 2454 2894 Rainer. : Aber wenn man sie küsst?
844 2891 1287 3035 Der Graf
863 2981 2348 3166 Merkwürdig sind dieje Menschen.
785 3155 1716 3356 t. Hamlet und Agathe-
880 3266 2579 3500 Wir sehen und sprechen uns gar nicht
885 3399 3014 3633 Wir werden wohl von einander scheiden müssen.
847 3619 1211 3823 Unsinn.
