3544 4264
548 345 634 479 P.
925 559 3003 746 Agat: nimmt es Danke. Ich find ja nicht
1128 703 3198 898 einmal das Schiff. Ach dort. Drei Menschen?
1265 842 3152 1021 Ich kann sie nicht einmal unterscheiden.
944 1019 3069 1270 Rainer (zu Edgar.) Werden Sie wieder den ganzen
1249 1147 2612 1334 Winter in p책la liegen, Edgar?
1243 1307 3043 1473 : Nein. Im Oktober dampft meine Fre
997 1345 1201 1564 Eage
1203 1436 2815 1636 gatte nach dem indischen Ozean ab.
1072 1578 2992 1778 Agat - (Ohne das Glas abzusetzen wie lange
1227 1743 2682 1912 bleiben Sie (da eigentlich) fort,
1508 1864 3158 2040 Wahrscheinlich 체ber anderhalb Jahre
2556 1952 3016 2061 edle lange.
981 1957 1297 2110 Edgar:
997 2053 3016 2217 Riner: Es muss ein wunderbarer Beruf'sen.
1283 2174 3035 2374 Ich glaube, wenn ich noch einmal jung
1299 2364 1647 2519 w채re...
1067 2444 2781 2690 Agat: So w체rden Sie Marineoffizier?
1556 2607 3158 2813 Vielleicht auch, dass ich mich ei
1078 2722 1527 2845 Rainer:
2123 2738 2468 2850 betherly
1179 2730 3203 2976 ner Nordpolfahrt anschlesse, oder sonst
1286 2872 2872 3096 einer Etdeckungsreise.
1059 3045 3112 3254 Agat:K. Die Unbequemlichkeiten, Herr Rainer
1070 3160 3219 3406 Rainer: Sie haben mich nicht gekannt, Agathe
1302 3323 3099 3545 ofo ich jung war, ganz jung mein ich..
1080 3412 3238 3692 Edgar: Was hat Sie damals gehindert, Herr R.
