3544 4216
2680 454 2809 583 18
956 638 2702 818 6.) Ritter, Sophie aus dem Nebenzimmer.
939 898 2758 1063 Ritter: Also Du warst doch da, ich habe
976 1029 2925 1233 es mir gedacht. Hast also alles gehört?Nun,
966 1216 2838 1410 was sagst Du' Das soll mir einer nachma¬
966 1367 2061 1512 chen. Er ist glücklich.
959 1476 2913 1670 Sophie starrt ihn an, fühlt, dass sie nicht
959 1675 2105 1845 mehr zu einander können.
956 1804 1927 1978 Er ist sehr montiert
956 2095 2826 2316 Der Direktor kommt, entsetzt, dass Ritter
959 2270 2716 2413 noch hier ist, teilt mit, dass ein Erz-
971 2428 2886 2605 herzog ins Theater käme,schickt ihn fort,
966 2571 1767 2748 bleibtbei Sophie.
