3560 4200
1280 556 2342 750 Warum ich sie alt nenne
2465 523 2548 714 me
2834 678 3148 850 junger
2550 678 2772 848 Jahre
2298 727 2442 884 Zwe
1373 721 2267 889 lich nicht. Sie ist
2427 812 3256 1012 ja auch, dass nicht
2216 876 2365 1012 siirt.
1427 873 2028 1059 ich. Denn sj
2697 953 3128 1118 in the
2350 992 2666 1118 Und si
1340 1002 2100 1146 alles in Ordnung,
2231 1036 3135 1229 als schämte sie sich
1378 1113 2143 1262 eisst Du, mir war
1347 1159 3143 1401 ein wenig. Wan soll den n die Hochzeit
1394 1376 1994 1546 sein und wo?
1206 1466 3280 1724 Rainer. In Wien. In vierzehn Tagen. Und Her
1414 1626 3027 1863 bot fährt heute Abend ab, damit Du
1404 1703 3128 1986 ganz ruhig bist. Und übrigens virst
1414 1878 3130 2154 Du doch nicht im Ernst glauben, dass
1334 2020 3184 2285 Julia...das ist ja zu dumm.. plötzlich,
1445 2182 3274 2424 jetzt. Weil nächstens die Hochzeit ist,
1368 2272 1505 2383 in
1440 2337 3277 2602 darum kommt Dir das so vor. Seit sieben
1489 2465 3295 2746 Jahren ist ja diese Spielerei mit Her
1407 2628 3107 2883 bot, niemand hats je ernst genommen.
1425 2769 3130 3037 Und auch diese ganzen uwei Monate se
1430 2919 3148 3179 Fritz hier ist.. und gerade seit den
1489 3115 2324 3313 letzten par Tagen
1260 3182 3133 3483 Gräfin: Ja, jetzt liegt was in der Luft.
1311 3377 3313 3746 Rainer: Ich werde mit Julia reden.Sie soll
