3576 4232
2708 565 2830 668 22
943 827 2921 1057 1. Sophie die junge Dame, die sich wundert,
957 1016 2513 1195 dass Ritter nicht geschieden ist.
943 1186 2140 1343 2. Sophie. Der Liebhaber.
951 1330 2608 1481 Sie ers taunt,dass er wieder da ist.
957 1459 2538 1667 Er kann ihrem Brief nicht glauben
970 1646 2800 1805 Sie: Ja, ich bin wieder bei me inem Mann.
957 1743 3129 1965 Er: Nicht möglich nach all dem, was geschehen.
970 1919 2208 2135 Welche Welt. Komm mit mir.
959 2140 1600 2262 Sie wehrt ab.
973 2178 2348 2424 3. Sophie, Liebhaber, Direktor.
976 2446 1651 2578 Conventionell,
978 2521 2592 2689 Sie zu ihm: Sie reisen wohl heute?
989 2724 1889 2884 4. Sophie, Direktor.
978 2859 2940 3013 Direktor: Er wird sich nicht umbringen. Ja
997 2965 2854 3189 so vergehen diese Dinge. Ich komme Ihnen
997 3102 3070 3321 danken. Ritter var auf einer schlimmen Bahn.
986 3343 2324 3470 Nehmt es Beide nicht schwer.
1000 3505 2316 3659 Sie: Es ist nicht so leicht.
1003 3624 2246 3802 5. Direktor,Sophie,Ritter.
