3560 4216
2500 525 2626 629 14
774 730 2331 916 Ritter: So wäre es eben ein Mord.
776 919 2619 1061 Edgar: Also hören Sie mich an. Ich halte
779 1053 2665 1203 Sie für einen Menschen. Ich zweifle nicht
776 1214 2717 1361 an Ihrem Mut.Und trotsalledem muss ich es
784 1330 2650 1514 für möglich halten, dass Sie mir auf eine
779 1496 2619 1669 bestimte Frage doch nicht die Wahrheit
784 1643 2712 1819 sagen.Aber ich will versuchen,was möglich
789 1793 2655 1961 ist. Ich will so wahr gegen Sie sein, dass
766 1969 2665 2122 Sie der letzte Schurke sein müssten,wenn
766 2122 2707 2303 Sie sich zu einer Lüge entschlüssen. Ich I
774 2264 2595 2443 liebe Daisy und trotz all der Gerüchte,
774 2435 2608 2590 trotz dieser Wische, kann ich mich nicht
776 2559 2606 2730 entschliessen zu glauben. Ich habe Baisy
771 2751 2745 2898 selbst gefragt, s te hat mir geschooren, dass
766 2882 2748 3038 ste unschuldig ist. Das ist natürlich kein
748 3025 2688 3190 Bewets. Ihr Schour wäre auch kein Bewets.
753 3162 2551 3315 Ich will auch nicht, dass Sie schwören.
750 3330 2619 3501 Wenn es geschehen tst,so sagen Sie ein -
750 3485 2613 3643 fach: Es ist geschehen, ich drücke Ihnen
753 3628 2833 3796 dte Hand und reise heute Abend ab.Man sttrbt
737 3780 2699 3923 nicht daran. Daran nicht, aber an Zweifeln
