3528 4280
2946 592 3045 732 25
707 707 2044 930 Neunte Scene, Ritter, Agathe.
713 899 1352 1110 Erinnerungen.
763 1030 1929 1253 Sie war seine Schülerin.
735 1206 3080 1368 Wie sie ihm in den Zwischenakten Billets geschickt
726 1352 992 1560 habe.
726 1473 3219 1687 Leiser Vorwurf von ihr, dass er sie zerbrochen hätte.
775 1662 3045 1811 Dass sie sich hier in der letzten Zeit gar nicht
757 1786 1709 2003 sprechen kaum sehen.
757 1917 3154 2131 Vielleicht eine leichte Andeutung von ihr, hinsicht
766 2075 2965 2276 lich einer Gefahr, die ihm durch die Eifersucht
847 2224 1969 2422 Fritzens drohen könnte.
816 2407 2044 2571 Hierüber ist er erbittert.
825 2528 1951 2707 Dann Einiges über Edgar,
775 2692 3232 2856 Schade, dass e's nicht mehr so werden kann wie einst,
778 2838 1793 3018 Sie gehen frhstücken
797 3002 1061 3197 wiez
