3512 4232
2677 508 2804 676 15
1088 641 3026 831 nicht dem Ehemann itteilen, wenn man mit
1381 750 3102 979 der Gattin ein Verhältnis hat. Kaum
1383 951 3148 1124 seinem besten Freunde- Schon deswegen
1147 1070 3188 1289 nicht, weil das auch ein Weg ist, auf dem
1391 1215 3005 1429 es der Ehemann erfahren kann. Aber
1302 1378 3087 1589 wenn Dinge ohnehin bekannt sind, nie -
1348 1482 3216 1724 mals unerlaubt waren, warum sie dann be
1355 1660 3150 1874 handeln, als wären sie nie geschehen?
1317 1785 3211 2011 Jeder Mensch weiss zu Beispiel, dass die
1368 1940 3219 2164 Gräfin vor vielen Jahren meine Geliebte
1337 2087 3295 2347 waf, dass sie später Herbots Geliebte war.
1345 2187 3201 2464 dass sie sogar die Geliebte Ihres laten
1406 2370 3198 2631 war. Es waren durchaus bedeutungsvolle
1398 2550 3051 2764 Beziehungen. Keiner hat sich ihrer
1416 2601 3206 2853 zu schämen. Warum sie durch Diskretin,
1942 2756 3282 2891 in andere allen liegt die toche andere
1426 2845 3122 3069 durch Ableugnen erniedrigen? Anders
2347 2937 2451 3031 n
1424 2965 3043 3216 läge die Sache natürlich, wenn Sie
1431 3102 3234 3371 zum Beispiel mit Agathe Herbot ein Ver
1538 3318 2250 3534 hältnis hätten.
