3592 4200
1314 581 1693 797 den Hof.
1577 673 2939 925 Ich wollte ja nicht vondiesem
1122 820 1485 973 Rainer:
1320 978 1943 1096 gar sprechen.
1133 1002 2905 1267 Gräfin: Kennt er sie schon von früher
1191 1154 3254 1385 Rein r: Nein. Er ist ja seit sieben Jahren
1433 1320 2978 1583 von Wienfort. Er lebt in Pola,
1380 1475 3199 1745 Er ist nur zur Verlobung von Fritz her
1391 1630 3028 1840 gekommen. Fritz ist sein ältester
1974 1774 2353 1951 sist. xxx
1393 1824 1935 2003 Freund.
1217 1932 2555 2163 Gräfin- Der arme Fritz.
1180 2050 3010 2308 Reiner: Das hast Du schon gesagt.
1191 2190 3268 2450 Gräfin- Er tut mir wirklich leid. Ich glaube
1385 2347 3278 2571 er leidet Qualen. Gestern Ahend hatt ich
1380 2497 3194 2750 den Eindruck..weisst Du au der Landung
1493 2666 3212 2886 brücke, abends, wie Dein nettes Töch
1583 2784 3186 3005 terlein mit Herbot gestanden ist..
1396 2923 3225 3160 neben ist fast schon ein zusaufter Aus
1409 3157 1743 3339 duok..
1254 3281 2092 3494 J.R. iner: Na na...
1238 3383 3357 3588 Gräfin. Und noch wer tut mir leid. Die Mutter
1496 3565 3262 3712 von Fritz, diese charmante, alte Fr.
