3448 4280
3090 562 3251 720 42
852 702 1481 969 vierte Scene.
887 857 2086 1062 Ritter eine Weile allein.
843 1015 3058 1290 Irgend was auf das heutige Auftreten Bezügliche
2467 1156 2546 1258 D'
840 1235 1440 1425 Agate kommt.
895 1273 3134 1560 Ritter erzählt ihr sein Gespräch mit Fritz, wen-
901 1440 3157 1697 det es ins Heitere, freut sich wie eines gelunge
852 1592 2558 1852 nen Komödiespiels. Eine Glanzrolle
857 1738 3213 1990 Erstkenn Agatens Befremden und Schauer merkt er was
1109 1782 1229 1882 an
875 1996 1501 2171 er getan hat.
866 2060 3093 2285 Er versucht sich zu rechtfertigen, erklärt dass
887 2186 3134 2391 er es tun musste. Dass er schliesslich das Glück
884 2379 3149 2601 dieses jungen Menschen gerettet hat, dass die Ge
901 2493 3035 2695 schichte für Daisy wirklich nichts war als ei
898 2642 3236 2844 Traum, so weit für Agate die mit Edgar. Er hat also
916 2812 2209 2996 sogar ein gutes Werk getan.
907 2926 3175 3216 Agate: Vielleicht musstest Dus tun, aber ich er
919 3049 3219 3351 trag es nicht. Ich muss doch von Dir fort. Unsere
931 3172 3210 3509 eigenen Schicksale können wir einander verzeihen.
925 3353 3283 3664 aber nicht die Schicksale anderer die wir verschul
936 3473 3289 3816 det haben. Wir haben Lüge und vielleicht Tod denen
960 3643 3184 3950 gebracht, die wir nicht liebten, aber mit denen
