3528 4280
969 766 1607 986 Zweiter Akt..
1006 895 2962 1115 Die Wohnung Ritters. Jetzt nur von Agathe
986 1106 1375 1292 bewohnt.
1021 1338 1386 1452 Agathe.
981 1349 3165 1612 Im Anfang könnten Leute kommen, die Sachen von
497 1518 883 1770 Sauchvotins
1032 1661 1767 1781 Ritter abholen.
1041 1649 3205 1915 Es ist etwa vierzehn Tage nach dem ersten Akt,
1038 1878 3190 2098 Erste Scene: Agathe und Gräfin. Ueber die son
1006 2013 3127 2227 derbare Art, in der man geschieden ist. Ueber
1015 2135 3179 2361 die letzten acht Tage am See, die Zeit, in der
1006 2287 3310 2599 Agathe nicht mehr dort war. Die Leute haben nicht
1023 2439 3242 2779 gewusst warum Agathe fortgereist ist. Der Bruch
1023 2690 2584 2899 der Gatten ist noch nicht bekant.
1081 2796 3285 3045 Die Gräfin weiss alles. Sie spricht von Ritter,
1043 2962 3210 3185 Man kommt nicht von ihm los, ich weiss es. Sie
1063 3087 3230 3330 werden auch nicht von ihm loskommen,,man muss
1069 3250 3236 3502 sich fügen, es gibt solche Menschen. Ich habe
1089 3388 3245 3659 ja auch allerlei anderes erlebt, ich habe wohl
1129 3522 3299 3759 auch andre mehr geliebt, aber man kommt nicht
