3528 4216
1698 539 2468 716 alles in Ruhe is
2390 678 2632 853 un Lebe
2263 688 2364 866 e 1
1450 699 2174 883 ganz ruhig. Aber
1245 914 1607 1043 Min für
1104 1066 1453 1245 Rainer:
1119 1081 3053 1428 Gräfin. Ja, ich kanns nicht anders aus-
1377 1261 3055 1478 drücken. Er ist doch so z emlich das
1326 1405 3068 1628 Wichtigeste was augenblicklich auf Er
1326 1493 3240 1777 den existiert. Berengar lieb ich ja wirk
1380 1683 3243 1916 lich ungehuar. (Du hasta ja nie geglaubt
820 1769 1230 1972 ii lebet B.
1334 1835 3210 2055 Du kannst es auch nicht verstehn. Weil
856 1934 959 2050 r
1407 1990 3205 2195 Dir dazu die innere Vornehmheit fehlt,
1174 2149 3217 2415 Rainer; Höre. Na ja das ist freilich nicht
1463 2265 3136 2486 meine Note. Es steckt schon was von
1450 2433 2420 2645 einem Schuftenin mir.
1202 2552 3050 2881 Gräfin. Schuft? Stimmt auch nicht ganz.
1215 2714 3202 3030 Rainer: Du willst mir aber rein garnichts
1453 2838 3144 3169 lassen. Und jezt sag mir einmal, um
1511 3012 3220 3296 wieder auf die Alters-nd Mannesfrage
1433 3136 3202 3460 zurückzukommen, wenn mein Leben daran
1440 3437 1957 3607 hinge, wenn
1281 3551 2129 3749 Gräfin: was denn?
