3512 4280
1042 719 3235 895 los (Und Sie wieder, Sie gehören zu den Frauen,
989 855 3235 1079 von denen man nicht loskommt. Daraus folgt, dass
994 1011 3025 1235 Sie und Ritter zusammen bleiben missen. Ich
1008 1178 3206 1377 schwöre Ihnen, daß er nicht weiss, dass ich da
1048 1323 3011 1518 bin. Ich kann einen unglücklichen Partner
436 1416 759 1569 du jeune
1048 1490 3068 1685 nicht brauchen. Vielleicht komm ich nur des
439 1541 813 1708 vertheiset
1003 1609 3068 1855 halb her. Die Sache mit Desy ist vorbei, ich
1011 1824 1739 2005 versichere Sie.
1068 1918 3119 2147 Agathe wehrt ab. Nie wieder kann sie mit ihm
1068 2082 3028 2354 zusammen leben. Aus verschiedenen Gründen.
1020 2255 2351 2481 Sie erkundigt sich nach ihm.
1068 2348 3311 2575 Er lebt jetzt im Hotel. Gerücht dass die Wohnung
1040 2510 3283 2750 hergerichtet wird. Er soll in den nächsten Tagen
1034 2719 2184 2915 auf ein Gastspiel gehen.
1037 2866 3184 3062 Die Gräfin: Er wird nicht wieder zurückkommen.
1062 3000 2597 3215 Und Sie werden daran schuld sein,
1059 3053 3334 3371 Vielleicht kommt Edgar noch während des Hierseins
1057 3342 1595 3512 der Gräfin.
