3432 4280
2939 560 3078 690 55
854 673 1672 866 schon im Theater.
902 815 2979 987 Sie weiss noch nicht, ob sie hinfahren wird.
894 990 2970 1134 Das Grauenhfte ist, dass er ihr wirklich gar
851 1134 3123 1330 nichts mehr bedautet. Dass die Nachricht wie von
868 1270 3075 1511 einem Fremden kommt. Es wäre bein he eine Lüge,
866 1406 1726 1604 wenn sie hinfährt.
868 1564 2998 1799 Ritter: Ich will Dir nicht raten, tue was Du
871 1734 1966 1915 willst. Ich muss fort.
917 1892 1867 2071 Er geht ins Theater.
