3512 4232
2814 417 2937 526 14
1324 555 3166 714 Herbot und die Gräfin und mich und Nu -
1374 709 3180 858 lia, das ist im Grunde nichts, als die
1411 851 1642 945 Alui
1338 873 3057 1037 vollkommene Aufrichtigkeit in unserm
1338 1071 1707 1182 Verkehr
1116 1196 2221 1333 Edgar: Aufrichtigkeit?
1116 1321 3057 1512 Rainer: Eine Aufrichtigkeit, die bis zur
1345 1411 3197 1678 Indiskretion geht. Aber ich habe immer
1374 1616 3074 1842 gefuhden, dass die Diskretion zu den
1321 1755 3033 1980 Tugenden zweiten Ranges gehört. Und
1336 1883 3041 2163 die Tugenden zweiten Ranges sind die
1360 2059 3098 2281 jenigen, die das Leben herabziehen in
1394 2194 2966 2414 die Sphäre des bürgerlich- schwer
1355 2334 3147 2554 fälligen. Die Tugenden zweiten Ranges
1374 2488 3246 2701 bedeuten für Menschen ersten Rar
1625 2631 1960 2749 Mangel
1427 2626 3185 2853 ges Fehler. Diskretion ist oft nichts
1341 2775 3231 2988 anders als ein Versteckenspel, besonders
1440 2918 3294 3161 wenn sie berflüssig ist. Uebrigens irren
1454 3079 3159 3306 Sie sich, wenn Sie glauben, dass sie
1471 3231 3183 3446 das Leben vereinfacht. Es gibt einen
1577 3344 3195 3602 Untersched zwischen Diskretion und
1531 3496 3067 3718 Indiskretion. Mansoll es gewiss
