3496 4216
3026 603 3161 798 23
722 707 2174 902 Siebente Scene, Edgar, Agahte,
713 861 3117 1066 Edgar: Ich habe Ihren Mann gesehen, als Hamlet, alz
713 1044 3060 1215 Dear, in andern Rollen schon wie ich ein Kind war,
732 1208 3111 1372 war es berühmt. Unheimlich muss so ein Mensch sein.
722 1325 3117 1518 Agahte: Jeder Mensch ist unheimlich. Wir haben alle
729 1486 3265 1637 unsre Untiefen. Sie haben sicher auch Ihre Geheimnisse
716 1637 3193 1805 Edgar erzählt von einer Jugendliebe, voneiner Schau-
729 1783 3114 1962 spielerin und wie er einmal vor Grauen, weil sie so
738 1934 2852 2095 eine ganz andre war aus dem Theater gelaufen.
732 2070 3073 2328 Besonders in der Erinnerung daran ist ihm Agathens
732 2221 3076 2398 Verhältnis zu ihrem Mann unheimlich. Er fühlt sich
726 2398 3064 2597 ihr verwandt, hält sie für lebensstark und heiter,
735 2518 3171 2710 fühlt dass ihr alles Komödiantische auch das tiefst
767 2660 3253 2896 Komödiantische grässlich sein muss, glaubt zu fühlen
735 2780 3183 3026 dass sie zu einem Leben unter einfachen Mens hen, in
741 2956 3076 3218 der Natur, auf einem Etul, geschaffen wäre. Er sagt
748 3098 3010 3344 ihr, dass er sie liebt. Er hat es ihr schon beim
745 3237 3114 3486 erstenmal gesagt, wo er wie fasziniert von ihr war,
789 3388 3180 3616 dann die ganze Zeit nicht wieder. Jetzt aber, da er
735 3546 2234 3780 fort muss, kann er nicht anders.
