3432 4280
2901 507 3022 668 46
732 680 3051 890 dass Edgar tot ist, sie könne eben noch zu seinem
752 916 1553 1115 Begräbnis kommen.
740 902 2988 1210 Nun ist sie entschlossen wegzufahren.. Sie lässt
761 1144 2950 1346 einige Zeilen für ihren Mann zurück, vielleicht
755 1288 2867 1507 nimmt sie an, dass Frau Rainer och mit Ritter
766 1392 3011 1642 sprechen wird, jedenfalls ist in Klarheit auszu-
778 1553 2976 1775 drücken, dass sie die feste Absicht hat niemals
755 1737 2161 1965 Wieder zu ihm zurückzukehren.
