3480 4248
2877 625 3020 774 12
794 777 1388 971 Zweiter Akt.
754 918 2840 1101 1. Agathe allein in der grossen Wohnung. Man
794 1073 2992 1227 weiss noch nichts von der Sache in der Oeffent-
805 1261 1202 1427 lichkeit
844 1385 2973 1574 Die Gräfin Rudlow besucht sie, ahnt die Kahr-
853 1495 3111 1695 heit. Von so ei em Menschen kommt man nicht los.
850 1661 2846 1844 Man liebt wohl andre, aber man gehört ihm.
853 1858 2604 1999 Noch jetzt, wenn ich mit ihm spiele.
864 1985 1627 2151 2 Agathe Edgar.
870 2058 3032 2280 Edgar. Nun scheid ich, Geliebte. Komm mit mir.
825 2328 1174 2443 Triest.
881 2427 1872 2593 Sie: Komm pu hierher.
890 2545 3150 2739 Er: Es geht nicht, Du weisst, aber zu bist drei.
895 2733 2503 2885 Sie: Ich kann nicht mit Dir gehen.
892 2835 2376 3035 Er: Du liebts noch Deinen Mann.
904 2987 2686 3181 Sei : Zu Weihnachten kommst zu wieder.
859 3158 1582 3322 Er: Schwör mir
912 3274 2334 3448 Sie : Ich kann nicht schwören.
2649 3350 2773 3547 I
918 3375 2621 3600 Er: Du liebst ihn noch, das ist es.
2427 3510 3046 3674 9.st des Auf- verlorenen
921 3592 1751 3766 3. Agathe Hamlet.
2283 3626 3074 3758 Nim, so komm auch mit
2320 3716 2683 3879 Sie ist aus
