3432 4264
2883 614 3015 752 32.
803 743 2177 986 Zweite Scene, Agathe, Edger,
800 906 2926 1114 Edgers Urlaub ist aus. Er scheidet. Er bittet
817 1032 3078 1249 sie mit ihm zu gehen. Warum nicht? Sie sind doch
814 1180 3066 1449 allein und frei. Sie zögert. Sie vertröstet ihn.
863 1377 2989 1614 Zu Weihnachten kommt er wieder, oder sie wird
829 1580 1452 1723 ihn besuchen.
877 1663 3078 1860 Er fühlt, dass sie noch immer ihren Mann liebt.
883 1855 2429 1995 Sie sagt nein, ohne Ueberzeugung.
877 1952 3043 2155 Edgar: Ich weiss es. Aber es wird sich ändern.
883 2083 3138 2337 Bedenke doch, dass er Dir verloren ist. Du wirst
849 2257 3072 2526 es vielleicht besser überwinden, wenn Du gleich
852 2392 3095 2606 mit mir kommst. Er wäre sogar bereit seine Kar -
857 2540 3080 2832 riere aufzugeben. Sie könnten sich zurückziehen
860 2755 1769 2926 irgendwo aufs Land.
872 2883 2152 3066 Sie wehrt immer stärker ab.
880 2986 3040 3212 Er wird dringender, betont immer stärker, dass
889 3109 3072 3335 ihr Man für sie verloren ist. Nicht gerade we
886 3278 3183 3509 gen Desy. Und sie wollte jetzt ganz allein sein?
894 3412 3069 3618 Agathe. :-Wer sagt, dass ich allein sein will?
