3560 4264
1302 584 2002 800 ein alter Narr.
1076 757 1935 934 Gräfin. Plötzlich.
1135 867 2947 1006 Rainer. Wie viele Menschen sollen ihm
1295 1011 3078 1127 noch vor sein hungriges Paul geworfen
1266 1125 3230 1282 werden. Er muss ja schon ganz überfresse
1228 1313 3122 1475 sein von Menschenschicksalen. Es könnte
1320 1459 3024 1596 genug sein. Wahrhaftig es wäre eine
1277 1616 3016 1802 Tragödie. Fritz, Julia, Agathe, ich..
1331 1778 1948 1892 1 uter Opfer.
1104 1907 2991 2051 Gräfin. Na täuschen wir uns nicht. Wenns
1328 2031 2090 2180 notwendig üäre
1112 2180 2764 2347 Rainr Was heisst das schon wieder?
1114 2280 3184 2494 Gräfin- Na ganz einfach, wenn ich ihn damit
1349 2458 3137 2638 unserm Theater erhalten könte, ich sel
1351 2581 3070 2782 ber höchst persönlich, sparrte Julia
1359 2728 3150 2955 zu ihm ins Zimmer, schmichte sie bräut
1359 2934 1704 3083 lich...
1135 3040 2749 3199 Rainer: Wieso dem Theaer erhalten?
1148 3189 3047 3346 Gräfin: Du weisst nicht, dass er seinen
1269 3300 3279 3534 Kontrakt noch nient erneuert hat und nicht
1444 3439 3052 3624 erneuern will? dass er die Absicht
