3544 4216
2574 526 2711 653 13
816 715 2660 924 Ich Ihnen sage, dass ich nicht daran den
813 904 2644 1065 ke die üblichen Consequenzen zu ziehen,
782 1062 2639 1199 denn dann könnten Sie auf die Vermutung
816 1196 2615 1364 kommen, ich hielte Sie für feig und ich
770 1352 2591 1538 (bin selbstverständlich ganz überzeugt,
821 1498 2584 1660 wenn ich sie bei Ihnen gefuijden hätte
821 1644 2615 1830 und wenn Sie nicht leugnen könnten und
818 1811 2648 1969 wenn ich darauf bestände, Sie würden na¬
825 1976 1263 2129 türlich —
811 2117 2660 2294 Ritter: Sie sehen mich in der sonderbar
823 2263 2711 2416 sten Situation. Nehmen wir an,es handelt
830 2400 2610 2593 sich nichtem Fräulein Daisy,nehmen wir
816 2598 2665 2727 an meine Nase ist Ihnen nicht recht,so
823 2727 2701 2904 schicken Sie mir Ihre Zeugen und ich bin
828 2883 2751 3046 in jeder Ihnen gewünschten Weise zur Ver¬
823 3022 1160 3175 fügung.
806 3149 2684 3364 Edgar: Das wusst ich, natürlich -aber da¬
821 3347 2579 3495 rauf kommt es ja gar nicht an.Wenn es
816 3462 2660 3651 wahr wäre, was hilfe es mir, dass ich Sie
821 3627 2639 3850 erschtesse. Und wenn es nicht wahr ist -
