3592 4216
400 372 2046 597 Also, in vollen aufrichtig sein – ich
2564 398 2675 587 6
492 521 2038 717 marke den Anfang, sagt Sophie,
909 653 2751 810 Er liest eventuell den Brief, recht zor-
930 769 2839 994 streut,versteht ihn kaum, nimmt die Einla¬
942 954 2713 1151 dung als etwas harmloses, bemerkt etwa:
935 1110 2794 1283 Na, fahr nur hin, mein Kind, ich holo Dich
952 1314 1115 1458 ab.
938 1437 1570 1622 Direktor: Na-
945 1518 2775 1776 Ritter: Ich glaube, ich würde ihn töten.
956 1738 2787 1911 Stcher sogar. Und Sophie weiss es auch.
