3496 4280
872 580 2309 742 de der Fall heuer im Sommer....
860 727 2648 877 Direktor: Nun was war es schon weiter?
870 882 1788 1066 Ein junges Mädchen.
882 1002 2633 1204 Sophie: Eine Braut. Und ihr Bräutigam
892 1172 2862 1358 so ein charmanter Mensch, der sie angebetet
887 1331 2621 1488 hat. Es hätte furchtbat enden können.
894 1452 2714 1673 Direktor: Nun es hat alles gut geendet.
899 1614 2677 1815 die ganze übrige Welt hat es erfahren,
906 1786 2783 1970 nur der Bräutigam nicht. Und er, Ihr Mann
901 1928 2805 2127 hat die ganze Geschichte schon vergessen.
901 2093 2761 2309 Sophie: Wenn noch einmal so etwas kommt,
914 2230 2724 2412 kann ich doch nicht für mich einstehen.
899 2363 2758 2594 Direhtor: Sie müssen sich einfach revan¬
860 2557 2717 2763 chteren, dann würden Sie die Sache schon
904 2744 1683 2879 leichter nehmen.
911 2820 2744 2994 Sophie: Ich fürchte, das kann ich nicht.
911 3004 2658 3149 Direktor: Na,man hat allerlet gehört.
931 3191 2722 3326 Ich hab' mich eigentlich gewundert.Die
469 3220 801 3424 Erwar
2832 3311 3058 3426 s toh
928 3318 2798 3466 Sache wurde nämlich so ersählt, dass Sie,
516 3422 793 3593 dort.
933 3451 2903 3638 liebe Sophie, von einem andern Herrn seh r
943 3603 2766 3797 den Hof machen liessen, einem Freund des
