3416 4264
2897 607 3031 752 33
872 792 2025 1006 Vielleicht kommt aderes.
832 937 2946 1194 Sie gesteht ihm, dass sie mit ihm fertig ist,
840 1111 2137 1328 es hilft nun einmal nichts.
886 1199 3114 1467 Er versucht sie zu trösten. Er war brutal. Nun,
869 1382 2877 1627 er will bescheiden sein. Nur ihr Freund. Er
872 1527 3125 1775 weiss, daß er ein Unrecht begangen hat, dass er
886 1641 3102 1934 das Geschenk ihrer Liebe annahm, obwohl er doch
897 1798 3148 2077 fühlte, das sie nicht vollkommen frei war, dass
960 1980 2510 2222 i e sich nur aus Dédaigne hingab.
929 2082 3025 2379 Sie wird immer aufrichtiger, sagt ihm dass er
926 2259 3216 2541 wichts zu hoffen habe, dass sie jedem andern eher
1481 2456 1641 2555 wnd
946 2467 2137 2689 angehören könnte als ihm.
949 2618 1920 2835 Er geht, vernichtet.
