3368 4264
2927 587 3042 747 35
921 701 1551 861 Dritte Scene.
924 844 2996 1067 Frau Rainer zu Agathe. Sie kommt eigentlich
876 979 2898 1210 ohne bestimmte Absicht, nur tief zerrüttet.
876 1113 3047 1373 Sie weiss, dass ihre Tochter Desy die Geliebte
918 1308 3173 1519 Ritters war. Ihre Hoffnung war es, dass Desy mit
881 1456 3039 1674 Fritz sprechen wird, ja sie hat ihre Tochter
870 1611 3027 1820 beschworen Fritz die Wahrheit zu sagen und zu
876 1734 3010 1954 rückzutreten. Aber Desy lacht ihr ins Gesicht,
907 1906 3070 2072 Nun kommt sie Agathe vielleicht um Rat fragen.
870 2054 3165 2280 bittet sie vielleicht von ihrem Gatten als letzte
876 2197 2904 2421 Gunst zu erflehen, dass er selbst Fritz auf
864 2326 2970 2564 kläre. Ihr ganzes Leben lang hat sie in einer
873 2515 3133 2718 Atmosphäre von Lüge gelebt. Ihr Mann ihre Tocher
904 2678 2936 2870 Ihre Zuneigung zu dem guten und anständigen
864 2810 3064 3019 Fritz ist so stark, dass sie ihn vor diesem Be-
864 2981 1754 3147 trug schützen will.
858 3062 2990 3296 Vielleicht könnte die Scene sogar damit enden
858 3253 3010 3471 dass Agathe gerührt ihr die Intervention ver-
867 3422 1256 3525 spricht.
