3528 4264
2891 501 3030 739 26
658 706 1937 907 Zehnte Scene. Fritz, Edgar
670 835 2984 1054 Sie haben bei Rainers gegess n. Sie wohnen beide
712 1030 3129 1237 im Seehotel. Fritz unglücklich, dass Edgar abreisen
685 1174 1033 1375 muss.
727 1285 3024 1486 Vielleicht kommt es jetzt erst heraus, dass Edgar
685 1453 3033 1636 um einen Urlaub eingereicht hat und die Erledigung
745 1654 1180 1789 erwartet.
730 1780 1681 1961 Fritzens Eifersucht
685 1946 3042 2114 Edgar sucht ihn zu beruhigen: Du bist ja auch noch
691 2063 2798 2225 nicht verheiratet Du kannst ja immer zurück.
688 2216 3027 2423 Da diese Äusserung Fritz sehr aufreit, lenkt Edgar
697 2384 1234 2531 wieder ein.
745 2450 3096 2654 Es kommen nun Letite dazu. Entweder Rainer oder der
706 2660 2249 2855 Graf. Irgend eine Zwischenscene.
