3432 4280
670 864 2974 1114 Hamlet sucht es erst ins heitere zu wenden, merkt
693 1016 2625 1262 erst an Agathens-Verhalten, was er getan.
681 1208 1843 1408 Hamlet. Ich musste wohl.
739 1322 2877 1531 Agathe. Vielleicht musstets Du. Aber ich kann
693 1491 2081 1723 niht. Ich will fort vo n Dir,
759 1634 2187 1849 Hamlet sucht sie zu beruhigen.
764 1749 3040 1989 Dann kommt die Zeitung mit er Nachricht von dem
730 1998 1594 2150 Selbstmord Edgars.
741 2047 3040 2281 Unsere eigenen Schicksale können wir sinander ve-
750 2184 3040 2425 zeihen, aber nicht andrer Schicksale die wir ver-
764 2425 1488 2576 schuldet haben.
802 2562 1302 2757 Auf de Bism.
902 2642 2565 2943 (in where I am Grabon, d for Blumen Gepritt
1277 2854 1812 3051 (Sir Wm.)
