3512 4280
3010 514 3151 668 29
762 677 2455 893 Dreizehnte Scene. Ritter und Agat e.
793 853 3279 1078 Vielleicht vorher ein Gespräch Ritters mit dem Grafen
759 1013 2464 1232 Fortsetzung des früheren Gespräches,
774 1154 3245 1379 Vielleicht ein äusserer Umstand durch den sich Ritter
784 1411 1132 1527 verrät.
821 1414 2348 1674 Sie frägt ihn, ob er Dasv liebt.
781 1624 1712 1831 Nein. Etwas andres.
787 1718 3151 1956 Agathe: Aber Besseres und Schlimmeres. Es hat wohl
815 1928 1624 2163 so kommen mussen.
853 2082 1818 2292 Sie nehmen Abschied.
815 2229 2386 2426 Er veksucht nach Edgar zu fragen.
818 2351 2759 2602 Ich habe Dir keine Antwort mehr zu geben.
843 2530 2204 2731 Warum in Bitterkeit s heiden.
887 2702 1928 2890 Ueber das Ausserliche.
890 2803 3094 3022 Er wird noch hier bleiben, sie fährt nach Wien.
846 2931 2966 3198 Eine Ausrede für die andern leicht zu finden.
865 3107 3386 3345 Aus irgend welchen Graden soll die ganze Angelegenheit
856 3270 2564 3452 nicht gleich in die Oeffentlichkeit
865 3423 2160 3618 Sein Gastspiel steht bevor.
