3448 4216
768 727 2480 976 Dritte Scene. Rainer und die Gräfin.
733 922 1851 1124 Gräfin; was machen Sie?
733 1010 3085 1231 Rainer: Ich denke nach, wie seltsam das Geben ist.
733 1168 3236 1397 Ist es nicht, als wär es gestern gewesen? Wenn Sie so
733 1375 2206 1536 auf Ihr Schicksal zurücksehen..
737 1476 3003 1715 Die Gräfin kann alles das nicht seltsam finden.
790 1712 3138 1822 Rainer spricht von seiner Tochter Soll ich Ihnen
752 1816 3094 1964 etwas sagen: meine Tochter ist in Ritter verliebt.
759 1945 2103 2153 Ja die Künstler bleiben jung,
749 2062 3277 2326 Gräfin: Nun Sie haben nichts zu reden. Man weiss sehr
755 2285 995 2430 gut.
746 2367 3097 2603 Es stellt sich heraus, dass Rainer hier irgedwo in
762 2543 2855 2723 einem Bauerhäuschen eine Geliebte wohnen hat.
724 2729 3198 2848 Er spricht dann davon, dass seine Frau ihn gar nicht
759 2833 3072 3025 kennt. Dass er sehr glücklich mit ihr ist, erade
752 3015 1221 3201 deswegen
