3448 4264
236 519 593 734 II. V. S.
305 635 1567 952 Egelf. – Trei Mindolt
335 894 1731 1082 Ich bei verzweifelt. Ich weise
233 1006 1904 1257 Neu Sohn weiss nicht. Ich ieder
263 1194 1322 1453 ihn ab. Ich kann nicht
364 1304 2070 1565 Sagen für Ihren Man. Zu soll ehrleit
294 1479 2029 1742 som. Mit Abmarschen ihr Lage
487 1659 1816 1836 ,, ich wäre er i sesagen...
370 1809 2027 2054 Ort. Stelle Sie ihn, er soll er ih
343 2012 1994 2267 ablassen. Ich weise Liebe theil
337 2162 2012 2449 könnte.  Ander Mädchen hab
314 2382 2124 2665 träume, das ist noch schlimmer.
352 2550 2000 2831 treu er ein jetzt, sind ist.
