3576 4232
880 706 1703 887 Ritter: Was denn?
887 858 2727 1039 Sophie: Dass Du etwas von den Schauern
912 1053 1388 1193 verspürs t.
887 1178 2072 1327 Ritter: Ja gewis###, gewiss
897 1500 1852 1647 Edgar wird gemeldet.
902 1642 1760 1794 Sophie erschrickt.
902 1794 2226 1940 Ritter auch, væbirgt es aber.
914 1943 2732 2077 Sophie: Du wirst Dich mit ihm schlagen.
912 2109 2698 2268 Ritter: Ich denke nicht daran. Wegen so
926 2226 2620 2417 einer Person. Nebstbet läugne ich, ich
914 2392 2801 2588 muss es ja.Er kann nichts wissen.Er hat
931 2537 2637 2737 vielleicht etwas munkeln gehört und
926 2722 1825 2896 schlimmsten Falls -
919 2879 2881 3079 Sophie: Du kamst ihn nicht warten lassen.
914 3001 2715 3165 Ritter: Und Du darfst nicht dableffen.
924 3170 2774 3314 Auch im Nebenzimmer nicht. Es würde mich
938 3311 2847 3487 befangen machen.Geh in die Hall hinunter.
934 3455 2620 3619 Er begleitet sie durchs Nebenzimmer.
951 3636 2730 3864 kommt zurück, bleibt eine Weile allein.
