3352 4264
2804 649 2915 776 34
905 776 2912 995 Ein Brief von ihrem Gatten kommt, ob er ihr
866 900 2939 1154 adieu sagen könnte., denn er sei entschlesen
868 1117 2092 1318 nicht mehr zurückzukehren.
887 1175 3016 1461 Vielleicht kommt schon in der ersten Scene die
887 1345 2949 1610 Gräfin mit dieser Bitte., die sie am Schluss
892 1498 2923 1761 vorträgt und die Agathe abschlägt. Und viel
890 1652 2825 1911 leicht kommt jetzt noch dieser Brief daa.
