<?xml version="1.0" encoding="UTF-8" standalone="yes"?>
<PcGts xmlns="http://schema.primaresearch.org/PAGE/gts/pagecontent/2013-07-15" xmlns:xsi="http://www.w3.org/2001/XMLSchema-instance" xsi:schemaLocation="http://schema.primaresearch.org/PAGE/gts/pagecontent/2013-07-15 http://schema.primaresearch.org/PAGE/gts/pagecontent/2013-07-15/pagecontent.xsd">
    <Metadata>
        <Creator>prov=READ-COOP:name=TrHtr:version=2.1.0:model_id=51170:date=29_07_2023_15:06</Creator>
        <Created>2023-05-10T13:09:58.196+02:00</Created>
        <LastChange>2023-07-29T15:06:38.790+02:00</LastChange>
        <TranskribusMetadata docId="1428565" pageId="55408953" pageNr="45" tsid="131436968" status="IN_PROGRESS" userId="64420" imgUrl="https://files.transkribus.eu/Get?id=JSHOBBPXXCRGCRIHPJMZAFPP&amp;fileType=view" xmlUrl="https://files.transkribus.eu/Get?id=ZGZIVNKSAQUWRRAMERUGZMNW" imageId="44683099"/>
    </Metadata>
    <Page imageFilename="1428565_0045.jpg" imageWidth="3432" imageHeight="4280">
        <ReadingOrder>
            <OrderedGroup id="ro_1711793864965" caption="Regions reading order">
                <RegionRefIndexed index="0" regionRef="tr_1"/>
                <RegionRefIndexed index="1" regionRef="tr_2"/>
            </OrderedGroup>
        </ReadingOrder>
        <TextRegion id="tr_1" custom="readingOrder {index:0;}">
            <Coords points="850,606 3118,606 3118,1693 850,1693"/>
            <TextLine id="tr_1_tl_1" custom="readingOrder {index:0;}">
                <Coords points="2896,705 2913,708 2973,676 3020,676 3020,560 2984,554 2958,569 2934,551 2896,554"/>
                <Baseline points="2913,656 2957,659 3002,659 3026,656"/>
                <TextEquiv>
                    <Unicode>43</Unicode>
                </TextEquiv>
            </TextLine>
            <TextLine id="tr_1_tl_2" custom="readingOrder {index:1;}">
                <Coords points="845,862 1073,803 1174,851 1298,794 1399,842 1491,800 1627,865 1814,868 1811,699 1752,682 1488,720 1313,670 1079,708 842,685"/>
                <Baseline points="859,755 904,758 949,761 993,764 1038,764 1083,761 1128,764 1172,767 1217,767 1262,770 1307,773 1352,773 1396,773 1441,776 1486,778 1531,778 1575,776 1620,778 1665,778 1710,781 1754,781 1799,784 1820,790"/>
                <TextEquiv>
                    <Unicode>wir gespielt haben.</Unicode>
                </TextEquiv>
            </TextLine>
            <TextLine id="tr_1_tl_3" custom="readingOrder {index:2;}">
                <Coords points="889,960 2821,972 2819,833 889,848"/>
                <Baseline points="904,913 949,916 993,913 1038,916 1083,916 1128,922 1172,919 1217,925 1262,925 1307,925 1352,925 1396,925 1441,925 1486,928 1531,928 1575,931 1620,931 1665,931 1710,931 1754,934 1799,934 1844,937 1889,937 1934,937 1978,937 2023,937 2068,940 2113,937 2157,940 2202,940 2247,940 2292,940 2336,940 2381,943 2426,943 2471,946 2516,946 2560,949 2605,949 2650,949 2695,949 2739,952 2784,952 2826,958"/>
                <TextEquiv>
                    <Unicode>Auch m meinetwege muss ich fort von hier.</Unicode>
                </TextEquiv>
            </TextLine>
            <TextLine id="tr_1_tl_4" custom="readingOrder {index:3;}">
                <Coords points="842,1274 2952,1283 2949,1129 2842,1108 2003,1186 839,1105"/>
                <Baseline points="859,1211 904,1214 949,1214 993,1217 1038,1217 1083,1217 1128,1217 1172,1220 1217,1220 1262,1223 1307,1223 1352,1223 1396,1223 1441,1223 1486,1226 1531,1226 1575,1226 1620,1226 1665,1226 1710,1226 1754,1232 1799,1232 1844,1229 1889,1229 1934,1229 1978,1232 2023,1232 2068,1232 2113,1235 2157,1232 2202,1235 2247,1235 2292,1235 2336,1232 2381,1235 2426,1235 2471,1235 2516,1238 2560,1238 2605,1241 2650,1241 2695,1241 2739,1241 2784,1241 2829,1241 2874,1241 2918,1244 2960,1247"/>
                <TextEquiv>
                    <Unicode>Ein Telegramm kommt. Von einem Freund Edgers.</Unicode>
                </TextEquiv>
            </TextLine>
            <TextLine id="tr_1_tl_5" custom="readingOrder {index:4;}">
                <Coords points="889,1423 2854,1387 3002,1449 3112,1414 3112,1286 889,1289"/>
                <Baseline points="904,1363 949,1363 993,1366 1038,1366 1083,1366 1128,1369 1172,1372 1217,1369 1262,1372 1307,1372 1352,1372 1396,1369 1441,1372 1486,1372 1531,1372 1575,1375 1620,1372 1665,1372 1710,1375 1754,1378 1799,1375 1844,1375 1889,1375 1934,1375 1978,1378 2023,1378 2068,1378 2113,1378 2157,1378 2202,1378 2247,1378 2292,1381 2336,1381 2381,1381 2426,1381 2471,1384 2516,1381 2560,1384 2605,1381 2650,1384 2695,1384 2739,1384 2784,1387 2829,1387 2874,1390 2918,1390 2963,1390 3008,1387 3053,1387 3098,1381 3118,1378"/>
                <TextEquiv>
                    <Unicode>Edgar hat sich erschossen. Aber nicht zu tot ge-</Unicode>
                </TextEquiv>
            </TextLine>
            <TextLine id="tr_1_tl_6" custom="readingOrder {index:5;}">
                <Coords points="833,1606 1820,1523 2801,1609 2964,1547 2964,1458 2570,1417 2220,1479 833,1417"/>
                <Baseline points="850,1510 895,1513 940,1513 984,1513 1029,1516 1074,1516 1119,1519 1164,1519 1208,1522 1253,1519 1298,1516 1343,1519 1387,1522 1432,1522 1477,1525 1522,1522 1566,1522 1611,1522 1656,1522 1701,1522 1746,1522 1790,1522 1835,1522 1880,1522 1925,1525 1969,1525 2014,1525 2059,1528 2104,1525 2148,1525 2193,1525 2238,1525 2283,1525 2328,1528 2372,1531 2417,1528 2462,1531 2507,1531 2551,1528 2596,1528 2641,1528 2686,1528 2730,1528 2775,1528 2820,1531 2865,1528 2910,1528 2954,1531 2972,1531"/>
                <TextEquiv>
                    <Unicode>troffen. von diesem Freund muss nat체rlich im</Unicode>
                </TextEquiv>
            </TextLine>
            <TextLine id="tr_1_tl_7" custom="readingOrder {index:6;}">
                <Coords points="839,1680 942,1737 1340,1746 1381,1713 2039,1701 2039,1621 1802,1627 1645,1568 1369,1603 1212,1556 1067,1621 836,1603"/>
                <Baseline points="856,1665 901,1668 946,1671 990,1674 1035,1674 1080,1674 1125,1674 1169,1674 1214,1674 1259,1674 1304,1674 1349,1674 1393,1674 1438,1674 1483,1674 1528,1677 1572,1674 1617,1674 1662,1674 1707,1674 1751,1674 1796,1677 1841,1677 1886,1677 1931,1677 1975,1680 2020,1683 2047,1677"/>
                <TextEquiv>
                    <Unicode>ersten Akt die Rede sein.</Unicode>
                </TextEquiv>
            </TextLine>
        </TextRegion>
        <TextRegion id="tr_2" custom="readingOrder {index:1;}">
            <Coords points="838,1779 3214,1779 3214,3809 838,3809"/>
            <TextLine id="tr_2_tl_1" custom="readingOrder {index:0;}">
                <Coords points="821,1900 1633,1840 1915,1932 2952,1843 2893,1755 2620,1740 821,1749"/>
                <Baseline points="838,1829 883,1829 928,1832 972,1832 1017,1832 1062,1832 1107,1832 1152,1835 1196,1835 1241,1832 1286,1832 1331,1832 1375,1832 1420,1832 1465,1832 1510,1832 1555,1832 1599,1832 1644,1832 1689,1832 1734,1832 1778,1832 1823,1832 1868,1832 1913,1832 1957,1832 2002,1832 2047,1832 2092,1829 2137,1829 2181,1829 2226,1832 2271,1829 2316,1832 2360,1832 2405,1832 2450,1835 2495,1832 2539,1832 2584,1832 2629,1832 2674,1832 2719,1832 2763,1829 2808,1829 2853,1832 2898,1832 2942,1832 2957,1835"/>
                <TextEquiv>
                    <Unicode>Er liegt im Sterben hat den Wunsch Agate noch</Unicode>
                </TextEquiv>
            </TextLine>
            <TextLine id="tr_2_tl_2" custom="readingOrder {index:1;}">
                <Coords points="836,2030 3079,2027 3079,1918 836,1938"/>
                <Baseline points="853,1984 892,1987 937,1987 981,1987 1026,1987 1071,1987 1116,1987 1161,1987 1205,1987 1250,1984 1295,1987 1340,1984 1384,1984 1429,1987 1474,1987 1519,1987 1563,1987 1608,1987 1653,1987 1698,1984 1743,1984 1787,1984 1832,1984 1877,1984 1922,1984 1966,1984 2011,1984 2056,1984 2101,1984 2145,1984 2190,1984 2235,1981 2280,1981 2325,1981 2369,1981 2414,1978 2459,1981 2504,1981 2548,1981 2593,1978 2638,1978 2683,1978 2727,1978 2772,1978 2817,1978 2862,1978 2907,1978 2951,1978 2996,1978 3041,1978 3086,1972"/>
                <TextEquiv>
                    <Unicode>einmal zu sehen. Ob sie noch zu recher Zeit ein-</Unicode>
                </TextEquiv>
            </TextLine>
            <TextLine id="tr_2_tl_3" custom="readingOrder {index:2;}">
                <Coords points="830,2152 3035,2152 3035,2069 2910,2033 2211,2089 830,2036"/>
                <Baseline points="847,2137 889,2137 934,2134 978,2134 1023,2137 1068,2134 1113,2134 1158,2137 1202,2137 1247,2134 1292,2137 1337,2134 1381,2134 1426,2137 1471,2134 1516,2134 1560,2134 1605,2134 1650,2134 1695,2134 1740,2134 1784,2134 1829,2134 1874,2134 1919,2131 1963,2131 2008,2131 2053,2131 2098,2131 2142,2131 2187,2131 2232,2128 2277,2128 2322,2128 2366,2128 2411,2128 2456,2128 2501,2125 2545,2125 2590,2125 2635,2122 2680,2122 2724,2125 2769,2122 2814,2122 2859,2122 2904,2122 2948,2122 2993,2125 3038,2128"/>
                <TextEquiv>
                    <Unicode>treffen wird l채sst sich nicht vorher bestimmen.</Unicode>
                </TextEquiv>
            </TextLine>
            <TextLine id="tr_2_tl_4" custom="readingOrder {index:3;}">
                <Coords points="862,2297 3035,2318 3053,2208 1277,2184 862,2255"/>
                <Baseline points="880,2292 910,2292 955,2289 999,2286 1044,2286 1089,2286 1134,2286 1178,2286 1223,2286 1268,2286 1313,2286 1358,2286 1402,2286 1447,2283 1492,2286 1537,2283 1581,2286 1626,2283 1671,2283 1716,2283 1760,2283 1805,2283 1850,2280 1895,2280 1940,2283 1984,2280 2029,2277 2074,2280 2119,2277 2163,2277 2208,2274 2253,2277 2298,2274 2342,2274 2387,2274 2432,2277 2477,2274 2522,2271 2566,2271 2611,2274 2656,2271 2701,2271 2745,2274 2790,2271 2835,2268 2880,2268 2924,2268 2969,2268 3014,2265 3059,2271"/>
                <TextEquiv>
                    <Unicode>Aber wenn sie kann, so soll sie den Versuch ma-</Unicode>
                </TextEquiv>
            </TextLine>
            <TextLine id="tr_2_tl_5" custom="readingOrder {index:4;}">
                <Coords points="839,2484 877,2493 895,2484 922,2487 948,2463 969,2478 1017,2448 1037,2448 1037,2377 1022,2377 1008,2365 981,2374 960,2392 907,2380 886,2395 839,2395"/>
                <Baseline points="856,2444 901,2438 946,2441 990,2441 1035,2441 1044,2444"/>
                <TextEquiv>
                    <Unicode>chn.</Unicode>
                </TextEquiv>
            </TextLine>
            <TextLine id="tr_2_tl_6" custom="readingOrder {index:5;}">
                <Coords points="892,2608 2676,2617 3100,2581 3133,2451 895,2528"/>
                <Baseline points="907,2581 943,2584 987,2587 1032,2587 1077,2587 1122,2584 1167,2584 1211,2584 1256,2587 1301,2584 1346,2584 1390,2584 1435,2584 1480,2584 1525,2584 1569,2584 1614,2581 1659,2581 1704,2581 1749,2581 1793,2581 1838,2581 1883,2578 1928,2578 1972,2575 2017,2578 2062,2578 2107,2575 2151,2575 2196,2575 2241,2575 2286,2575 2331,2572 2375,2572 2420,2572 2465,2572 2510,2572 2554,2569 2599,2572 2644,2572 2689,2569 2733,2569 2778,2569 2823,2569 2868,2569 2913,2569 2957,2569 3002,2566 3047,2566 3092,2566 3136,2566"/>
                <TextEquiv>
                    <Unicode>Ritter: Ich habe nichts dagegen.Fahre hin. Du</Unicode>
                </TextEquiv>
            </TextLine>
            <TextLine id="tr_2_tl_7" custom="readingOrder {index:6;}">
                <Coords points="842,2792 1150,2741 1263,2780 1325,2741 1378,2789 1485,2747 1583,2741 1680,2783 1778,2744 1778,2703 1713,2667 1452,2614 1257,2664 1088,2676 987,2638 842,2682"/>
                <Baseline points="859,2745 892,2745 937,2742 981,2742 1026,2742 1071,2742 1116,2742 1161,2739 1205,2736 1250,2736 1295,2736 1340,2739 1384,2736 1429,2736 1474,2736 1519,2736 1563,2736 1608,2736 1653,2733 1698,2733 1743,2733 1787,2736"/>
                <TextEquiv>
                    <Unicode>sollst es sogar tun.</Unicode>
                </TextEquiv>
            </TextLine>
            <TextLine id="tr_2_tl_8" custom="readingOrder {index:7;}">
                <Coords points="827,2919 3207,2881 3207,2750 830,2795"/>
                <Baseline points="844,2892 886,2892 931,2892 975,2892 1020,2892 1065,2895 1110,2892 1155,2892 1199,2889 1244,2889 1289,2886 1334,2886 1378,2886 1423,2886 1468,2883 1513,2883 1557,2883 1602,2883 1647,2880 1692,2880 1737,2880 1781,2880 1826,2880 1871,2877 1916,2877 1960,2877 2005,2874 2050,2874 2095,2874 2140,2871 2184,2871 2229,2871 2274,2868 2319,2868 2363,2868 2408,2868 2453,2868 2498,2868 2542,2865 2587,2865 2632,2865 2677,2862 2722,2859 2766,2859 2811,2862 2856,2862 2901,2862 2945,2859 2990,2856 3035,2856 3080,2853 3124,2853 3169,2850 3214,2847"/>
                <TextEquiv>
                    <Unicode>Es wird sp채t, Ritter muss ins Theater, vielleicht</Unicode>
                </TextEquiv>
            </TextLine>
            <TextLine id="tr_2_tl_9" custom="readingOrder {index:8;}">
                <Coords points="877,3047 1105,3088 1334,3038 1458,3079 1565,3041 1921,3059 1950,2925 1840,2893 1550,2943 1423,2893 1174,2976 877,2987"/>
                <Baseline points="895,3044 925,3044 970,3044 1014,3041 1059,3041 1104,3041 1149,3041 1193,3038 1238,3038 1283,3038 1328,3035 1372,3035 1417,3035 1462,3035 1507,3032 1552,3029 1596,3029 1641,3029 1686,3029 1731,3026 1775,3026 1820,3026 1865,3026 1910,3026 1954,3020"/>
                <TextEquiv>
                    <Unicode>kommt der Garderobier</Unicode>
                </TextEquiv>
            </TextLine>
            <TextLine id="tr_2_tl_10" custom="readingOrder {index:9;}">
                <Coords points="833,3236 3130,3165 3136,2964 2724,3088 839,3065"/>
                <Baseline points="850,3190 895,3190 940,3190 984,3190 1029,3190 1074,3187 1119,3190 1164,3184 1208,3184 1253,3184 1298,3181 1343,3181 1387,3178 1432,3178 1477,3175 1522,3175 1566,3172 1611,3172 1656,3172 1701,3169 1746,3169 1790,3166 1835,3166 1880,3163 1925,3166 1969,3163 2014,3163 2059,3160 2104,3160 2148,3157 2193,3157 2238,3154 2283,3154 2328,3151 2372,3151 2417,3151 2462,3148 2507,3145 2551,3145 2596,3142 2641,3142 2686,3139 2730,3139 2775,3139 2820,3136 2865,3136 2910,3133 2954,3133 2999,3130 3044,3127 3089,3127 3133,3121"/>
                <TextEquiv>
                    <Unicode>Ritter nimmt Abschied von Agate. Er bespricht mit</Unicode>
                </TextEquiv>
            </TextLine>
            <TextLine id="tr_2_tl_11" custom="readingOrder {index:10;}">
                <Coords points="839,3382 2976,3319 3112,3305 3115,3159 2774,3236 845,3245"/>
                <Baseline points="859,3339 880,3339 925,3339 970,3339 1014,3336 1059,3336 1104,3333 1149,3330 1193,3327 1238,3327 1283,3327 1328,3321 1372,3321 1417,3321 1462,3321 1507,3318 1552,3318 1596,3315 1641,3315 1686,3312 1731,3312 1775,3309 1820,3309 1865,3307 1910,3307 1954,3304 1999,3304 2044,3304 2089,3301 2134,3301 2178,3298 2223,3295 2268,3295 2313,3295 2357,3295 2402,3292 2447,3289 2492,3286 2536,3286 2581,3286 2626,3283 2671,3283 2716,3283 2760,3280 2805,3277 2850,3280 2895,3280 2939,3277 2984,3274 3029,3277 3074,3274 3118,3274"/>
                <TextEquiv>
                    <Unicode>ihr, wenn er sie nicht mehr daheim finden sollte,</Unicode>
                </TextEquiv>
            </TextLine>
            <TextLine id="tr_2_tl_12" custom="readingOrder {index:11;}">
                <Coords points="839,3509 2907,3476 3091,3438 3094,3355 2896,3299 1846,3414 842,3385"/>
                <Baseline points="856,3480 859,3480 904,3480 949,3480 993,3480 1038,3477 1083,3477 1128,3474 1172,3474 1217,3471 1262,3468 1307,3468 1352,3465 1396,3465 1441,3462 1486,3462 1531,3462 1575,3459 1620,3459 1665,3459 1710,3456 1754,3453 1799,3453 1844,3450 1889,3447 1934,3447 1978,3447 2023,3444 2068,3444 2113,3441 2157,3441 2202,3441 2247,3441 2292,3438 2336,3438 2381,3438 2426,3435 2471,3432 2516,3432 2560,3429 2605,3429 2650,3426 2695,3423 2739,3426 2784,3423 2829,3423 2874,3423 2918,3420 2963,3417 3008,3417 3053,3414 3098,3417"/>
                <TextEquiv>
                    <Unicode>so erwartet er sie in dem n채chsten Gastspielort.</Unicode>
                </TextEquiv>
            </TextLine>
            <TextLine id="tr_2_tl_13" custom="readingOrder {index:12;}">
                <Coords points="842,3648 1025,3622 1114,3675 1209,3625 1328,3663 1509,3610 2089,3613 2208,3595 2211,3500 2012,3474 1915,3536 1464,3556 1372,3509 1117,3518 1002,3571 848,3518"/>
                <Baseline points="859,3623 871,3626 916,3623 961,3623 1005,3620 1050,3620 1095,3617 1140,3614 1184,3614 1229,3614 1274,3611 1319,3611 1363,3611 1408,3605 1453,3605 1498,3605 1543,3605 1587,3602 1632,3599 1677,3599 1722,3596 1766,3593 1811,3593 1856,3590 1901,3590 1945,3590 1990,3587 2035,3587 2080,3587 2125,3584 2169,3584 2214,3584"/>
                <TextEquiv>
                    <Unicode>Sie kennt ja die ganzen Coute</Unicode>
                </TextEquiv>
            </TextLine>
            <TextLine id="tr_2_tl_14" custom="readingOrder {index:13;}">
                <Coords points="845,3847 2958,3782 2996,3648 1719,3737 851,3684"/>
                <Baseline points="865,3799 898,3796 943,3796 987,3799 1032,3796 1077,3793 1122,3793 1167,3790 1211,3790 1256,3787 1301,3787 1346,3787 1390,3784 1435,3784 1480,3784 1525,3781 1569,3781 1614,3778 1659,3778 1704,3775 1749,3772 1793,3772 1838,3772 1883,3769 1928,3766 1972,3766 2017,3766 2062,3766 2107,3763 2151,3763 2196,3760 2241,3760 2286,3760 2331,3757 2375,3757 2420,3754 2465,3754 2510,3751 2554,3751 2599,3748 2644,3748 2689,3748 2733,3745 2778,3745 2823,3742 2868,3739 2913,3739 2957,3739 3002,3736"/>
                <TextEquiv>
                    <Unicode>Er spricht noh mit ihr, ist aber doch im Geist</Unicode>
                </TextEquiv>
            </TextLine>
        </TextRegion>
    </Page>
</PcGts>
