3576 4200
1300 514 3168 845 sich mit ihrem Bräutigam aussprechen, ge-
1475 708 2993 931 wällt er ihr nicht mehr, fühlt sie
1212 848 2980 1093 dass sie an seiner Seite.
1136 1007 3114 1308 GräfinHa ha..Wirst Du plötzlich moralisch?
1369 1187 3028 1404 Bleib doch in Deiner Rolle. Sag ihr
1336 1311 2910 1548 einfach sie soll vorsichtig sein.
1169 1503 2135 1708 Rainer: Vorsichtig?
2186 1543 2345 1670 B.H.F.P.
1176 1589 3218 1867 Gräfin. Ja, das soll sie seh. Von zwei Sei
1440 1741 3246 1976 ten droht ihr Gefahr. Ihr vergesst ach
1392 1870 3324 2140 Agathe. Sie hat Herbot wohl schon manches
1402 2034 3200 2315 nachgesehen... aber das.. und Fritz auf
1462 2133 3342 2434 der andern Seite. Stell Dir das nur vor
1435 2333 3150 2606 Wenn so zwei Kugeln auf einmal kämen
1440 2477 3175 2748 Rehts der beleidigte Bräutigam, links
1508 2662 2613 2882 die beleidigte Gattin.
1300 2770 3211 3049 Rainer. Herr Gott dergleichen Spässe.
1432 2889 3314 3168 Was Du redest ist ja Unsinn. Ein Kind is
1553 3076 3162 3271 Julia.. überhaupt noch keine Frau.
1531 3155 3380 3446 Ich muss auch Deine früheren Beleidigung
1558 3337 3261 3577 zurückweisen. Sie istkeine Kanaille,
1533 3494 3370 3694 ferner liebt sie Fritz. Und Herbot ist
