3384 4216
2788 591 2926 710 24
649 731 2112 878 Achte Scene, Die Segler landen.
649 865 2947 1036 Die Scene ist erhöht gedacht. Etwa als ein Higel.
655 975 3078 1176 so dass das Segel sichtbar ist, aber nicht das Boot,
637 1192 2148 1338 Ritter, Dasy, Fritz steigen aus.
600 1298 2395 1502 Herr und Frau Rainer kommen auch dazu.
637 1451 1167 1655 Lustigkeit
640 1606 2993 1777 Dasy erzählt von irgend einem Abentauer. Sie waren
655 1765 1414 1944 auf einer Insel.
637 1862 2953 2109 Ritter. Ich möchte auf dem Lande leben. Ich werde
637 2069 2526 2219 mich zurückziehen. Ja ich bin alt genug.
637 2176 3081 2325 Er erzählt, dass ihm das Spielen keine Freude macht.
634 2365 3044 2536 Dasy: Sie sind ein Künstler, nur Fabrikanten werden
600 2499 847 2667 walt.
628 2600 2660 2801 Zu ihrem Bräutigam: Auch Ministerialbeamte?
585 2776 2959 2965 Fritz ist innerlich gequält, aber sehr korrekt und
594 2916 1819 3121 verbrigt seine Eifersucht.
591 3099 3002 3233 Einige Worte zwischen Edgar und Ritter. Etwa affek
2654 3182 3093 3331 ren un pale
637 3179 2630 3358 tierter Neid Ritters auf das feben Edgers.
631 3331 1819 3523 Alles geht zum Frühstück.
634 3486 2849 3651 Ritter wirft sich noch auf die Wise hin. AgaÄte
600 3620 2426 3785 bleibt bei ihm, vielleicht ruft er sie.
