3432 4280
2942 472 3068 680 45
774 691 1421 949 fünfte Scene.
832 914 2608 1099 Agate eine Weile allein. Sie schwankt.
844 973 2953 1248 Vielleicht beginnt sie auch schon Anordungen
809 1169 2192 1377 wegen ihrer Areise zu teffen.
817 1275 2886 1538 Nun kommt möglicherweise Frau Rainer, Daisys
838 1421 3088 1691 Mutter. Sie hat erfahren, dass Fritz nach Berlin
246 1406 674 1626 Yr. Ravee
211 1570 791 1732 der auf vorab:
850 1573 3132 1849 gereist ist, wollte wissen was geschehen ist. Sie
237 1699 768 1878 faume mille
847 1740 3185 2048 hätte eigentlich den Wunsch gehabt, dass Fritz die
873 1884 3232 2174 Wahrheit erfährt, denn es ist ihr schrecklich, dass
879 2051 3021 2323 dieser liebe junge Bursch diem Betrug verfallen
938 2271 3282 2616 Agate klärt sie auf, dass Fritz vollkommen beruhig
941 2300 1524 2470 sein sollte.
914 2488 3238 2795 abgereist ist. Dann spricht sie im Allgemeinen.
982 2619 3015 2912 dass diese Art Menschen, die sich selber be-
943 2737 3276 3106 trügen können und betrügen lassen, doch eigentlich
996 2901 3273 3255 die Glücklichsten sind. Es ist furchtbar in frem-
1014 3062 3223 3402 de Seelen überhaupt hineinschauen können und am
1028 3197 3141 3513 furchtbarsten in Seelen von Menschen, die man
1020 3446 3296 3818 Es kommt ein zweites Tefegramm, mit dem Nachricht
999 3545 1318 3695 liebt.
