3480 4184
1182 662 1509 834 Rainer:
1940 670 2366 862 bin ein
2875 670 3047 813 so zu
1166 834 1395 1081 Gräf:
1714 945 2117 1096 älterer.
2291 1075 3122 1265 Sag ganz aufrieb
1192 1070 1325 1239 Rai
1595 1114 1751 1239 Und
1803 1065 2270 1294 seg einmal
1990 1210 2081 1301 G.C.F.P
1722 1218 3140 1442 Für Dich, ich weiss ja dass Du
1356 1405 3198 1590 dem gut en Berengar treu bist, ja ja,..
1696 1533 3309 1707 sag, für Dich ist Herbot noch inmdt.
1481 1665 3039 1886 Jn Mann, einer mit dem man rechnen
1395 1857 1717 2047 könnte.
1151 1961 2901 2166 Gräfin. Auf der Bühne ist x###er der
1400 2135 2696 2322 jüngste von allen.
1151 2244 3190 2470 Rainer: Ich rede jetzt nicht von der Bühne.
1382 2408 3211 2623 Nicht, wenn er Dir in einer Rolle gegen
1423 2535 3060 2782 übersteht, in der er Helden spielt,
1296 2699 3055 2930 oder einen Schurken. (Nein, so) ernien
1161 2834 3247 3026 Gräfin Schwer zu sagen. Ich weiss ja nicht,
1158 3000 2873 3239 Wenn nie was gewesen wäre, es bliebe
1444 3153 3278 3359 kaum erspart. Das ganze Glück ist, dass
1400 3291 3205 3449 es abgetamist. Oder wenn er es durch
1481 3434 3148 3590 aus wünschte...Er gehört nicht zu den
1395 3546 3200 3772 Männern, denen man 40 widerstehen kann.
