3560 4232
2891 611 3043 735 23
1078 792 1942 1008 6. Ritter. Sophie.
1096 1001 3172 1163 Ihre Zärtlichkeit für ihn, ihre Angst um ihn.
1096 1158 1895 1305 7. Ritter, Edgar.
1086 1269 1944 1454 8. Ritter, Sophie.
1080 1421 3066 1612 Sie empfindet die Liebe“iters als grauen¬
1086 1607 1336 1746 naft.
1075 1730 2942 1857 Ein Brief oder eine Nachricht des Lieb¬
1086 1875 3009 2019 habers, der sich wirklich erschossen hat.
1086 2037 3020 2205 Vielleicht seine Mutter, die selbst kommt,
1099 2200 3110 2344 oder seine Schwester, bei der er hier wohnt.
1091 2329 3027 2501 9. Direktor, der den Ritter ins Theater ab¬
1083 2527 1349 2669 holt.
1073 2610 3027 2824 Ritter:Hier gibt’s eine echtere Tragödte.
1099 2785 2091 2958 10. Sophie, Direktor.
1086 2942 3092 3094 Ihr Entschluss fortzugehen.Nicht wieder zu
1096 3107 3053 3272 kehren. Dem Direktor gefällt ihre Art: zu
1104 3252 2994 3391 tief, zu tief. Er bleibt und verpflichtet
1106 3383 3118 3610 sich Ritter über das Schwerste wegzuhelfen.
