<?xml version="1.0" encoding="UTF-8" standalone="yes"?>
<PcGts xmlns="http://schema.primaresearch.org/PAGE/gts/pagecontent/2013-07-15" xmlns:xsi="http://www.w3.org/2001/XMLSchema-instance" xsi:schemaLocation="http://schema.primaresearch.org/PAGE/gts/pagecontent/2013-07-15 http://schema.primaresearch.org/PAGE/gts/pagecontent/2013-07-15/pagecontent.xsd">
    <Metadata>
        <Creator>prov=READ-COOP:name=TrHtr:version=2.1.0:model_id=51170:date=29_07_2023_15:06</Creator>
        <Created>2023-05-10T13:09:53.158+02:00</Created>
        <LastChange>2023-07-29T15:06:29.489+02:00</LastChange>
        <TranskribusMetadata docId="1428565" pageId="55408763" pageNr="9" tsid="131436884" status="IN_PROGRESS" userId="64420" imgUrl="https://files.transkribus.eu/Get?id=RYBFRNAQEAKYTLJPSQBJCCMV&amp;fileType=view" xmlUrl="https://files.transkribus.eu/Get?id=CVGNKENFHRHJRYAHSPLNOPUF" imageId="44682909"/>
    </Metadata>
    <Page imageFilename="1428565_0009.jpg" imageWidth="3496" imageHeight="4248">
        <ReadingOrder>
            <OrderedGroup id="ro_1711793831891" caption="Regions reading order">
                <RegionRefIndexed index="0" regionRef="tr_1"/>
                <RegionRefIndexed index="1" regionRef="tr_2"/>
            </OrderedGroup>
        </ReadingOrder>
        <TextRegion id="tr_1" custom="readingOrder {index:0;}">
            <Coords points="835,409 3056,409 3056,2619 835,2619"/>
            <TextLine id="tr_1_tl_1" custom="readingOrder {index:0;}">
                <Coords points="2627,522 2650,522 2678,545 2704,542 2713,551 2741,536 2753,542 2767,528 2856,525 2873,379 2839,370 2807,390 2773,373 2753,390 2718,370 2667,393 2661,384 2644,387"/>
                <Baseline points="2647,480 2692,480 2737,474 2782,465 2827,462 2871,459"/>
                <TextEquiv>
                    <Unicode>1906.</Unicode>
                </TextEquiv>
            </TextLine>
            <TextLine id="tr_1_tl_2" custom="readingOrder {index:1;}">
                <Coords points="855,1147 1041,1167 1118,1138 1179,1173 1213,1156 1385,1181 1388,958 1282,1006 1193,966 1167,989 1044,981 1001,1004 855,1012"/>
                <Baseline points="871,1137 916,1137 961,1134 1006,1134 1050,1134 1095,1134 1140,1131 1185,1131 1229,1131 1274,1131 1319,1131 1364,1134 1394,1137"/>
                <TextEquiv>
                    <Unicode>Erster Akt.</Unicode>
                </TextEquiv>
            </TextLine>
            <TextLine id="tr_1_tl_3" custom="readingOrder {index:2;}">
                <Coords points="855,1325 2217,1313 2432,1279 2435,1216 2125,1179 1764,1236 1551,1147 857,1181"/>
                <Baseline points="871,1292 916,1289 961,1289 1006,1286 1050,1286 1095,1283 1140,1283 1185,1280 1229,1280 1274,1280 1319,1280 1364,1277 1409,1277 1453,1277 1498,1274 1543,1274 1588,1274 1632,1271 1677,1271 1722,1271 1767,1268 1812,1268 1856,1265 1901,1262 1946,1262 1991,1262 2035,1262 2080,1259 2125,1259 2170,1259 2215,1259 2259,1256 2304,1256 2349,1259 2394,1262 2438,1265"/>
                <TextEquiv>
                    <Unicode>Am Strand. Seeufer. Sommermorgen.</Unicode>
                </TextEquiv>
            </TextLine>
            <TextLine id="tr_1_tl_4" custom="readingOrder {index:3;}">
                <Coords points="820,1448 2899,1454 2942,1319 2228,1305 2027,1371 1715,1310 1503,1388 1368,1310 823,1313"/>
                <Baseline points="835,1441 841,1438 886,1441 931,1438 976,1435 1020,1435 1065,1432 1110,1429 1155,1429 1200,1429 1244,1426 1289,1426 1334,1426 1379,1423 1423,1423 1468,1420 1513,1420 1558,1420 1603,1420 1647,1420 1692,1420 1737,1420 1782,1420 1826,1420 1871,1417 1916,1415 1961,1415 2006,1412 2050,1412 2095,1409 2140,1409 2185,1409 2229,1406 2274,1403 2319,1403 2364,1403 2409,1403 2453,1400 2498,1400 2543,1397 2588,1397 2632,1394 2677,1394 2722,1394 2767,1394 2812,1391 2856,1388 2901,1385 2946,1388"/>
                <TextEquiv>
                    <Unicode>1. Frau Rainer und Agathe die Frau des Schau¬</Unicode>
                </TextEquiv>
            </TextLine>
            <TextLine id="tr_1_tl_5" custom="readingOrder {index:4;}">
                <Coords points="829,1626 846,1632 883,1603 909,1617 941,1594 1001,1597 1047,1623 1115,1600 1158,1612 1184,1591 1270,1603 1273,1528 1222,1523 1161,1485 1115,1488 1101,1471 1021,1523 1001,1514 984,1528 946,1508 912,1540 832,1528"/>
                <Baseline points="847,1588 874,1585 919,1585 964,1585 1009,1582 1053,1579 1098,1579 1143,1576 1188,1576 1232,1576 1277,1579"/>
                <TextEquiv>
                    <Unicode>spielers.</Unicode>
                </TextEquiv>
            </TextLine>
            <TextLine id="tr_1_tl_6" custom="readingOrder {index:5;}">
                <Coords points="866,1752 2902,1706 2902,1603 2721,1591 869,1626"/>
                <Baseline points="883,1728 895,1725 940,1725 985,1725 1029,1725 1074,1725 1119,1722 1164,1725 1209,1725 1253,1719 1298,1719 1343,1719 1388,1716 1432,1716 1477,1713 1522,1713 1567,1713 1612,1710 1656,1710 1701,1710 1746,1710 1791,1707 1835,1710 1880,1707 1925,1707 1970,1704 2015,1704 2059,1701 2104,1698 2149,1695 2194,1695 2238,1695 2283,1692 2328,1692 2373,1689 2418,1689 2462,1689 2507,1686 2552,1686 2597,1683 2641,1683 2686,1680 2731,1680 2776,1683 2821,1683 2865,1689 2910,1689"/>
                <TextEquiv>
                    <Unicode>Frau R: Draussen segeln eine Tocher Daisy,</Unicode>
                </TextEquiv>
            </TextLine>
            <TextLine id="tr_1_tl_7" custom="readingOrder {index:6;}">
                <Coords points="826,1910 2360,1872 2483,1855 2486,1778 829,1778"/>
                <Baseline points="841,1880 877,1880 922,1877 967,1877 1011,1874 1056,1874 1101,1874 1146,1871 1191,1868 1235,1868 1280,1868 1325,1868 1370,1868 1415,1865 1459,1862 1504,1859 1549,1859 1594,1856 1638,1856 1683,1856 1728,1856 1773,1856 1818,1853 1862,1853 1907,1850 1952,1847 1997,1847 2041,1847 2086,1844 2131,1844 2176,1841 2221,1841 2265,1838 2310,1838 2355,1835 2400,1835 2444,1835 2489,1838"/>
                <TextEquiv>
                    <Unicode>Jhr Mann und der Bräutigam Daisys.</Unicode>
                </TextEquiv>
            </TextLine>
            <TextLine id="tr_1_tl_8" custom="readingOrder {index:7;}">
                <Coords points="877,2062 2868,2002 2988,1987 2991,1907 880,1930"/>
                <Baseline points="892,2026 934,2021 979,2021 1023,2021 1068,2021 1113,2021 1158,2018 1203,2018 1247,2018 1292,2015 1337,2015 1382,2012 1426,2012 1471,2009 1516,2006 1561,2006 1606,2003 1650,2003 1695,2003 1740,2003 1785,2003 1829,2000 1874,2000 1919,1997 1964,1997 2009,1994 2053,1991 2098,1988 2143,1988 2188,1988 2232,1985 2277,1985 2322,1982 2367,1982 2412,1982 2456,1979 2501,1976 2546,1976 2591,1973 2635,1970 2680,1970 2725,1967 2770,1967 2815,1964 2859,1964 2904,1964 2949,1961 2994,1964"/>
                <TextEquiv>
                    <Unicode>Sie sind w ül sehr glücklich einen so berühm-</Unicode>
                </TextEquiv>
            </TextLine>
            <TextLine id="tr_1_tl_9" custom="readingOrder {index:8;}">
                <Coords points="2288,2131 2532,2122 2572,2156 2618,2122 2827,2136 2865,2105 2997,2136 2999,2047 2951,2036 2888,2065 2787,2024 2727,2062 2644,2004 2569,2010 2440,2079 2294,2045"/>
                <Baseline points="2307,2116 2331,2116 2376,2119 2421,2119 2465,2119 2510,2119 2555,2116 2600,2116 2644,2116 2689,2113 2734,2110 2779,2107 2824,2101 2868,2101 2913,2098 2958,2098 3003,2095"/>
                <TextEquiv>
                    <Unicode>Mann soviel Sie nicht</Unicode>
                </TextEquiv>
            </TextLine>
            <TextLine id="tr_1_tl_10" custom="readingOrder {index:9;}">
                <Coords points="880,2202 1009,2182 1265,2219 1468,2162 1729,2171 1749,2099 1448,2022 1276,2065 1153,2056 981,2125 883,2105"/>
                <Baseline points="895,2173 904,2170 949,2167 994,2167 1038,2167 1083,2167 1128,2164 1173,2164 1217,2161 1262,2161 1307,2158 1352,2158 1397,2158 1441,2155 1486,2152 1531,2152 1576,2149 1620,2149 1665,2146 1710,2152 1755,2152"/>
                <TextEquiv>
                    <Unicode>ten Mann zu haben.</Unicode>
                </TextEquiv>
            </TextLine>
            <TextLine id="tr_1_tl_11" custom="readingOrder {index:10;}">
                <Coords points="2369,2260 2472,2211 2629,2254 2753,2214 2790,2242 2816,2219 3048,2222 3051,2119 3005,2110 2954,2142 2862,2108 2830,2136 2727,2122 2629,2162 2374,2139"/>
                <Baseline points="2388,2197 2429,2194 2474,2197 2519,2194 2564,2194 2609,2197 2653,2197 2698,2194 2743,2194 2788,2188 2832,2185 2877,2179 2922,2176 2967,2173 3012,2170 3056,2167"/>
                <TextEquiv>
                    <Unicode>Man weisigewacht</Unicode>
                </TextEquiv>
            </TextLine>
            <TextLine id="tr_1_tl_12" custom="readingOrder {index:11;}">
                <Coords points="880,2320 1190,2357 1290,2314 1425,2346 1480,2311 1938,2305 1941,2225 1672,2185 1508,2222 1288,2202 1070,2260 883,2202"/>
                <Baseline points="895,2316 916,2313 961,2313 1006,2313 1050,2313 1095,2310 1140,2310 1185,2307 1229,2307 1274,2307 1319,2304 1364,2304 1409,2301 1453,2298 1498,2298 1543,2295 1588,2295 1632,2292 1677,2292 1722,2289 1767,2289 1812,2286 1856,2286 1901,2286 1946,2289"/>
                <TextEquiv>
                    <Unicode>Sein Schauspielerruhm.</Unicode>
                </TextEquiv>
            </TextLine>
            <TextLine id="tr_1_tl_13" custom="readingOrder {index:12;}">
                <Coords points="880,2480 2802,2432 2833,2346 2552,2369 2366,2294 1844,2391 1686,2323 886,2369"/>
                <Baseline points="898,2456 916,2459 961,2462 1006,2462 1050,2462 1095,2459 1140,2456 1185,2456 1229,2453 1274,2453 1319,2450 1364,2450 1409,2450 1453,2450 1498,2447 1543,2447 1588,2444 1632,2441 1677,2441 1722,2438 1767,2435 1812,2435 1856,2432 1901,2429 1946,2429 1991,2429 2035,2427 2080,2424 2125,2424 2170,2421 2215,2421 2259,2421 2304,2418 2349,2415 2394,2415 2438,2412 2483,2412 2528,2409 2573,2406 2618,2406 2662,2406 2707,2406 2752,2403 2797,2406 2841,2406"/>
                <TextEquiv>
                    <Unicode>Wir lebten lang ohne verheiratet zu sein,</Unicode>
                </TextEquiv>
            </TextLine>
            <TextLine id="tr_1_tl_14" custom="readingOrder {index:13;}">
                <Coords points="889,2621 2257,2635 2589,2549 3040,2564 3045,2466 2214,2432 2065,2495 1437,2483 1244,2566 895,2486"/>
                <Baseline points="904,2609 943,2609 988,2606 1032,2606 1077,2609 1122,2606 1167,2603 1212,2603 1256,2603 1301,2600 1346,2600 1391,2597 1435,2594 1480,2591 1525,2591 1570,2591 1615,2588 1659,2585 1704,2582 1749,2579 1794,2576 1838,2576 1883,2576 1928,2573 1973,2570 2018,2567 2062,2567 2107,2564 2152,2564 2197,2561 2241,2558 2286,2555 2331,2552 2376,2552 2421,2552 2465,2546 2510,2546 2555,2546 2600,2543 2644,2540 2689,2540 2734,2537 2779,2534 2824,2534 2868,2531 2913,2528 2958,2525 3003,2522 3047,2516"/>
                <TextEquiv>
                    <Unicode>Frau R. ; Ich hätte meine Tochter keinem Kust-</Unicode>
                </TextEquiv>
            </TextLine>
        </TextRegion>
        <TextRegion id="tr_2" custom="readingOrder {index:1;}">
            <Coords points="841,2669 3215,2669 3215,3810 841,3810"/>
            <TextLine id="tr_2_tl_1" custom="readingOrder {index:0;}">
                <Coords points="852,2764 900,2793 958,2761 1161,2784 1267,2750 1528,2781 1660,2730 1824,2750 1861,2695 1571,2635 1474,2684 1233,2664 1133,2704 1081,2667 941,2684 855,2652"/>
                <Baseline points="868,2755 883,2758 928,2755 973,2752 1017,2752 1062,2752 1107,2749 1152,2746 1197,2743 1241,2743 1286,2740 1331,2740 1376,2737 1420,2734 1465,2734 1510,2731 1555,2728 1600,2725 1644,2725 1689,2722 1734,2722 1779,2722 1823,2719 1868,2722"/>
                <TextEquiv>
                    <Unicode>ler zum Mann gegeben.</Unicode>
                </TextEquiv>
            </TextLine>
            <TextLine id="tr_2_tl_2" custom="readingOrder {index:1;}">
                <Coords points="826,2853 860,2868 883,2847 920,2845 929,2853 943,2842 955,2850 963,2842 978,2856 984,2850 1001,2856 1021,2842 1041,2845 1041,2804 1018,2793 935,2799 900,2773 832,2759"/>
                <Baseline points="841,2847 865,2844 910,2838 955,2838 1000,2838 1044,2835"/>
                <TextEquiv>
                    <Unicode>Daisy</Unicode>
                </TextEquiv>
            </TextLine>
            <TextLine id="tr_2_tl_3" custom="readingOrder {index:2;}">
                <Coords points="849,2951 1319,2890 1984,2896 2030,2885 2036,2796 1898,2756 1709,2790 1626,2747 1557,2793 1336,2776 1242,2830 1130,2781 1001,2856 852,2862"/>
                <Baseline points="868,2907 877,2907 922,2907 967,2904 1011,2901 1056,2901 1101,2898 1146,2895 1191,2895 1235,2892 1280,2889 1325,2886 1370,2886 1415,2883 1459,2880 1504,2877 1549,2877 1594,2874 1638,2871 1683,2871 1728,2871 1773,2871 1818,2868 1862,2868 1907,2868 1952,2865 1997,2865 2041,2862"/>
                <TextEquiv>
                    <Unicode>Sie hatte grosse Neigung.</Unicode>
                </TextEquiv>
            </TextLine>
            <TextLine id="tr_2_tl_4" custom="readingOrder {index:3;}">
                <Coords points="852,3060 3083,3005 3091,2847 2784,2802 2569,2882 857,2933"/>
                <Baseline points="868,3053 898,3056 943,3056 988,3053 1032,3050 1077,3050 1122,3050 1167,3044 1212,3041 1256,3041 1301,3038 1346,3038 1391,3035 1435,3033 1480,3030 1525,3030 1570,3027 1615,3024 1659,3021 1704,3021 1749,3021 1794,3018 1838,3018 1883,3015 1928,3012 1973,3009 2018,3006 2062,3003 2107,3003 2152,2997 2197,2997 2241,2994 2286,2994 2331,2991 2376,2991 2421,2991 2465,2985 2510,2982 2555,2979 2600,2976 2644,2976 2689,2973 2734,2970 2779,2970 2824,2967 2868,2964 2913,2961 2958,2961 3003,2958 3047,2952 3092,2949"/>
                <TextEquiv>
                    <Unicode>Einmal war sie in einen Klavierspieler verliebt</Unicode>
                </TextEquiv>
            </TextLine>
            <TextLine id="tr_2_tl_5" custom="readingOrder {index:4;}">
                <Coords points="863,3232 2750,3149 2916,3120 2922,3045 869,3074"/>
                <Baseline points="880,3206 907,3206 952,3206 997,3200 1041,3197 1086,3197 1131,3194 1176,3194 1220,3188 1265,3185 1310,3185 1355,3182 1400,3182 1444,3179 1489,3176 1534,3176 1579,3170 1623,3170 1668,3167 1713,3164 1758,3164 1803,3161 1847,3161 1892,3158 1937,3155 1982,3152 2026,3149 2071,3149 2116,3146 2161,3143 2206,3140 2250,3140 2295,3137 2340,3137 2385,3137 2429,3134 2474,3131 2519,3128 2564,3125 2609,3122 2653,3119 2698,3116 2743,3113 2788,3113 2832,3110 2877,3110 2922,3110"/>
                <TextEquiv>
                    <Unicode>Ieh bin froh dass sie nun diesen charmanten</Unicode>
                </TextEquiv>
            </TextLine>
            <TextLine id="tr_2_tl_6" custom="readingOrder {index:5;}">
                <Coords points="877,3412 1302,3358 1858,3352 2030,3321 2033,3252 1001,3318 883,3289"/>
                <Baseline points="895,3373 919,3367 964,3367 1009,3364 1053,3364 1098,3361 1143,3358 1188,3355 1232,3352 1277,3349 1322,3349 1367,3346 1412,3343 1456,3340 1501,3337 1546,3337 1591,3334 1635,3331 1680,3328 1725,3328 1770,3328 1815,3325 1859,3322 1904,3319 1949,3316 1994,3316 2038,3319"/>
                <TextEquiv>
                    <Unicode>jungen Menwechen heiratet</Unicode>
                </TextEquiv>
            </TextLine>
            <TextLine id="tr_2_tl_7" custom="readingOrder {index:6;}">
                <Coords points="906,3516 2561,3504 3045,3407 3206,3475 3212,3309 909,3430"/>
                <Baseline points="922,3513 931,3510 976,3510 1020,3510 1065,3507 1110,3504 1155,3504 1200,3501 1244,3501 1289,3498 1334,3498 1379,3492 1423,3492 1468,3489 1513,3489 1558,3486 1603,3483 1647,3480 1692,3477 1737,3474 1782,3474 1826,3471 1871,3471 1916,3468 1961,3465 2006,3462 2050,3459 2095,3459 2140,3456 2185,3453 2229,3450 2274,3450 2319,3447 2364,3444 2409,3444 2453,3444 2498,3441 2543,3438 2588,3436 2632,3433 2677,3430 2722,3427 2767,3427 2812,3424 2856,3418 2901,3415 2946,3415 2991,3412 3035,3409 3080,3406 3125,3406 3170,3403 3215,3400"/>
                <TextEquiv>
                    <Unicode>Uebr Edgarå, den Marineoffizier, der Agathe ein</Unicode>
                </TextEquiv>
            </TextLine>
            <TextLine id="tr_2_tl_8" custom="readingOrder {index:7;}">
                <Coords points="923,3673 1870,3647 1990,3625 1993,3570 1890,3524 1732,3567 1583,3524 1374,3590 926,3602"/>
                <Baseline points="940,3662 967,3659 1011,3656 1056,3653 1101,3650 1146,3650 1191,3647 1235,3644 1280,3641 1325,3639 1370,3639 1415,3636 1459,3633 1504,3630 1549,3627 1594,3624 1638,3624 1683,3621 1728,3618 1773,3618 1818,3615 1862,3612 1907,3612 1952,3609 1997,3606"/>
                <TextEquiv>
                    <Unicode>bisschen den Hof macht</Unicode>
                </TextEquiv>
            </TextLine>
            <TextLine id="tr_2_tl_9" custom="readingOrder {index:8;}">
                <Coords points="912,3837 1887,3776 1987,3845 2721,3736 2942,3799 3034,3791 3040,3656 2756,3699 2406,3613 2085,3713 1649,3650 1439,3731 918,3676"/>
                <Baseline points="931,3800 937,3800 982,3800 1026,3800 1071,3797 1116,3797 1161,3794 1206,3794 1250,3791 1295,3788 1340,3785 1385,3785 1429,3782 1474,3782 1519,3779 1564,3779 1609,3776 1653,3773 1698,3773 1743,3770 1788,3770 1832,3770 1877,3767 1922,3767 1967,3767 2012,3767 2056,3764 2101,3761 2146,3758 2191,3758 2235,3755 2280,3749 2325,3749 2370,3749 2415,3749 2459,3746 2504,3743 2549,3743 2594,3740 2638,3734 2683,3734 2728,3731 2773,3728 2818,3725 2862,3725 2907,3722 2952,3719 2997,3719 3041,3719"/>
                <TextEquiv>
                    <Unicode>Uebr die Gräfin Rudlow, mit dem Hamlet durch</Unicode>
                </TextEquiv>
            </TextLine>
        </TextRegion>
    </Page>
</PcGts>
