3512 4280
2697 309 2832 489 17
1309 508 2879 749 ich durchaus nicht Ihrer Ansicht.
1326 646 3078 897 Ich will, sozusagen von dem Recht der
1329 784 3146 1012 Atmosphäre Gebrauch machen, in welchem
1520 965 2267 1083 mer Leber à Gesprän
1353 951 3097 1177 wir dieses Gespräch führn und spreche
1307 1081 3021 1324 meine Ueberzeugung aus, Agathe hätte
1412 1199 3102 1439 vollkommen Recht, wenn sie Ihren Gat
1368 1356 3144 1597 ten verliesse. Ich, obwohl ich pe sön
1420 1520 3269 1744 lich so wenig in Betracht komme als mög
1410 1638 3154 1854 lich, ich wünsche als Freund von Frau
1356 1827 3127 2026 Agathe, als einer der sie schätzt und
1371 1970 3127 2184 beklagen gelernt hat, dass sie diesen
1420 2053 3178 2346 Entschluss so bald fasse als möglich.
1380 2267 3105 2486 Denn es ist meine feste Ueberzeugung
1398 2368 3210 2611 an der Seite ihres Gemahls wird sie zu
1461 2621 2095 2771 Grunde gehen
1280 2719 2766 2920 Rainer: Irrtum. Sie liebt ihn.
1243 2908 2130 3110 Edgar: Eben darum
1258 2999 3237 3242 Rainer. Nein. Sie weiss was sie ihm schul
1540 3090 3353 3375 dig ist. Ihm und den hohen Prinzipien,
3048 3213 3151 3294 day
1518 3242 3404 3517 die in ihm verkörpert sind. Sie draf ihn
1574 3414 3338 3657 nicht verlassen, denn er braucht sie.
