3368 4248
2725 595 2862 700 37
870 735 1786 848 ich morgen abreise.
867 856 2996 1062 Sie wehrt sich lange. Ob sie auch von dem Be-
820 1021 2672 1172 such Frau Rainers erzählt ist fraglich.
823 1161 2906 1361 Im weitern Verlauf wird er wilder. Sie solle
870 1361 3076 1517 nicht eigensinnig sein. Es ist nicht abzusehen,
870 1509 2985 1652 wohin der Trotz einen Mann führen kann. Gut,
818 1654 2991 1836 meinetwegen Erpressung, mir ist kein Mittel zu
826 1781 2936 1965 schlecht. Wer weiss in welche Töefen Du mich
818 1956 2928 2124 stöss, vielleicht ist es überhapt nicht auf -
823 2104 2878 2258 zuhalten, aber doch noch einJahr, ein Monat,
818 2233 2653 2398 Tage, das Leben ist doch nicht so lang.
1742 2340 1997 2467 damit
851 2379 2988 2574 Die Scene schliesst, dass sie einander in die
812 2563 1438 2744 Arme stürzen
