3448 4280
578 176 733 336 G.M.
330 517 618 690 Rame
456 653 2317 874 E. hiebst den teut auf. Geben t. Acht, jetzt verkehrt er noch
421 828 1012 994 meine tochter...
450 932 2512 1084 schahr mich zweckt indem ich mein tatut aufgeb. -
448 1063 2525 1212 Ma fat met in nouftjovonio; wort ik miteva.
463 1220 1556 1390 Je m'ai été avec jours,
453 1412 2424 1606 I am true but but may about - in ihr zu sieren
445 1556 1897 1747 Mark Anlefige geben - glaubt a -
538 1694 2677 1918 sonders hat sie sich weg da hohe magetracht?
