3592 4216
687 585 1864 848 3/Sophie, Direktor, Ritter.
758 807 2490 963 Ritter(aus dem Nebenzimmer, hat heute
774 876 2763 1147 Abend zu spielen). in einer Zorice zu
764 1039 2773 1295 Ritter(zum Direktor): Na, was sagst Du Nunn
789 1251 2720 1445 habe ich sie wieder. Es war höchs te Zett.
789 1384 2546 1581 Ich hätte mich umgebracht. Na, wieviel
794 1555 1614 1737 sind heute dr inn?
787 1680 2554 1882 Direktor: Ausverkauft. Uebrigens habe
812 1864 2694 2033 ich Dir hier ein Stück mitgebracht. Lies
817 2058 960 2183 es.
802 2148 2551 2286 Ritter: Sophie soll es lesen. Ich ver¬
812 2280 2699 2439 steh' ja doch nichts davon. Ich muss Dir
820 2436 2694 2630 ehrlich sagen,mir kommt jedes Stück irr¬
827 2638 1346 2766 s innig vor.
804 2727 2796 2876 Direktor: Ich bitte Dich komme zurecht ins
822 2886 2758 3067 Theater. Neulich musste man um eine Vier-
827 3059 2015 3218 telstunde späer anfangen.
810 3236 1486 3371 Direktor geht.
820 3356 2559 3537 Es muss in dieser Szene auch von dem
820 3501 2870 3705 Briefschreiber die Rede sein.Ritter scherzt
840 3670 1264 3838 über ihn.
