3560 4216
2507 495 2657 634 16
878 744 2813 917 Ja, was habe ich mir da nicht alles einge-
890 922 2756 1050 bildet. Oh, nun kann ich mir auch denken,
882 1057 2623 1166 wie gewisse Gerüchte entstanden sind.
878 1161 2675 1380 Wahrscheinlich hat man mich um Mitter¬
2869 1277 3217 1420 trence
878 1353 2761 1486 nacht vor ihrem Fenster gesehen. Ich war
2864 1420 3246 1536 benen.
2891 1516 3274 1637 les prieurs
875 1452 2751 1632 ein Narr! Und ich will Ihnen gestehen,
2928 1612 3200 1726 s'en a
882 1615 2766 1846 es gab irgend einen Augenblick,da begann
3012 1686 3301 1841 treilie.
2887 1846 3266 1933 in care.
885 1809 2793 1923 sie zu schpanken zwischen Ihnen und mirl.
2901 1928 3202 2039 duit r
873 1987 2665 2130 Ja, ich bin überzeugt und wenn Sie mich
2867 2019 3249 2189 soude...
875 2117 2672 2300 auch für einen Gechen halten. Bei aller
865 2283 2630 2435 Liebe für Sie. - Aber es dauerte nicht
865 2428 2748 2581 lange. Hätte ich dieses Schwanken damals
875 2544 1928 2739 boniität.- Ich habe es bereit
858 2714 2741 2901 So spielt er seine Komödie weiter in im¬
858 2869 2679 3049 mer särkerer Freude am eigenen Komödie-
873 3062 2795 3160 spiel bis Edgar vollkommen überzeugt ist,
875 3187 2088 3352 dass nichts geschehen ist.
848 3315 2830 3476 Endlich bringt er sogar seine Frau htnetn,
858 3468 2790 3646 erzählt, wie er sich an ihrem Halse ausge-
845 3633 2174 3799 weint,wie s te ihm verziehen.
833 3762 2642 3929 Er sagt zum Schluss: Wenn Ihr Verdacht
