3416 4280
183 382 586 605 I. 2. -
1876 446 2887 661 haben Sie ihn als Gericht gesetzt:
196 584 1128 791 Ramei. (1 ja. -
2001 616 2346 849 bist sit.
231 645 1675 1030 geben die Acht, dass Robert Sir
162 929 1019 1186 nicht todts nicht.
228 1019 1966 1367 Als handet hat sich jasch! -
313 1258 1489 1518 Überhaltsamkeit.
329 1399 1677 1709 Zy hat sie viel erhebt.
300 1526 2041 1913 Schien von Ihnen, das sie zur Verlote
297 1677 2436 2094 Ihres Freundes Frit hockoman... You besakt...
372 1842 2396 2277 Ja, Robert hat Oxeth sehr wehwert
1579 2144 2399 2426 ist ihn Pflicht.
369 2216 849 2410 tebogen.
382 2298 1449 2558 Schibt bei ihm 1
387 2500 1489 2731 der sich nicht ein.
409 2688 1470 2922 (Sultricht hat R.S. trei hat jedertes)
510 2855 2595 3174 Ul Kobert spricht kome jetzt: E. heift dortsee
488 3134 2033 3341 Amt ich bemessen. Ich bin nun las noss ihn
