3512 4168
1213 557 1417 837 Rein
1783 560 2578 824 brauch Dich doch
1695 935 2845 1081 e Frage ist, aber dass Du
1581 1055 2723 1249 die meine ürdest, dass xxx
3068 1068 3224 1223 Dir
2928 1075 3021 1241 Du
1244 1197 3262 1399 Gräfin. nein, das kann ich mir nicht denken
1389 1340 3187 1560 Du weis, für Neueinstudierungen nach
1423 1498 3169 1674 so langer Zeit bin ich nicht. Und wie
1371 1632 3335 1863 lang ist es jetzt her. Ich war... Herrgott
1200 1822 3221 2013 Rainer: Ich kann Dir die Antwort nicht er
1402 1943 2812 2143 sp ren, es sind zwanzig Jahre.
1205 2104 2260 2283 Gräfin- Zwanzig Jahre.
1195 2244 3226 2431 Rainer: dringend immer theoretisch, den
1402 2376 3151 2558 leh weiss Du liebst Berengar. Wenn Be
1428 2524 3247 2723 rengar aber nicht mehr väre. ich denke
1373 2661 2843 2871 natürlich nicht an seinen Tod.
1210 2801 3211 2995 Gräfin: Das möcht ich Dir auch nicht raen.
1208 2959 3288 3128 Riner: Aber wenn plötzlich die Reiselust über
1438 3097 3148 3304 ihn käme, wenn er wieder nach Indien
1430 3242 2555 3459 ginge wie dieser Edar..)
1487 3397 2957 3612 Dieser Edgar macht ja Agaten
1184 3330 1454 3651 prefer¬
