3512 4248
967 542 3040 753 Rainer: Damals hatt ich es nicht notwendig.
787 606 866 722 D'
1197 678 3030 908 Soll ich Ihnen was verraten? Alle Aben
1295 861 3012 1047 teurer waren Menschen ohne Phantasie
1155 1019 3012 1140 und alle Helden Menschen ohne Mut. Man
1246 1181 3053 1328 rennt sick nicht hundert Lanzen in die
1300 1315 3033 1457 Brust, wenn man auch ohne dies über
1248 1418 3301 1578 zeugt wäre, dass man den Tod nicht fürchtet,
1297 1599 3074 1710 Man zieht nicht aus ein neues Land zu
2192 1676 2452 1784 iontell
1217 1735 3236 1875 entdecken wenn man selber voll unentdeckter
1258 1906 3040 2029 Länderteine steckt. Sehen Sie da oben
539 1965 1142 2161 als ich dort ober
1356 2011 3115 2210 in der Villa, die mein Vater vr fuzig
351 2066 1204 2254 meine Steche schrieb.
1318 2176 3213 2357 Jahren gebaut hat, in dem Turmgmach, das
317 2202 1109 2354 a hab ick wedle
273 2293 1104 2507 Nordnothalat noth
1220 2318 2937 2512 ich als junger Mensch bewohnt habe,
1346 2437 3221 2641 (Ihm das Glas gebend  ich muss es Ihnen
258 2504 511 2623 nod.
983 2509 1243 2643 Agat :
1279 2581 2976 2759 einfach aufs Wort glauben.,dass dort
1362 2700 3169 2932 Robert und Dais und Herr Fritz segeln.
1230 2842 3136 3033 Es könnten auch Indianerhäuptlinge sein.
1413 2999 2158 3133 oder... Gewenster
1325 3015 2994 3182 Also adieu, jeti geh ich schwimmen.
998 3125 3007 3339 Rainer: Sagen Sie Agathe, das makchen Sie
2236 3272 2507 3396 Agath
1243 3327 2960 3486 aber heuer nicht mehr, dass sie eine
1674 3437 2127 3538 in der Lek
1204 3474 2458 3711 Stde weit/hinausschwimmen?
