3544 4296
2013 471 2600 601 26. fm 907.
1534 633 2083 740 Erster Akt.
1017 806 3068 887 Eine Wiese, die skch zum See hinabsänkt, so
974 939 3195 1054 dass der See, dort wo er das Land berührt, nicht
979 1083 3146 1236 sichtbar ist. Erst weiter im Hintergrund zeigt
965 1222 3062 1311 sich der Spiegel und reicht bis zun im Sonen
962 1335 3189 1441 gelanz des Sommermorgens verschwimmenden Bergen.
959 1528 2958 1612 Die Wiese wird von einer Allee durchzogen.
416 1511 809 1641 Pourau
384 1615 783 1727 der Hohe
968 1670 3163 1730 an der einige Bänke stehen., Die Alle kommt von
416 1733 745 1805 forper
974 1811 3152 1889 rechts aus der Höhe, auf der eine kleine Villa
358 1788 711 1915 Kl. V. Oc
361 1915 815 2037 gevocht ist
979 1918 3192 2042 gedacht ist, und verliert sich in den Wald, der
352 2016 783 2117 komt ein
976 2083 3013 2169 linko die Bühne be renzt. links hinten regt
344 2126 878 2247 Allée jusqu'à
968 2210 3097 2308 über die Bäume das Daq des Gasthofs auf. Die
968 2375 3290 2458 Allee wird durch eine zweite durchkreuzt, die von
974 2479 3042 2637 rechts vorn kommt und dann zum See Minister
976 2666 1285 2759 fuhrt.
