3592 4248
830 623 2415 767 Sophte: Du hättest doch nicht ihn
828 810 1794 941 Hast Du sie geliebt?
820 979 2589 1113 Ritter: Ja,wenn man das sagen könnte.
840 1108 2690 1249 Sophie: Wenn Du mit ihr geflohen wärest
843 1234 2832 1454 oder wenn Ihr Euch Beide umgebracht hättet
835 1418 2514 1537 Ritter: Es wäre Dir lieber gewesen?
833 1537 2708 1698 Sophie: Nicht das — aber es wäre versöh¬
851 1698 2567 1840 nender gewesen. Du wärst mir nicht so
861 1885 1577 2009 fremd geworden.
838 1999 2140 2138 Ritter: Na höre-also Toter?
848 2155 2690 2299 Sophie: Du musst es doch vers tehen.Die¬
858 2302 2781 2481 se grauenvolle Lüge - und wenn man denkt,
858 2476 2665 2658 dass sie nächstens he traten oder schon
861 2645 1671 2769 verheiratet s ind
851 2748 2806 2902 Ritter: Was wünschest Du eigentlich? Soll
883 2945 2620 3069 ich hingehen und ihn sagen, Ihre Braut
873 3061 2627 3230 war meine Geliebte. Da wäre nicht nur
457 3049 739 3223 besser
490 3170 795 3293 mrdag
866 3210 2597 3344 von Ibsen, das wäre sogar eine Geme in¬
411 3299 752 3435 Viehler
406 3397 659 3571 sagt
866 3362 1128 3526 hett.
861 3543 2887 3695 Sophie: Gewiss.Wir müssen es nun vergessen.
868 3662 1567 3836 Ich möchte nur
