3528 4232
2949 442 3082 596 10
1107 599 1717 774 Rainer Edgar.
1091 764 3060 884 Edgaré Darf ich mir eine Frage erlauben,
1269 881 3135 1051 Herr Rainer. Warum sagen Sie die Gräfin
1379 1057 3124 1237 mit ihrem Mann und nicht der Graf mit
1381 1206 1956 1394 seiner Frau?
1102 1317 3164 1496 Rainer: Das ist doch sehr einfach. Weil die
1379 1506 3095 1658 Gräfin in dieser Ehe die Hauptperson
1339 1645 3164 1794 ist. Wer würde sich um den Grafen sonst
1299 1770 3140 1937 kammern. Die Gräfin ist Künstlerin. Sie
1355 1913 3055 2084 ist die erste Tragödin der deutschen
1496 2073 3135 2241 Bühne? Was ist der Graf? Ihr mMann.
1352 2204 3239 2395 Und auch das erst seint ein paar J hren.
2305 2307 3273 2419 heft en die bissen stets
1349 2382 3194 2515 Vor ein paar Jahren war er noch ihr Ge
1355 2541 2241 2672 liebter, also mehr.
1163 2584 3308 2826 Edgar: Mir gfällt der Graf besser.  (Vand
1134 2792 2416 3002 Rainer. Sie leben in Pola.
1136 2943 3127 3108 Edgar: Ris vor sieben Jahren bis zumeinem
1136 3087 3156 3281 achzehnten ear ich in Wien, wie Sie wissen.
1190 3233 3106 3465 Rainer : Haben sich aber nie fürs Theater
1325 3358 3225 3585 interessiert und überhaupt für die Kuns.
1150 3561 2044 3768 Edgar: Nici sehr.
