3560 4216
2696 524 2829 653 19
967 738 1873 933 7. Sophie, Direktor.
967 899 2856 1091 Sophie: Ich kann nicht mehr. Ein Lügner!
959 1052 2910 1203 Eine Lilgewelt! Ich gehe fort von ihm. Ich
974 1198 2851 1405 schreibe ihm, er soll den Brief hier fin¬
972 1388 1179 1495 den.
950 1502 2773 1692 Direktor: Schön.aber schreiben Sie ihm
955 1697 2742 1848 lieber nicht, ich werde alles besorgen.
945 1826 2666 2026 Reisen Sie zu dem jungen Mann in die
959 1980 1256 2111 Villa.
506 2099 850 2211 Esrare
945 2133 2430 2304 Sophie: Soll ich werden wie er?
421 2223 852 2352 meul dans
937 2262 2778 2428 Direktor: Ja,man soll immer so sein wie
419 2306 855 2457 subcisté
957 2430 2732 2584 die Leute, mit denen man zusammen lebt.
945 2605 2725 2783 Es ist die grösste Verlogenheit anders
947 2703 2791 2864 säin zu wollen. Wenn es nicht eine Dumm-
935 2851 2710 3068 heit ist, mit einem Lügner ehrlich zu
945 3022 2705 3214 sein. Ich werde Ritter sagen, dass Sie
935 3207 2868 3324 zur Erholung auf 8 Tage weggefahren sind.
928 3319 2681 3526 Sophie: Er wird es mir nicht glauben.
930 3475 2883 3696 Ich schreibe ihn die Wahrheit, er verdient
928 3645 1096 3818 es.
933 3730 2637 3935 Direktor: Unstnn,Sie fahren zu einer
913 3942 1566 4108 kranken Tante.
