3464 4248
2441 87 2576 207 Von
629 904 1312 1012 I. Akt. Am See.
632 1021 2848 1219 Der Schauspielerhat mit seinem Jungen gesegelt,
626 1222 1920 1321 kommt eben zurück, legt an.
617 1372 3019 1474 Das junge Mädchen /:Sissy: | und ihr Präutigam, ele-
626 1500 1300 1623 ganter Mensch.
620 1665 2980 1776 Der Schauspieler spielt Hamlet u.s.w. :Mitterwur-
617 1836 2402 1935 zer, Bassermann: Ist nahe an Fünfzig.
614 1974 1333 2070 Das Alter naht.
614 2117 2998 2249 Prautpaar-Eltern sprechen über den Schauspieler und
608 2282 1102 2369 seine Ehe.
605 2435 2980 2570 Bei diesem Gespräch auch der Jüngling.:Bruder des
605 2582 1177 2687 Bräutigams?:
596 2740 1929 2842 Die Gattin und der Jüngling.
593 2899 2806 3007 Der Jüngling: Ich könnte alles aufgeben u.s.w.
587 3067 2896 3157 für eine Frau, die ich liebe. Seelenfreundschaft.
608 3217 2941 3318 - Es ist eine abgelegene Partie des Strandes. Sem,
584 3348 1165 3447 mer, Sommer
581 3501 2085 3597 Aussprache zwischen dem Ehepaar.
584 3657 2947 3765 Sie: Trennen wir uns. Ja, verlogen. Du hast Recht.
662 3783 2052 3894 Dann: Wezu trennen? Freiheit.
677 3917 1542 4055 Trennte ohne Proprien
