3560 4216
2613 538 2741 671 15
854 718 2739 913 stirbt man, an Uns ich erhelt oder wenn Sie
846 891 2732 1081 jetzt lögen und s toh später die Wahrheit
854 1059 2702 1229 herausstellen sollte.Dann könnte ich na-
846 1204 2719 1379 türlich für nichts einstehen. Wenn ich es
856 1362 2773 1510 später erführe, dann schösse ich Sie Beide
846 1522 2638 1663 tot. Sie werden es also nicht darauf an
839 1656 1552 1838 kommen lassen.
829 1782 2579 1944 Ritter: Ja, ich will Ihnen die Wahrheit
834 1972 2672 2120 sagen.Die ganze. Und ich gebe Ihnen Ihr
836 2122 2579 2302 Wort zurück. Sie hatten alles Recht so
834 2260 2707 2450 zu mir zu kommen,wie Sie es getan haben.
827 2423 2221 2606 Ich stehe Ihnen zur Verfügung.
809 2566 2115 2761 Edgar: So ist es also wahr
1330 2680 2611 2773 décredé, mais unfors carls
819 2751 2732 2939 Ritter: Ich habe Daisy angebetet. Sie müs-
827 2892 2739 3060 sen esja bemerkt haben.Es gab Sunden, ja,
827 3010 2690 3203 ich war entschlossen alles zu verlassen.
819 3186 2611 3380 Ich wäre mit ihr hingegangen woh in sie
812 3339 2791 3516 gewollt hätte.Ich war ja wie toll.Erinnern
802 3464 2707 3652 Sie sich noch dieser Segelpart te? Es gab
817 3630 2704 3810 etne Nacht — ja, es gab eine Nacht,da bin
827 3751 2717 3950 ich vor ihrem Fenster auf und abspaziert.
2847 2611 3208 2796 G helfe
2855 2793 3235 2892 nicht.
2862 2857 3200 2991 ren. us
2835 2973 3287 3109 die Wahlung
2855 3087 3171 3218 reste.
2852 3166 3351 3331 Nil an Evit
2875 3311 3269 3415 is in
2870 3371 3262 3504 sit, one
2838 3467 3321 3600 ren erbet
2860 3568 3287 3686 nare of
2852 3664 3232 3768 man in
2843 3741 3247 3872 ne verle
2867 3839 3237 3955 einmal
2887 3928 3225 4034 retient
