3560 4200
2721 328 2814 473 2
897 525 2101 703 2) Sophie, der Direktor.
982 672 2752 847 Der Direktor ein kleiner freundlicher
2018 824 2165 897 nur
1005 855 2759 1036 stark humor is tischer, sche inbar kühler
987 1018 1346 1163 Mensch.
987 1119 2951 1294 Direktor: Ich komme Ihnen danken, dass Sie
1002 1300 2873 1460 wieder zu ihm zurückgekehrt sind.Er be-
1008 1429 2886 1610 fand sich in einem gefährlichen Stadtum.
1729 1586 1863 1672 20 99
990 1617 2563 1791 Neulich ist erstecken geblieben.
995 1747 2855 1927 Und ferner komme ich Sie biten, dass Sie
990 1899 2878 2075 jedenjulls immer bei ihm bleiben sollen.
990 2075 2873 2256 Sie dürfen ihn eben nicht ernst nehmen.
987 2240 2710 2405 Er ist ein grosses Kind.Wenn so eine
990 2364 3067 2527 Sache,wie heuer im Sommer, noch einmal passi¬
995 2486 2871 2710 ren sollte, so laufen Sie ge nicht erst weg.
987 2679 2754 2827 Sophie: Ich glaube, Sie verstehen mich
995 2829 2943 3031 auch nicht. Ich hab' ja schon manches mit
1002 2997 2770 3134 ihm durchgemacht. Manchmal war es ein
982 3157 2871 3315 Schmerz, besonders anfangs.allmähl ich ge-
987 3287 2796 3485 wöhnt man's. Es ist ja auch nicht, weil
995 3434 2878 3599 er mich betrügt. Begleitums tände s und es,
995 3566 2894 3744 die Schicksale, die man verschuldet. Gera¬
