3299 4392
1598 362 3057 695 Je sollle jou ai sil me jours ou de
1459 570 2718 794 werde. H. Matheil um
1376 720 2908 940 Das Gründnot für Knussch laut
1472 825 2822 1085 Tis 3t remonti nouen.). by
1413 990 3030 1265 is miswarten. Und auf diese Grund¬
1453 1135 2914 1417 molin sal afin vont. Nuit
2180 1300 2977 1537 of missive him
1484 1350 1947 1589 gebaut.
1512 1489 2977 1759 ahre t. mondt & je hjor. beau
1499 1629 3109 1953 Bill:  ich monie Frey: ob also
1528 1849 2548 2188 Ysua cœdus basse.
1593 2010 3021 2286 Lassen sie mich geasstet seyn
1558 2154 3032 2498 Je fied missalten Aisant et
1549 2362 3067 2607 Pankbarkeit: die werden ja das
1474 2462 3057 2801 Bitte veranlassen. Ich weise daß
1482 2642 3136 2984 da könt in da sey ämmert.
1474 2862 3000 3159 mit jula seinen? er man ohne
1480 3034 3032 3411 des zu. erschrieben worden.
1474 3245 3051 3584 mit diese bistens, durch Sibil
1480 3434 2929 3760 den Machnerstelles zu
1487 3633 3182 4022 nichts mich ich die Vernehmert
