3512 4216
2852 395 2980 589 11
1071 535 3115 795 Rainer: Haben also die Gräfin nie spielen
1857 735 1936 876 G.H.F.P.
1317 752 1739 941 gesehen.
1071 892 3066 1057 Edgar: Doch. Allerdings nur ein einziges
1368 1027 3174 1209 mal, Und hatte damals wie ich gestehen
1371 1206 2474 1390 muss fr sie wenig Auge.
1087 1338 3082 1506 Rainer: In welchem Stück haben Sie sie ge
1374 1498 1914 1682 sehen.?
1084 1584 3255 1787 Edgar: Weiss ich auch nicht mehr. Ich erinner
1290 1739 3042 1958 mich nur, dass sie einen grauen Manel
1287 1906 3174 2104 mit weissem Pelzbesatzrug und dass sie
1376 2079 2258 2258 am Ende Gift nahm.
1155 2209 3228 2379 Rainer: Gift? Sind Ihnen die nähner Modali-
1357 2341 3228 2525 täten dieses Selbstmords noch im Gedächt
1441 2544 1674 2698 nis?
1165 2612 3112 2904 Edgar: Sie hatte das Gift in einem Ringe
1406 2801 3131 2971 aufbewahrt und streute des Pulver in
1471 2947 2939 3126 ein grünlich schillerndes Glas,
1127 3055 3231 3350 Rainer: Ja. Und zwar geschah das auf meine
1428 3207 3190 3453 ausdrücklichen Wunsch. Der Zufall hat
1357 3366 3247 3585 es gefügt, dass Sie die Gräfin in meinem
1392 3509 3285 3720 Drama gesehen haben. In meinem einzigen.
