3480 4248
319 304 602 504 L. 4
428 486 1352 708 Gräfin.-Ravie.
341 668 1872 895 R: Ihr es nicht wei jestören. -
380 818 2107 1077 dies in last of in Robert nadmts
444 990 1719 1236 Je de Knupl Chik puis-
504 1230 1880 1447 Robert. heft borffe ant¬
473 1349 2521 1634 Ulm. Agetf. Sie von sehr der Rotenals
874 1579 1742 1827 zu Zeiten.
528 1618 837 1787 Von
459 1766 2585 1988 I Kalbrift last wafis zu kevie alno at
517 1967 1404 2175 some instor.
568 2096 2445 2302 Heimte. Kann. Ihr tochte. ben sohn gel ich th
409 2284 692 2434 nicht.
507 2413 1544 2603 J.- sie ist interessant!
549 2439 2558 2809 Mahn voll Trib! - (Glehre tod äuert ihn,
