3528 4232
2915 431 3049 585 13
1301 552 3084 797 ob mein Talent- oder mein Schmerz nicht
1301 706 3184 946 gross genug gewesen sind. Was haben Sie?
1061 875 2966 1069 Edgar: Ich finde, dass ich hier in eine
1304 1048 2915 1239 seltsame Gesellschaft geraten bin.
1067 1188 3160 1371 R iner. Ja, ich merke selbst, dass Sie sich
1395 1306 2979 1517 nicht sehr wohl fühlen. Sagen Sie
1320 1471 3249 1689 einmal. Haben Sie Ihren Freund Fritz den
1756 1611 2131 1737 peine toille
1328 1638 2564 1867 gewanrt/Julia zu heir t en?
1080 1762 3065 1964 Edgar: Herr Rainer, ich verstehe wirklich
1463 1961 1872 2128 nicht...
1102 2036 3273 2265 Rainer: Mein, dazu waren Sie wohl zu korrekt.
1336 2225 3222 2416 Ich sehe davon ab, ob Sie Recht oder Un
1422 2327 3063 2562 recht gehabt häten in einem höhern
1651 2467 2723 2597 et est, dudit, dans des jute tres
1301 2470 3109 2710 Sinn,. ob es fr Fritz nicht wirklich
1412 2626 3219 2863 besser wäre, wenn seine Lebensgefährtin
1363 2769 3251 3020 in stillern Religionen suchte. Uebrigs ist
1129 2933 2648 3189 memeJulia tadellos erzogen.
1139 3084 3106 3300 Edgar: Ich habe wahrhaftig keinen Augen
1433 3249 2255 3443 blick ezweifelt,
1161 3359 3168 3615 Rainer: Was Sie überrascht, was Sie diese
1406 3526 3238 3755 ganze Gesellschaft seltsam finden lässt
