3352 4232
582 735 2771 950 Fünfte Scene. Rainer und Frau. Graf und Gräfin.
579 915 1715 1109 Edgar und Agahte kommen.
624 1062 1074 1250 Gespräch
615 1200 2959 1394 Der Graf über seinen früheren militärischen Beruf,
1550 1359 1974 1435 nalli Hanse.
568 1374 2932 1527 Edgar muss vielleicht/ob seine Urlaubsverlängerung
565 1509 929 1682 da ist.
565 1650 2832 1832 Es fügt sich, dass der Graf und die Gräfin, Herr
576 1806 2094 1968 Rainer und Edgar sich entfernen.
612 1962 2962 2129 Vielleicht der Graf mit Edgar, Herr Rainer mit der
574 2100 929 2285 Gräfin
571 2212 2877 2450 Vielleicht nur an das ufer hinunter wollen, prome
609 2415 968 2582 nieren.
576 2527 2868 2762 Jedenfalls bleibt Frau Rainer und Agathe zurück.
