<?xml version="1.0" encoding="UTF-8" standalone="yes"?>
<PcGts xmlns="http://schema.primaresearch.org/PAGE/gts/pagecontent/2013-07-15" xmlns:xsi="http://www.w3.org/2001/XMLSchema-instance" xsi:schemaLocation="http://schema.primaresearch.org/PAGE/gts/pagecontent/2013-07-15 http://schema.primaresearch.org/PAGE/gts/pagecontent/2013-07-15/pagecontent.xsd">
    <Metadata>
        <Creator>prov=READ-COOP:name=TrHtr:version=2.1.0:model_id=51170:date=29_07_2023_15:06</Creator>
        <Created>2023-05-10T13:09:57.319+02:00</Created>
        <LastChange>2023-07-29T15:06:37.047+02:00</LastChange>
        <TranskribusMetadata docId="1428565" pageId="55408916" pageNr="38" tsid="131436952" status="IN_PROGRESS" userId="64420" imgUrl="https://files.transkribus.eu/Get?id=XVDOVCHPAOKDXRJIOULNMKOT&amp;fileType=view" xmlUrl="https://files.transkribus.eu/Get?id=RVELLBIOMJORIWUXYLESZBOI" imageId="44683062"/>
    </Metadata>
    <Page imageFilename="1428565_0038.jpg" imageWidth="3496" imageHeight="4248">
        <ReadingOrder>
            <OrderedGroup id="ro_1711793858567" caption="Regions reading order">
                <RegionRefIndexed index="0" regionRef="tr_1"/>
                <RegionRefIndexed index="1" regionRef="tr_2"/>
            </OrderedGroup>
        </ReadingOrder>
        <TextRegion id="tr_1" custom="readingOrder {index:0;}">
            <Coords points="907,642 3152,642 3152,1953 907,1953"/>
            <TextLine id="tr_1_tl_1" custom="readingOrder {index:0;}">
                <Coords points="2916,745 2933,748 2959,734 2970,751 2987,754 3004,740 3050,743 3067,529 3016,523 3004,512 2976,521 2936,506"/>
                <Baseline points="2937,701 2970,701 3015,698 3059,692"/>
                <TextEquiv>
                    <Unicode>36</Unicode>
                </TextEquiv>
            </TextLine>
            <TextLine id="tr_1_tl_2" custom="readingOrder {index:1;}">
                <Coords points="888,939 933,947 1013,902 1050,922 1081,905 1189,919 1337,893 1386,927 1491,882 1522,899 1522,777 1474,765 1354,782 1277,745 1158,791 1036,754 976,802 890,814"/>
                <Baseline points="907,889 946,886 991,886 1035,886 1080,886 1125,883 1170,883 1214,883 1259,880 1304,880 1349,880 1394,877 1438,877 1483,883 1528,883"/>
                <TextEquiv>
                    <Unicode>Vierte Scene</Unicode>
                </TextEquiv>
            </TextLine>
            <TextLine id="tr_1_tl_3" custom="readingOrder {index:2;}">
                <Coords points="930,1073 3047,1067 3141,1055 3144,925 1818,871 930,979"/>
                <Baseline points="946,1047 958,1044 1003,1044 1047,1044 1092,1044 1137,1041 1182,1038 1226,1038 1271,1035 1316,1035 1361,1035 1406,1035 1450,1032 1495,1032 1540,1032 1585,1032 1629,1032 1674,1032 1719,1032 1764,1029 1809,1026 1853,1026 1898,1023 1943,1023 1988,1023 2032,1020 2077,1020 2122,1017 2167,1017 2212,1017 2256,1017 2301,1017 2346,1014 2391,1014 2435,1011 2480,1011 2525,1011 2570,1011 2615,1009 2659,1006 2704,1006 2749,1006 2794,1003 2838,1003 2883,1006 2928,1003 2973,1000 3018,997 3062,997 3107,997 3152,997"/>
                <TextEquiv>
                    <Unicode>Agathe ist vielleicht selbst entschlossen ihren</Unicode>
                </TextEquiv>
            </TextLine>
            <TextLine id="tr_1_tl_4" custom="readingOrder {index:3;}">
                <Coords points="913,1198 3050,1201 3053,1058 916,1073"/>
                <Baseline points="928,1191 952,1188 997,1188 1041,1188 1086,1188 1131,1188 1176,1188 1220,1188 1265,1185 1310,1185 1355,1185 1400,1182 1444,1182 1489,1182 1534,1182 1579,1182 1623,1182 1668,1182 1713,1179 1758,1179 1803,1179 1847,1176 1892,1176 1937,1176 1982,1173 2026,1173 2071,1170 2116,1170 2161,1167 2206,1167 2250,1164 2295,1164 2340,1164 2385,1161 2429,1161 2474,1158 2519,1158 2564,1155 2609,1155 2653,1155 2698,1155 2743,1155 2788,1152 2832,1155 2877,1152 2922,1149 2967,1146 3012,1146 3056,1146"/>
                <TextEquiv>
                    <Unicode>Mann herzubitten, um im Sinne der Frau Rainer</Unicode>
                </TextEquiv>
            </TextLine>
            <TextLine id="tr_1_tl_5" custom="readingOrder {index:4;}">
                <Coords points="899,1354 2916,1343 2919,1203 2151,1252 902,1198"/>
                <Baseline points="916,1337 952,1340 997,1340 1041,1340 1086,1340 1131,1337 1176,1334 1220,1334 1265,1334 1310,1331 1355,1331 1400,1328 1444,1328 1489,1328 1534,1325 1579,1325 1623,1325 1668,1325 1713,1325 1758,1325 1803,1325 1847,1322 1892,1322 1937,1319 1982,1319 2026,1319 2071,1316 2116,1316 2161,1316 2206,1316 2250,1313 2295,1310 2340,1310 2385,1310 2429,1310 2474,1307 2519,1304 2564,1304 2609,1304 2653,1301 2698,1301 2743,1301 2788,1301 2832,1301 2877,1301 2922,1307"/>
                <TextEquiv>
                    <Unicode>mit ihm zu reden. Setzt sich hin schreiben.</Unicode>
                </TextEquiv>
            </TextLine>
            <TextLine id="tr_1_tl_6" custom="readingOrder {index:5;}">
                <Coords points="890,1545 2686,1459 3050,1528 3070,1377 1152,1346 893,1408"/>
                <Baseline points="907,1486 928,1486 973,1486 1017,1486 1062,1486 1107,1489 1152,1486 1197,1486 1241,1483 1286,1483 1331,1480 1376,1477 1420,1477 1465,1477 1510,1474 1555,1474 1600,1474 1644,1471 1689,1471 1734,1471 1779,1471 1823,1471 1868,1471 1913,1468 1958,1468 2003,1468 2047,1468 2092,1465 2137,1465 2182,1462 2226,1462 2271,1459 2316,1459 2361,1456 2406,1456 2450,1456 2495,1456 2540,1453 2585,1450 2629,1450 2674,1450 2719,1447 2764,1447 2809,1444 2853,1444 2898,1444 2943,1444 2988,1441 3033,1441 3077,1438"/>
                <TextEquiv>
                    <Unicode>Da kommt Ritter selbst. Er komt Abschied von</Unicode>
                </TextEquiv>
            </TextLine>
            <TextLine id="tr_1_tl_7" custom="readingOrder {index:6;}">
                <Coords points="905,1676 3064,1661 3067,1533 908,1556"/>
                <Baseline points="919,1650 925,1647 970,1644 1014,1644 1059,1644 1104,1641 1149,1641 1194,1638 1238,1638 1283,1638 1328,1638 1373,1638 1417,1638 1462,1638 1507,1635 1552,1635 1597,1632 1641,1629 1686,1626 1731,1626 1776,1626 1820,1623 1865,1620 1910,1620 1955,1620 2000,1620 2044,1620 2089,1618 2134,1615 2179,1615 2224,1615 2268,1612 2313,1609 2358,1609 2403,1609 2447,1606 2492,1606 2537,1606 2582,1606 2627,1606 2671,1603 2716,1600 2761,1600 2806,1600 2850,1600 2895,1597 2940,1594 2985,1594 3030,1591 3074,1594"/>
                <TextEquiv>
                    <Unicode>ihr nehmen, er ist fest entschlossen die Stadt</Unicode>
                </TextEquiv>
            </TextLine>
            <TextLine id="tr_1_tl_8" custom="readingOrder {index:7;}">
                <Coords points="905,1809 2919,1815 3019,1787 3021,1647 908,1679"/>
                <Baseline points="919,1800 922,1800 967,1797 1011,1794 1056,1794 1101,1791 1146,1791 1191,1788 1235,1788 1280,1785 1325,1785 1370,1785 1415,1785 1459,1785 1504,1785 1549,1782 1594,1782 1638,1779 1683,1779 1728,1779 1773,1776 1818,1776 1862,1776 1907,1773 1952,1773 1997,1770 2041,1770 2086,1767 2131,1767 2176,1764 2221,1764 2265,1761 2310,1761 2355,1761 2400,1761 2444,1758 2489,1758 2534,1755 2579,1755 2624,1755 2668,1752 2713,1752 2758,1752 2803,1752 2847,1752 2892,1749 2937,1746 2982,1743 3027,1749"/>
                <TextEquiv>
                    <Unicode>zu verlassen. Zwingen kann man ihn nicht. Er</Unicode>
                </TextEquiv>
            </TextLine>
            <TextLine id="tr_1_tl_9" custom="readingOrder {index:8;}">
                <Coords points="913,1966 3027,1937 3027,1844 2831,1787 2552,1846 916,1804"/>
                <Baseline points="928,1943 931,1940 976,1940 1020,1940 1065,1940 1110,1940 1155,1940 1200,1940 1244,1937 1289,1937 1334,1934 1379,1934 1423,1934 1468,1934 1513,1934 1558,1931 1603,1928 1647,1928 1692,1925 1737,1925 1782,1925 1826,1925 1871,1922 1916,1922 1961,1919 2006,1919 2050,1916 2095,1916 2140,1916 2185,1916 2229,1916 2274,1913 2319,1913 2364,1913 2409,1913 2453,1910 2498,1907 2543,1904 2588,1904 2632,1904 2677,1904 2722,1901 2767,1901 2812,1901 2856,1901 2901,1898 2946,1898 2991,1898 3035,1895"/>
                <TextEquiv>
                    <Unicode>könnte hier nicht mehr bleiben. Sie kann ihn</Unicode>
                </TextEquiv>
            </TextLine>
        </TextRegion>
        <TextRegion id="tr_2" custom="readingOrder {index:1;}">
            <Coords points="931,1991 3247,1991 3247,3562 931,3562"/>
            <TextLine id="tr_2_tl_1" custom="readingOrder {index:0;}">
                <Coords points="913,2131 3093,2097 3198,2074 3201,1972 919,1980"/>
                <Baseline points="931,2104 967,2101 1011,2098 1056,2095 1101,2092 1146,2089 1191,2089 1235,2086 1280,2086 1325,2086 1370,2086 1415,2083 1459,2083 1504,2080 1549,2080 1594,2080 1638,2077 1683,2077 1728,2074 1773,2074 1818,2071 1862,2071 1907,2068 1952,2068 1997,2065 2041,2065 2086,2065 2131,2065 2176,2062 2221,2065 2265,2062 2310,2062 2355,2062 2400,2062 2444,2059 2489,2059 2534,2056 2579,2053 2624,2053 2668,2053 2713,2050 2758,2050 2803,2047 2847,2047 2892,2047 2937,2047 2982,2047 3027,2044 3071,2044 3116,2041 3161,2041 3206,2044"/>
                <TextEquiv>
                    <Unicode>ja verschmähen, zurückweisen, das sei ihre Sache.</Unicode>
                </TextEquiv>
            </TextLine>
            <TextLine id="tr_2_tl_2" custom="readingOrder {index:1;}">
                <Coords points="913,2270 2919,2250 3138,2222 3141,2111 916,2142"/>
                <Baseline points="931,2244 952,2241 997,2238 1041,2238 1086,2238 1131,2238 1176,2235 1220,2235 1265,2235 1310,2232 1355,2232 1400,2232 1444,2232 1489,2229 1534,2229 1579,2229 1623,2226 1668,2226 1713,2224 1758,2224 1803,2221 1847,2218 1892,2218 1937,2218 1982,2215 2026,2215 2071,2215 2116,2212 2161,2212 2206,2212 2250,2212 2295,2212 2340,2209 2385,2209 2429,2209 2474,2206 2519,2206 2564,2203 2609,2203 2653,2203 2698,2203 2743,2200 2788,2200 2832,2197 2877,2194 2922,2194 2967,2194 3012,2194 3056,2191 3101,2188 3146,2191"/>
                <TextEquiv>
                    <Unicode>Aber ob es nicht kleinlöch ist. Wem opferst Du</Unicode>
                </TextEquiv>
            </TextLine>
            <TextLine id="tr_2_tl_3" custom="readingOrder {index:2;}">
                <Coords points="927,2395 2959,2404 3019,2390 3021,2228 2589,2228 2467,2302 930,2287"/>
                <Baseline points="943,2388 967,2388 1011,2385 1056,2385 1101,2385 1146,2382 1191,2382 1235,2382 1280,2382 1325,2379 1370,2379 1415,2376 1459,2376 1504,2373 1549,2373 1594,2370 1638,2370 1683,2370 1728,2370 1773,2367 1818,2370 1862,2367 1907,2367 1952,2367 1997,2364 2041,2364 2086,2361 2131,2361 2176,2361 2221,2358 2265,2358 2310,2355 2355,2355 2400,2355 2444,2352 2489,2352 2534,2352 2579,2352 2624,2352 2668,2352 2713,2349 2758,2349 2803,2346 2847,2346 2892,2343 2937,2343 2982,2343 3027,2346"/>
                <TextEquiv>
                    <Unicode>all dies.? Deine Sache mit Edgar ist vorüber,</Unicode>
                </TextEquiv>
            </TextLine>
            <TextLine id="tr_2_tl_4" custom="readingOrder {index:3;}">
                <Coords points="970,2535 3215,2555 3221,2333 2856,2415 973,2427"/>
                <Baseline points="985,2513 1026,2519 1071,2522 1116,2522 1161,2525 1206,2525 1250,2522 1295,2522 1340,2522 1385,2519 1429,2519 1474,2516 1519,2516 1564,2516 1609,2516 1653,2513 1698,2513 1743,2513 1788,2513 1832,2516 1877,2513 1922,2516 1967,2510 2012,2507 2056,2507 2101,2507 2146,2504 2191,2504 2235,2504 2280,2501 2325,2501 2370,2498 2415,2498 2459,2495 2504,2498 2549,2495 2594,2495 2638,2492 2683,2492 2728,2492 2773,2492 2818,2489 2862,2489 2907,2489 2952,2486 2997,2486 3041,2486 3086,2483 3131,2480 3176,2480 3221,2480"/>
                <TextEquiv>
                    <Unicode>wie meine mit Desy. Was geht uns das Los dieser</Unicode>
                </TextEquiv>
            </TextLine>
            <TextLine id="tr_2_tl_5" custom="readingOrder {index:4;}">
                <Coords points="930,2674 3021,2689 3124,2666 3127,2552 933,2578"/>
                <Baseline points="946,2674 982,2671 1026,2671 1071,2671 1116,2671 1161,2671 1206,2668 1250,2668 1295,2668 1340,2665 1385,2665 1429,2665 1474,2662 1519,2662 1564,2659 1609,2659 1653,2659 1698,2659 1743,2659 1788,2659 1832,2659 1877,2659 1922,2656 1967,2653 2012,2653 2056,2650 2101,2650 2146,2647 2191,2647 2235,2647 2280,2644 2325,2644 2370,2644 2415,2644 2459,2641 2504,2644 2549,2641 2594,2641 2638,2641 2683,2641 2728,2638 2773,2638 2818,2635 2862,2635 2907,2635 2952,2632 2997,2632 3041,2632 3086,2629 3131,2629"/>
                <TextEquiv>
                    <Unicode>kleinen Menschen an? Ich verspreche nicht ein</Unicode>
                </TextEquiv>
            </TextLine>
            <TextLine id="tr_2_tl_6" custom="readingOrder {index:5;}">
                <Coords points="936,2845 3152,2822 3155,2683 2535,2740 2401,2671 1718,2674 939,2765"/>
                <Baseline points="952,2824 967,2824 1011,2824 1056,2824 1101,2824 1146,2821 1191,2821 1235,2818 1280,2818 1325,2818 1370,2818 1415,2815 1459,2815 1504,2815 1549,2815 1594,2812 1638,2812 1683,2812 1728,2812 1773,2812 1818,2809 1862,2809 1907,2806 1952,2806 1997,2803 2041,2803 2086,2803 2131,2803 2176,2800 2221,2800 2265,2797 2310,2797 2355,2797 2400,2797 2444,2794 2489,2794 2534,2791 2579,2791 2624,2791 2668,2791 2713,2788 2758,2788 2803,2788 2847,2785 2892,2788 2937,2785 2982,2785 3027,2782 3071,2782 3116,2779 3161,2776"/>
                <TextEquiv>
                    <Unicode>mal etwas für die Zukunft, vielleicht geht auch</Unicode>
                </TextEquiv>
            </TextLine>
            <TextLine id="tr_2_tl_7" custom="readingOrder {index:6;}">
                <Coords points="950,3001 3192,2950 3172,2848 953,2896"/>
                <Baseline points="967,2970 1006,2970 1050,2967 1095,2967 1140,2967 1185,2967 1229,2967 1274,2967 1319,2964 1364,2964 1409,2961 1453,2958 1498,2961 1543,2958 1588,2958 1632,2958 1677,2958 1722,2955 1767,2955 1812,2955 1856,2955 1901,2952 1946,2952 1991,2952 2035,2949 2080,2952 2125,2949 2170,2946 2215,2946 2259,2943 2304,2946 2349,2943 2394,2943 2438,2943 2483,2940 2528,2937 2573,2940 2618,2940 2662,2937 2707,2937 2752,2937 2797,2934 2841,2934 2886,2931 2931,2931 2976,2928 3021,2928 3065,2925 3110,2925 3155,2922 3200,2922"/>
                <TextEquiv>
                    <Unicode>unsere Liebe einmal zu Emde. Jetzt ist sie noch</Unicode>
                </TextEquiv>
            </TextLine>
            <TextLine id="tr_2_tl_8" custom="readingOrder {index:7;}">
                <Coords points="936,3155 2976,3121 3090,3081 3093,2950 2168,3024 1969,2956 1209,3056 939,2999"/>
                <Baseline points="952,3122 994,3119 1038,3116 1083,3116 1128,3116 1173,3113 1217,3113 1262,3113 1307,3110 1352,3107 1397,3107 1441,3104 1486,3104 1531,3104 1576,3104 1620,3104 1665,3101 1710,3101 1755,3098 1800,3098 1844,3098 1889,3095 1934,3095 1979,3095 2023,3092 2068,3092 2113,3089 2158,3089 2203,3089 2247,3089 2292,3089 2337,3089 2382,3086 2427,3086 2471,3083 2516,3083 2561,3086 2606,3086 2650,3083 2695,3080 2740,3080 2785,3077 2830,3077 2874,3077 2919,3074 2964,3074 3009,3071 3053,3071 3098,3068"/>
                <TextEquiv>
                    <Unicode>nicht zu Ende das wissen wir beide. Ich bitte</Unicode>
                </TextEquiv>
            </TextLine>
            <TextLine id="tr_2_tl_9" custom="readingOrder {index:8;}">
                <Coords points="930,3303 2876,3277 3064,3232 3067,3104 2558,3181 2444,3112 2242,3184 933,3206"/>
                <Baseline points="949,3262 967,3259 1011,3259 1056,3259 1101,3262 1146,3262 1191,3259 1235,3259 1280,3259 1325,3256 1370,3256 1415,3253 1459,3253 1504,3253 1549,3250 1594,3250 1638,3247 1683,3247 1728,3247 1773,3244 1818,3244 1862,3244 1907,3241 1952,3241 1997,3241 2041,3241 2086,3238 2131,3238 2176,3238 2221,3238 2265,3236 2310,3236 2355,3236 2400,3233 2444,3233 2489,3233 2534,3233 2579,3230 2624,3230 2668,3230 2713,3230 2758,3227 2803,3227 2847,3227 2892,3224 2937,3224 2982,3221 3027,3224 3071,3221"/>
                <TextEquiv>
                    <Unicode>Dich auch nicht. Du bist natürlich vollkommen</Unicode>
                </TextEquiv>
            </TextLine>
            <TextLine id="tr_2_tl_10" custom="readingOrder {index:9;}">
                <Coords points="996,3408 3243,3391 3178,3272 1522,3349 999,3272"/>
                <Baseline points="1011,3397 1053,3397 1098,3397 1143,3400 1188,3400 1232,3403 1277,3400 1322,3400 1367,3400 1412,3397 1456,3397 1501,3397 1546,3397 1591,3394 1635,3394 1680,3391 1725,3391 1770,3391 1815,3391 1859,3388 1904,3388 1949,3388 1994,3385 2038,3385 2083,3385 2128,3385 2173,3382 2218,3382 2262,3379 2307,3379 2352,3379 2397,3379 2441,3376 2486,3376 2531,3376 2576,3376 2621,3373 2665,3373 2710,3373 2755,3373 2800,3370 2844,3370 2889,3367 2934,3367 2979,3367 3024,3367 3068,3367 3113,3364 3158,3361 3203,3358 3247,3358"/>
                <TextEquiv>
                    <Unicode>frei. Ich sage Dir nur, dass ich ganz allein bin</Unicode>
                </TextEquiv>
            </TextLine>
            <TextLine id="tr_2_tl_11" custom="readingOrder {index:10;}">
                <Coords points="984,3605 2424,3519 3110,3576 3115,3380 2899,3462 987,3462"/>
                <Baseline points="1003,3549 1014,3549 1059,3549 1104,3549 1149,3552 1194,3549 1238,3549 1283,3546 1328,3543 1373,3543 1417,3543 1462,3540 1507,3540 1552,3537 1597,3534 1641,3534 1686,3531 1731,3531 1776,3531 1820,3531 1865,3531 1910,3531 1955,3531 2000,3528 2044,3528 2089,3528 2134,3525 2179,3525 2224,3522 2268,3522 2313,3522 2358,3519 2403,3519 2447,3519 2492,3519 2537,3519 2582,3519 2627,3516 2671,3516 2716,3513 2761,3510 2806,3513 2850,3513 2895,3510 2940,3507 2985,3507 3030,3504 3074,3504 3119,3501"/>
                <TextEquiv>
                    <Unicode>Das alles vorüber ist. Und ich sage Dir, dass</Unicode>
                </TextEquiv>
            </TextLine>
        </TextRegion>
    </Page>
</PcGts>
