3560 4232
2449 312 2691 543 6 110
2727 522 2862 655 21
951 803 2826 995 Das Ganze nach der ernsten Seite hin zu
922 974 2818 1182 wenden. Sie sind auseinandergegangen und
922 1138 2208 1348 haben sich wieder versöhnt.
912 1294 2922 1491 Sie haben ohne einander nicht leben können.
914 1455 2972 1631 Es war auch von ihrer Seite hein Sommerflirt,
930 1592 2933 1795 sondern der junge Mensch war ihr -lebhaber.
930 1784 2836 1935 sowie Datsy die Geliebte ihre Mannes war.
917 1901 2714 2104 Sie trennt sich von dem Geliebten ohne
912 2057 2810 2265 Schmerz, auch wenn er sich tötete wäre es
925 2210 1722 2408 ihr gleichgültig.
917 2335 3005 2556 Zum Schlüsse müsste die Nachricht vom Selbet¬
907 2478 2795 2701 mord des Liebhabers kommen und das Ganze
920 2668 2805 2862 ungefähr in den Gedanken ausklingen: Ich
917 2831 2857 3031 kann ihm verzeihen, was er an mir verübt
907 2969 2829 3161 hat, er mir was ich ihm angetan, aber dass
904 3133 2891 3343 wir Lilge und Tod in die Welt gebracht, kurz
907 3260 2964 3462 die Schicksale, der Andern, die wir verschul¬
907 3436 2935 3642 det haben, tragen wir mit uns wetter und die
904 3592 2592 3779 können wir einander nicht verzochen
