3528 4232
2859 448 3028 580 12
1282 562 3090 795 Vor fünfundzwnzig Jahren wyr die erste
1292 751 3048 917 Aufführung und das Stück erhält sich
1264 883 2867 1077 noch immer auf dem Repertoire.
1057 1062 3139 1246 Edgar: Wie kumts, dass Sie keines mehr ge-
1321 1199 2111 1409 schrieben haben?
1116 1355 2976 1531 Rainer: Ja, wer das wüsst:. Man sezte
1274 1458 3072 1681 grosse Hoffnungen auf mich. Ich selbst
1295 1627 3082 1813 allerdings nie. Wahrscheinlich ging es
1386 1743 3043 1981 mir zu gut. Mehe arme Frau.. es ist
1404 1880 3235 2095 Ihnen vielleicht bekannt, dass Sie hier
1357 2075 3103 2269 in diesem See den Tod gesucht hat vor
1510 2256 2108 2396 zehn Jahren
1127 2370 2771 2582 Edgar : Ich hörte etwa derartiges.
1142 2479 3168 2717 Rainer. Wissen Sie weshalb? Sie da war der
1380 2631 3191 2844 ansicht, dass nur ein sehr tiefes Er-
1261 2751 3250 3010 lebnsi mich wieder zu Dichter machen
1339 2971 3072 3142 könnte. Ein ungeheuerer Schmerz, zum
1365 3139 1834 3297 Beispiel.
1178 3263 2310 3507 Edgar: sieht ihn an.
1199 3372 3214 3590 Rainer. Es w###r eine verfehlte Spekulation-
1393 3499 3191 3761 Arme Elisa. Ich weiss bis heute nicht,
