3496 4264
1991 298 2075 412 *
2777 607 2908 824 10
746 794 2852 978 Erinnerung. Wie sie ihm Plumen brachte, ein
1819 944 2234 1075 Schülerin. -
732 964 1638 1122 jungen nettes Kind.
763 1114 2869 1228 Wie sie ihm in den Zwischenakten Billets hin-
760 1262 2983 1390 unter schickt. Auch jetzt noch als seine Frau.
760 1373 2994 1543 Talent hatte sie, aber er hat sie zerbrochen.
724 1546 1000 1713 Edgar
760 1693 1646 1866 & Fritz Edgar?
771 1846 1771 1988 oder Frau Rainer etc.
758 1991 1729 2203 9. Hamlet und Daisy.
766 2094 3002 2309 Daisy. Ich hab Sie gesehen,geträumt von Ihnen..
727 2278 2348 2445 welches Glück Sie kennen zu lernen.
788 2417 2506 2612 Ach heiraten das ist nur der Beginn.
780 2526 3019 2763 Anspielungen, dass er vielleicht nachehr Chance
744 2754 1044 2896 hätte.
791 2838 2078 3036 Er: Nein. Herrenrecht. Mit
794 2988 2852 3206 Dais y. Ich hab mein Zimmer in den Garten.
797 3139 2476 3317 9. Fritz dazu. Holt sie zum Teunis.
810 3258 2869 3465 10. Hamlet allein. Einhal noch.. Elle diese
816 3448 1924 3637 Süssigkeit noch einmal
822 3598 1813 3785 11 Agathe und Hamlet
