3464 4248
972 98 1076 223 Durchl.
645 706 2999 856 Er: Es kann nicht lang dauern, dann wieder zu ein-
642 871 936 954 ander.
636 988 2960 1147 XXX Das Leben ist kurz, wir kommen einander viel-
688 1153 1697 1309 leicht reiner zurück.
639 1315 2816 1449 Sie hat noch nie was Jugendlich-Wildes erlebt.
630 1452 3091 1627 Er wird noch einmal etwas XX### Jungfräulich Süsse=
642 1620 1036 1712 erleben.
636 1746 2339 1862 Entbehren können wir uns doch nicht.
624 1896 2434 2012 Mögen die Andern drüber zugrunde gehn.
624 2067 1645 2174 Sie geht in den Wald.
621 2208 1770 2342 Das junge Mädchen kommt,
624 2336 2244 2504 Er soll zu ihr in den Park kommen.
624 2510 1685 2620 Fürchten Sie Gefahren?
612 2654 1853 2819 Nein. Ich nicht; aber Sie.
621 2822 2550 2935 Jüngling zur Gattin: Fliehen Sie mit mir.
615 2975 1455 3097 Die Gattin: Wezu?
627 3085 1807 3265 Seine erste Enttäuschung,
618 3268 985 3391 II.Akt.
615 3397 1948 3550 Der Jungling und die Gattin.
615 3605 1483 3706 Es wird ernst.
615 3687 1850 3874 Er: Ich will fort mit dir.
