<?xml version="1.0" encoding="UTF-8" standalone="yes"?>
<PcGts xmlns="http://schema.primaresearch.org/PAGE/gts/pagecontent/2013-07-15" xmlns:xsi="http://www.w3.org/2001/XMLSchema-instance" xsi:schemaLocation="http://schema.primaresearch.org/PAGE/gts/pagecontent/2013-07-15 http://schema.primaresearch.org/PAGE/gts/pagecontent/2013-07-15/pagecontent.xsd">
    <Metadata>
        <Creator>prov=READ-COOP:name=TrHtr:version=2.1.0:model_id=51170:date=29_07_2023_15:06</Creator>
        <Created>2023-05-10T13:09:52.457+02:00</Created>
        <LastChange>2023-07-29T15:06:27.873+02:00</LastChange>
        <TranskribusMetadata docId="1428565" pageId="55408736" pageNr="3" tsid="131436878" status="IN_PROGRESS" userId="64420" imgUrl="https://files.transkribus.eu/Get?id=CJLAGXAQBRJAUEPFOGJWQRBS&amp;fileType=view" xmlUrl="https://files.transkribus.eu/Get?id=HUUEXFRPFELSVDXKSBLXBVOB" imageId="44682882"/>
    </Metadata>
    <Page imageFilename="1428565_0003.jpg" imageWidth="3496" imageHeight="4264">
        <ReadingOrder>
            <OrderedGroup id="ro_1711793828633" caption="Regions reading order">
                <RegionRefIndexed index="0" regionRef="tr_1"/>
                <RegionRefIndexed index="1" regionRef="tr_2"/>
            </OrderedGroup>
        </ReadingOrder>
        <TextRegion id="tr_1" custom="readingOrder {index:0;}">
            <Coords points="988,538 3171,538 3171,2724 988,2724"/>
            <TextLine id="tr_1_tl_1" custom="readingOrder {index:0;}">
                <Coords points="2541,596 2582,606 2616,638 2661,606 2927,614 2925,536 2781,533 2739,570 2679,515 2653,544 2611,520 2538,533"/>
                <Baseline points="2556,594 2600,588 2645,594 2690,597 2735,600 2779,600 2824,600 2869,603 2914,606 2935,612"/>
                <TextEquiv>
                    <Unicode>8/3. 905.</Unicode>
                </TextEquiv>
            </TextLine>
            <TextLine id="tr_1_tl_2" custom="readingOrder {index:1;}">
                <Coords points="1406,721 3165,774 3089,687 2245,714 1900,669 1824,711 1406,643"/>
                <Baseline points="1421,716 1466,722 1510,728 1555,731 1600,731 1645,737 1690,737 1734,740 1779,740 1824,743 1869,740 1914,743 1958,743 2003,740 2048,743 2093,743 2137,743 2182,746 2227,749 2272,749 2317,749 2361,749 2406,752 2451,752 2496,752 2541,749 2585,749 2630,752 2675,752 2720,755 2765,755 2809,755 2854,755 2899,758 2944,758 2988,761 3033,761 3078,758 3123,761 3168,770 3171,770"/>
                <TextEquiv>
                    <Unicode>"Meteor", zwischen Ajaccio und Neapel.</Unicode>
                </TextEquiv>
            </TextLine>
            <TextLine id="tr_1_tl_3" custom="readingOrder {index:2;}">
                <Coords points="1090,1025 3006,1066 3003,980 2363,1019 2256,967 1694,1004 1153,944 1090,988"/>
                <Baseline points="1104,1021 1149,1024 1194,1030 1239,1030 1283,1033 1328,1036 1373,1033 1418,1036 1463,1036 1507,1036 1552,1033 1597,1036 1642,1036 1687,1039 1731,1042 1776,1036 1821,1042 1866,1042 1911,1045 1955,1045 2000,1045 2045,1042 2090,1045 2134,1048 2179,1048 2224,1048 2269,1051 2314,1051 2358,1054 2403,1054 2448,1054 2493,1054 2538,1054 2582,1051 2627,1054 2672,1054 2717,1054 2762,1057 2806,1057 2851,1060 2896,1060 2941,1060 2985,1063 3012,1068"/>
                <TextEquiv>
                    <Unicode>Schauspieler von 40 Jahren, sehr berühmt.</Unicode>
                </TextEquiv>
            </TextLine>
            <TextLine id="tr_1_tl_4" custom="readingOrder {index:3;}">
                <Coords points="1001,1187 3089,1208 3003,1134 2954,1184 2588,1132 2334,1179 2230,1127 1380,1166 1001,1111"/>
                <Baseline points="1015,1182 1060,1179 1104,1182 1149,1182 1194,1182 1239,1185 1283,1185 1328,1188 1373,1191 1418,1191 1463,1194 1507,1191 1552,1191 1597,1194 1642,1194 1687,1191 1731,1194 1776,1197 1821,1197 1866,1197 1911,1197 1955,1197 2000,1197 2045,1197 2090,1197 2134,1197 2179,1200 2224,1200 2269,1200 2314,1203 2358,1203 2403,1203 2448,1203 2493,1203 2538,1203 2582,1203 2627,1203 2672,1206 2717,1206 2762,1209 2806,1209 2851,1209 2896,1209 2941,1209 2985,1209 3030,1209 3075,1206 3096,1203"/>
                <TextEquiv>
                    <Unicode>hat ein ganz junges, für ihn schwärmendes Ge¬</Unicode>
                </TextEquiv>
            </TextLine>
            <TextLine id="tr_1_tl_5" custom="readingOrder {index:4;}">
                <Coords points="983,1338 2927,1362 2859,1289 983,1312"/>
                <Baseline points="997,1337 1042,1334 1086,1334 1131,1334 1176,1337 1221,1337 1266,1337 1310,1340 1355,1340 1400,1340 1445,1340 1490,1340 1534,1340 1579,1343 1624,1343 1669,1346 1713,1346 1758,1346 1803,1346 1848,1352 1893,1349 1937,1346 1982,1349 2027,1349 2072,1349 2117,1349 2161,1349 2206,1349 2251,1352 2296,1352 2341,1352 2385,1352 2430,1352 2475,1352 2520,1352 2564,1355 2609,1355 2654,1358 2699,1361 2744,1358 2788,1358 2833,1358 2878,1358 2923,1355 2932,1358"/>
                <TextEquiv>
                    <Unicode>schöpf geheiratet :die seinetwegen viel</Unicode>
                </TextEquiv>
            </TextLine>
            <TextLine id="tr_1_tl_6" custom="readingOrder {index:5;}">
                <Coords points="991,1487 2778,1547 2778,1435 2520,1482 991,1440"/>
                <Baseline points="1006,1487 1051,1487 1095,1487 1140,1490 1185,1492 1230,1492 1275,1490 1319,1492 1364,1492 1409,1492 1454,1495 1498,1492 1543,1492 1588,1492 1633,1495 1678,1495 1722,1495 1767,1498 1812,1501 1857,1501 1902,1501 1946,1498 1991,1501 2036,1501 2081,1504 2126,1501 2170,1504 2215,1504 2260,1504 2305,1504 2349,1504 2394,1504 2439,1507 2484,1507 2529,1510 2573,1510 2618,1513 2663,1513 2708,1516 2753,1522 2782,1522"/>
                <TextEquiv>
                    <Unicode>leicht irgend jemanden verlassen hat:</Unicode>
                </TextEquiv>
            </TextLine>
            <TextLine id="tr_1_tl_7" custom="readingOrder {index:6;}">
                <Coords points="980,1639 1986,1673 1984,1634 1809,1584 1539,1579 1500,1621 1453,1581 1213,1576 1174,1618 1069,1571 980,1589"/>
                <Baseline points="994,1636 1039,1639 1083,1642 1128,1642 1173,1642 1218,1642 1263,1642 1307,1645 1352,1642 1397,1642 1442,1645 1487,1645 1531,1645 1576,1645 1621,1645 1666,1648 1710,1648 1755,1648 1800,1651 1845,1654 1890,1651 1934,1657 1979,1660 1991,1660"/>
                <TextEquiv>
                    <Unicode>Ehe dauert 5-8 Jahre.</Unicode>
                </TextEquiv>
            </TextLine>
            <TextLine id="tr_1_tl_8" custom="readingOrder {index:7;}">
                <Coords points="983,1788 3006,1835 2854,1751 983,1725"/>
                <Baseline points="997,1785 1042,1791 1086,1794 1131,1797 1176,1797 1221,1797 1266,1797 1310,1797 1355,1800 1400,1803 1445,1803 1490,1800 1534,1800 1579,1800 1624,1800 1669,1803 1713,1803 1758,1803 1803,1800 1848,1803 1893,1806 1937,1806 1982,1806 2027,1806 2072,1806 2117,1806 2161,1806 2206,1809 2251,1809 2296,1809 2341,1809 2385,1812 2430,1812 2475,1812 2520,1812 2564,1815 2609,1815 2654,1815 2699,1818 2744,1818 2788,1821 2833,1821 2878,1821 2923,1824 2968,1824 3012,1830"/>
                <TextEquiv>
                    <Unicode>Ein sehr junges Wesen verliebt sich in ihn.</Unicode>
                </TextEquiv>
            </TextLine>
            <TextLine id="tr_1_tl_9" custom="readingOrder {index:8;}">
                <Coords points="991,1924 3092,1984 2951,1882 2572,1934 988,1895"/>
                <Baseline points="1006,1922 1051,1931 1095,1940 1140,1943 1185,1946 1230,1946 1275,1946 1319,1946 1364,1946 1409,1949 1454,1949 1498,1949 1543,1946 1588,1946 1633,1949 1678,1949 1722,1940 1767,1943 1812,1946 1857,1949 1902,1952 1946,1952 1991,1952 2036,1952 2081,1949 2126,1952 2170,1952 2215,1952 2260,1949 2305,1952 2349,1955 2394,1961 2439,1961 2484,1964 2529,1961 2573,1961 2618,1958 2663,1961 2708,1958 2753,1958 2797,1955 2842,1961 2887,1964 2932,1964 2977,1967 3021,1967 3066,1970 3096,1976"/>
                <TextEquiv>
                    <Unicode>Prautpaar, das bei ihnen lebt, in ihrer Mähe.</Unicode>
                </TextEquiv>
            </TextLine>
            <TextLine id="tr_1_tl_10" custom="readingOrder {index:9;}">
                <Coords points="975,2091 1926,2117 1926,2081 1879,2054 1767,2026 1722,2070 1539,2031 1456,2075 1357,2041 1302,2075 1171,2026 975,2044"/>
                <Baseline points="988,2090 1033,2090 1077,2093 1122,2096 1167,2096 1212,2096 1257,2096 1301,2099 1346,2099 1391,2099 1436,2099 1481,2099 1525,2099 1570,2099 1615,2096 1660,2096 1705,2096 1749,2096 1794,2099 1839,2099 1884,2102 1928,2111 1931,2111"/>
                <TextEquiv>
                    <Unicode>Ferien an einem See.</Unicode>
                </TextEquiv>
            </TextLine>
            <TextLine id="tr_1_tl_11" custom="readingOrder {index:10;}">
                <Coords points="1012,2243 2982,2256 2982,2196 1012,2182"/>
                <Baseline points="1027,2242 1071,2242 1116,2242 1161,2242 1206,2248 1251,2245 1295,2245 1340,2248 1385,2248 1430,2248 1475,2245 1519,2245 1564,2245 1609,2248 1654,2248 1699,2248 1743,2248 1788,2248 1833,2248 1878,2248 1922,2248 1967,2251 2012,2251 2057,2251 2102,2251 2146,2254 2191,2251 2236,2254 2281,2254 2326,2254 2370,2254 2415,2254 2460,2254 2505,2257 2550,2257 2594,2257 2639,2254 2684,2254 2729,2254 2773,2254 2818,2254 2863,2257 2908,2254 2953,2254 2985,2258"/>
                <TextEquiv>
                    <Unicode>Das junge Mädchen lernt ihn bei dieser Ge¬</Unicode>
                </TextEquiv>
            </TextLine>
            <TextLine id="tr_1_tl_12" custom="readingOrder {index:11;}">
                <Coords points="1025,2394 1140,2415 1472,2392 1827,2410 1827,2355 1764,2334 1691,2355 1668,2331 1647,2352 1524,2326 1351,2350 1025,2329"/>
                <Baseline points="1039,2394 1083,2391 1128,2391 1173,2394 1218,2394 1263,2397 1307,2394 1352,2394 1397,2391 1442,2391 1487,2391 1531,2391 1576,2391 1621,2394 1666,2397 1710,2397 1755,2397 1800,2400 1833,2400"/>
                <TextEquiv>
                    <Unicode>legenheit kennen.</Unicode>
                </TextEquiv>
            </TextLine>
            <TextLine id="tr_1_tl_13" custom="readingOrder {index:12;}">
                <Coords points="1017,2548 2264,2551 2235,2480 1858,2480 1817,2520 1017,2494"/>
                <Baseline points="1030,2547 1074,2541 1119,2544 1164,2547 1209,2550 1254,2547 1298,2547 1343,2547 1388,2547 1433,2547 1478,2544 1522,2547 1567,2544 1612,2547 1657,2547 1702,2547 1746,2544 1791,2547 1836,2547 1881,2547 1925,2550 1970,2550 2015,2550 2060,2553 2105,2553 2149,2550 2194,2550 2239,2550 2269,2553"/>
                <TextEquiv>
                    <Unicode>Der junge Bursch Offizier?</Unicode>
                </TextEquiv>
            </TextLine>
            <TextLine id="tr_1_tl_14" custom="readingOrder {index:13;}">
                <Coords points="1019,2687 3048,2708 2933,2643 1019,2650"/>
                <Baseline points="1033,2681 1077,2684 1122,2693 1167,2693 1212,2696 1257,2696 1301,2699 1346,2702 1391,2702 1436,2699 1481,2699 1525,2699 1570,2699 1615,2702 1660,2702 1705,2702 1749,2702 1794,2702 1839,2702 1884,2702 1928,2702 1973,2702 2018,2699 2063,2702 2108,2699 2152,2699 2197,2702 2242,2699 2287,2699 2332,2699 2376,2702 2421,2702 2466,2705 2511,2708 2556,2708 2600,2708 2645,2708 2690,2708 2735,2711 2779,2708 2824,2708 2869,2711 2914,2714 2959,2708 3003,2705 3048,2705 3054,2708"/>
                <TextEquiv>
                    <Unicode>Besser, sie sind nicht verlobt, sondern je-</Unicode>
                </TextEquiv>
            </TextLine>
        </TextRegion>
        <TextRegion id="tr_2" custom="readingOrder {index:1;}">
            <Coords points="1021,2795 2947,2795 2947,3787 1021,3787"/>
            <TextLine id="tr_2_tl_1" custom="readingOrder {index:0;}">
                <Coords points="1059,2852 2930,2883 2927,2815 2841,2797 2789,2841 2266,2784 1858,2833 1059,2802"/>
                <Baseline points="1074,2851 1098,2851 1143,2848 1188,2845 1233,2848 1278,2848 1322,2848 1367,2848 1412,2851 1457,2851 1501,2851 1546,2851 1591,2854 1636,2854 1681,2857 1725,2860 1770,2857 1815,2857 1860,2860 1905,2857 1949,2857 1994,2857 2039,2857 2084,2857 2129,2857 2173,2854 2218,2857 2263,2854 2308,2854 2352,2857 2397,2860 2442,2860 2487,2860 2532,2860 2576,2860 2621,2863 2666,2863 2711,2863 2756,2866 2800,2869 2845,2866 2890,2866 2935,2863"/>
                <TextEquiv>
                    <Unicode>der für sich. Es entwickelt sich ein ge¬</Unicode>
                </TextEquiv>
            </TextLine>
            <TextLine id="tr_2_tl_2" custom="readingOrder {index:1;}">
                <Coords points="1059,3003 1871,3024 1869,2982 1806,2938 1736,2959 1610,2930 1542,2959 1113,2930 1056,2956"/>
                <Baseline points="1071,3003 1116,3000 1161,3000 1206,3000 1251,3000 1295,3003 1340,3000 1385,3003 1430,3000 1475,3000 1519,3003 1564,3006 1609,3000 1654,3003 1699,3003 1743,3006 1788,3003 1833,3006 1878,3012"/>
                <TextEquiv>
                    <Unicode>fährlicher Flirt.</Unicode>
                </TextEquiv>
            </TextLine>
            <TextLine id="tr_2_tl_3" custom="readingOrder {index:2;}">
                <Coords points="1009,3155 2940,3165 2940,3100 1009,3089"/>
                <Baseline points="1024,3153 1068,3153 1113,3153 1158,3153 1203,3153 1248,3156 1292,3156 1337,3156 1382,3156 1427,3156 1472,3156 1516,3156 1561,3156 1606,3156 1651,3156 1696,3159 1740,3159 1785,3159 1830,3159 1875,3159 1919,3159 1964,3162 2009,3162 2054,3162 2099,3162 2143,3162 2188,3162 2233,3162 2278,3165 2323,3162 2367,3162 2412,3165 2457,3165 2502,3162 2547,3165 2591,3168 2636,3168 2681,3168 2726,3168 2771,3168 2815,3171 2860,3168 2905,3165 2947,3165"/>
                <TextEquiv>
                    <Unicode>Nach einem seltsamen Abend am See ein Ge¬</Unicode>
                </TextEquiv>
            </TextLine>
            <TextLine id="tr_2_tl_4" custom="readingOrder {index:3;}">
                <Coords points="1012,3327 2316,3322 2316,3275 2237,3252 1984,3246 1942,3288 1602,3246 1012,3275"/>
                <Baseline points="1027,3320 1071,3317 1116,3314 1161,3314 1206,3311 1251,3311 1295,3311 1340,3311 1385,3311 1430,3311 1475,3311 1519,3311 1564,3311 1609,3311 1654,3311 1699,3314 1743,3314 1788,3314 1833,3314 1878,3314 1922,3314 1967,3314 2012,3314 2057,3314 2102,3317 2146,3317 2191,3317 2236,3320 2281,3320 2323,3329"/>
                <TextEquiv>
                    <Unicode>spräch zwischen dem Ehepaar</Unicode>
                </TextEquiv>
            </TextLine>
            <TextLine id="tr_2_tl_5" custom="readingOrder {index:4;}">
                <Coords points="1006,3461 1979,3471 1979,3400 1709,3408 1607,3442 1487,3398 1430,3440 1385,3395 1208,3437 1006,3395"/>
                <Baseline points="1021,3460 1066,3460 1110,3460 1155,3463 1200,3463 1245,3463 1289,3463 1334,3463 1379,3463 1424,3466 1469,3463 1513,3463 1558,3466 1603,3466 1648,3463 1693,3466 1737,3466 1782,3466 1827,3466 1872,3466 1917,3466 1961,3469 1985,3472"/>
                <TextEquiv>
                    <Unicode>Was soll das werden?</Unicode>
                </TextEquiv>
            </TextLine>
            <TextLine id="tr_2_tl_6" custom="readingOrder {index:5;}">
                <Coords points="1017,3612 2859,3630 2859,3568 2739,3560 1017,3555"/>
                <Baseline points="1030,3610 1074,3610 1119,3613 1164,3613 1209,3619 1254,3619 1298,3619 1343,3619 1388,3619 1433,3619 1478,3619 1522,3619 1567,3619 1612,3619 1657,3619 1702,3622 1746,3622 1791,3622 1836,3622 1881,3622 1925,3622 1970,3622 2015,3624 2060,3622 2105,3624 2149,3624 2194,3624 2239,3624 2284,3622 2329,3622 2373,3624 2418,3627 2463,3627 2508,3624 2553,3627 2597,3627 2642,3630 2687,3630 2732,3627 2776,3627 2821,3627 2866,3624"/>
                <TextEquiv>
                    <Unicode>Wir können uns doch nicht über einander</Unicode>
                </TextEquiv>
            </TextLine>
            <TextLine id="tr_2_tl_7" custom="readingOrder {index:6;}">
                <Coords points="1006,3769 1098,3782 1213,3766 1456,3777 1453,3730 1375,3709 1330,3709 1315,3725 1276,3698 1213,3725 1194,3706 1168,3722 1098,3691 1006,3727"/>
                <Baseline points="1021,3768 1066,3765 1110,3765 1155,3765 1200,3765 1245,3765 1289,3765 1334,3768 1379,3768 1424,3771 1463,3777"/>
                <TextEquiv>
                    <Unicode>täusehen.</Unicode>
                </TextEquiv>
            </TextLine>
        </TextRegion>
    </Page>
</PcGts>
