3368 4280
3001 525 3132 717 41
825 654 3092 865 Sie werden es also nicht darauf ankommen lassen.
774 814 2278 976 Ritter: Sie sind ein Kindskopf;
765 988 2070 1111 Ich weiss Sie beten sie an.
762 1173 2832 1339 Nun ich will Ihnen die ganze Wahrheit sagen.
817 1299 1970 1470 Ja ich habe es versucht.
782 1450 2624 1607 Erinnern Sie sich bei der Segelpartie.
822 1585 3038 1710 Vielleicht hab ich sie nicht einmal gelübet. Es
782 1756 2427 1873 war möglicherweise eine Schufterei.
782 1879 2921 2047 Sie hat vielleicht geschwankt. Aber sie blieb
899 2013 1202 2178 stark.
828 2118 3103 2410 Darf ich Ihnen etwas raten, fragen Sie sie nicht
799 2392 1071 2564 mehr.
808 2430 3078 2695 Es gibt kaum ein junges Mädchen gerade wenn sie
822 2578 3109 2852 liebt, die sich nicht einer solchen Gefahr gegen
825 2832 1362 2989 über sieht.
837 2886 3140 3169 Sie können glücklich sein. Dieser Traum, den Ihre
854 3018 3118 3315 Braut geträumt hat rettet sie vielleicht vor spä
848 3186 3112 3475 teren Gefahren. Er erzählt vielleicht noch eine
908 3357 3075 3603 sehr komödiantische Geschichte aus seinem Leben.
919 3517 2718 3777 Fritz beruhigt sich, dankt ihm, geht.
