3512 4264
963 570 3242 765 Edgar : Am Ras###n bin ich unschldig, gnädige Frau
963 762 2950 915 Rainer: Das kann ich mir denken, Sie
972 893 2193 1031 sehen nicht so aus, Edgar,
1241 986 1788 1122 lobue Schaile
1323 1029 3086 1204 Ist es Ihnen noch nie pa si rt, Herr
958 1054 1287 1247 Edgar:
1193 1173 2992 1332 Rainer, dass Ihre Menschenkenntnis Sie
1148 1346 1856 1508 getäuscht hat?
963 1508 3097 1658 Rainer: Selten. Und nur in den wichtigsten
1295 1638 3038 1763 Fällen, selbstverständlich.
1236 1788 3128 1950 mit dem Feldstecher jetzt hab ich sie.
1051 1899 2171 2125 Agahte: Weshben Sie,?
1017 2015 3049 2239 Rainer: Vor einer Stunde sind sie nämlich
1193 2199 3063 2375 fortgesegelt, das Brautpaar und Ihrste,
258 2207 1017 2412 meine Tochter mit
241 2375 972 2576 rheen Brantyan
1099 2349 1723 2502 mahl, Agathe
1219 2457 1445 2545 Leitzt
969 2508 1522 2652 Agahte : Cah!
966 2584 2995 2740 Rainer: E- ist unglaublich. Andre Men chen
1241 2729 3131 2893 kämen bei diesem Minimum von Luftströmun
1196 2820 3007 3035 überhaupt nicht vom Fleck und Herbot.
963 2956 2910 3145 Aga: Was denken Sie eigentlich. Gewinnt
1193 3069 3004 3287 man eine Regatta nach der andern, wenn
1377 3247 3131 3392 man kein Segelgenie ist? Minen Sie er
2151 3364 2463 3454 dant
1153 3378 3188 3548 besticht die andern, demtissie ihn gewinnen
1151 3505 3097 3695 lassen? Der Grafen zum Reispiel, der
1185 3605 3026 3854 sich eine ganz neue Gott für heim¬
1193 3769 2327 3970 het haner Cassei -
