<?xml version="1.0" encoding="UTF-8" standalone="yes"?>
<PcGts xmlns="http://schema.primaresearch.org/PAGE/gts/pagecontent/2013-07-15" xmlns:xsi="http://www.w3.org/2001/XMLSchema-instance" xsi:schemaLocation="http://schema.primaresearch.org/PAGE/gts/pagecontent/2013-07-15 http://schema.primaresearch.org/PAGE/gts/pagecontent/2013-07-15/pagecontent.xsd">
    <Metadata>
        <Creator>prov=READ-COOP:name=TrHtr:version=2.1.0:model_id=51170:date=29_07_2023_15:07</Creator>
        <Created>2023-05-10T13:10:09.801+02:00</Created>
        <LastChange>2023-07-29T15:07:01.504+02:00</LastChange>
        <TranskribusMetadata docId="1428565" pageId="55409362" pageNr="129" tsid="131437191" status="IN_PROGRESS" userId="64420" imgUrl="https://files.transkribus.eu/Get?id=QYIMEMKAIJBZKYYDAJEQESEC&amp;fileType=view" xmlUrl="https://files.transkribus.eu/Get?id=AGKTJOZWKKXFYTLJWHOMJIZL" imageId="44683507"/>
    </Metadata>
    <Page imageFilename="1428565_0129.jpg" imageWidth="3560" imageHeight="4216">
        <ReadingOrder>
            <OrderedGroup id="ro_1711793941244" caption="Regions reading order">
                <RegionRefIndexed index="0" regionRef="tr_1"/>
                <RegionRefIndexed index="1" regionRef="tr_2"/>
            </OrderedGroup>
        </ReadingOrder>
        <TextRegion id="tr_1" custom="readingOrder {index:0;}">
            <Coords points="919,547 2899,547 2899,2085 919,2085"/>
            <TextLine id="tr_1_tl_1" custom="readingOrder {index:0;}">
                <Coords points="2581,611 2615,616 2625,606 2647,609 2679,631 2694,621 2699,626 2714,624 2716,505 2694,503 2670,525 2662,520 2647,523 2623,537 2618,532 2610,535 2601,525 2596,530 2581,528"/>
                <Baseline points="2594,600 2630,597 2675,597 2720,597"/>
                <TextEquiv>
                    <Unicode>20</Unicode>
                </TextEquiv>
            </TextLine>
            <TextLine id="tr_1_tl_2" custom="readingOrder {index:1;}">
                <Coords points="912,855 1062,880 1250,831 1427,870 1629,836 1915,875 2009,841 2011,727 1449,772 1252,710 1109,781 912,791"/>
                <Baseline points="925,850 940,847 985,847 1030,847 1074,847 1119,844 1164,844 1209,844 1254,842 1298,839 1343,839 1388,836 1433,836 1477,836 1522,833 1567,833 1612,833 1657,833 1701,833 1746,833 1791,833 1836,833 1881,833 1925,833 1970,833 2015,839"/>
                <TextEquiv>
                    <Unicode>Sophie: Ich habe keine.</Unicode>
                </TextEquiv>
            </TextLine>
            <TextLine id="tr_1_tl_3" custom="readingOrder {index:2;}">
                <Coords points="912,1048 2583,1033 2785,1003 2788,919 915,917"/>
                <Baseline points="925,1000 958,1000 1003,1000 1048,1000 1092,1003 1137,1003 1182,1000 1227,1000 1271,1000 1316,1000 1361,1000 1406,997 1451,1000 1495,997 1540,1000 1585,997 1630,997 1675,997 1719,997 1764,997 1809,997 1854,997 1898,994 1943,997 1988,994 2033,994 2078,994 2122,994 2167,994 2212,994 2257,994 2302,994 2346,991 2391,991 2436,991 2481,991 2526,991 2570,994 2615,991 2660,991 2705,991 2749,991 2794,994"/>
                <TextEquiv>
                    <Unicode>Direktor: Also meinetwegen die Wahrheit.</Unicode>
                </TextEquiv>
            </TextLine>
            <TextLine id="tr_1_tl_4" custom="readingOrder {index:3;}">
                <Coords points="927,1163 2532,1205 2761,1186 2763,1080 927,1109"/>
                <Baseline points="940,1155 979,1155 1024,1155 1068,1155 1113,1155 1158,1155 1203,1155 1248,1152 1292,1152 1337,1152 1382,1152 1427,1152 1472,1149 1516,1152 1561,1152 1606,1152 1651,1149 1695,1152 1740,1152 1785,1152 1830,1152 1875,1149 1919,1149 1964,1149 2009,1149 2054,1149 2099,1149 2143,1149 2188,1146 2233,1146 2278,1146 2322,1146 2367,1146 2412,1146 2457,1143 2502,1143 2546,1143 2591,1143 2636,1143 2681,1143 2726,1143 2770,1140"/>
                <TextEquiv>
                    <Unicode>Ich werde ihm sagen, dass er Sie an sein</Unicode>
                </TextEquiv>
            </TextLine>
            <TextLine id="tr_1_tl_5" custom="readingOrder {index:4;}">
                <Coords points="905,1321 2320,1346 2541,1292 2773,1348 2776,1218 1684,1282 905,1242"/>
                <Baseline points="919,1307 943,1304 988,1304 1033,1304 1077,1304 1122,1304 1167,1304 1212,1304 1257,1304 1301,1304 1346,1304 1391,1304 1436,1301 1480,1301 1525,1301 1570,1301 1615,1301 1660,1304 1704,1304 1749,1304 1794,1301 1839,1301 1884,1298 1928,1298 1973,1298 2018,1298 2063,1298 2108,1295 2152,1295 2197,1295 2242,1295 2287,1295 2331,1295 2376,1295 2421,1292 2466,1292 2511,1292 2555,1289 2600,1289 2645,1286 2690,1286 2735,1286 2779,1286"/>
                <TextEquiv>
                    <Unicode>Sterbebett habe rufen lassen. Ich halte</Unicode>
                </TextEquiv>
            </TextLine>
            <TextLine id="tr_1_tl_6" custom="readingOrder {index:5;}">
                <Coords points="924,1472 2640,1486 2847,1398 2541,1348 2470,1403 924,1405"/>
                <Baseline points="937,1463 973,1457 1018,1457 1062,1457 1107,1457 1152,1454 1197,1457 1242,1454 1286,1454 1331,1454 1376,1454 1421,1457 1466,1454 1510,1454 1555,1454 1600,1454 1645,1454 1689,1454 1734,1454 1779,1454 1824,1454 1869,1451 1913,1451 1958,1451 2003,1448 2048,1448 2093,1448 2137,1448 2182,1445 2227,1445 2272,1448 2317,1448 2361,1448 2406,1448 2451,1445 2496,1442 2540,1445 2585,1445 2630,1445 2675,1442 2720,1439 2764,1436 2809,1433 2854,1427"/>
                <TextEquiv>
                    <Unicode>es als Kur für Sie für notwendig. Sie wer¬</Unicode>
                </TextEquiv>
            </TextLine>
            <TextLine id="tr_1_tl_7" custom="readingOrder {index:6;}">
                <Coords points="932,1612 2758,1624 2744,1541 932,1550"/>
                <Baseline points="946,1609 973,1606 1018,1606 1062,1606 1107,1609 1152,1609 1197,1609 1242,1609 1286,1609 1331,1609 1376,1609 1421,1609 1466,1606 1510,1606 1555,1606 1600,1606 1645,1606 1689,1606 1734,1606 1779,1603 1824,1606 1869,1606 1913,1603 1958,1603 2003,1603 2048,1603 2093,1600 2137,1600 2182,1600 2227,1600 2272,1600 2317,1597 2361,1597 2406,1597 2451,1597 2496,1597 2540,1597 2585,1597 2630,1597 2675,1597 2720,1594 2764,1597"/>
                <TextEquiv>
                    <Unicode>den sich viel woler mit ihm fühlen, wenn</Unicode>
                </TextEquiv>
            </TextLine>
            <TextLine id="tr_1_tl_8" custom="readingOrder {index:7;}">
                <Coords points="915,1790 2734,1790 2756,1696 915,1708"/>
                <Baseline points="928,1761 973,1761 1018,1761 1062,1761 1107,1764 1152,1764 1197,1761 1242,1764 1286,1761 1331,1764 1376,1764 1421,1761 1466,1761 1510,1761 1555,1761 1600,1761 1645,1761 1689,1758 1734,1758 1779,1758 1824,1758 1869,1761 1913,1761 1958,1761 2003,1758 2048,1758 2093,1758 2137,1758 2182,1758 2227,1758 2272,1761 2317,1758 2361,1758 2406,1758 2451,1758 2496,1755 2540,1755 2585,1755 2630,1755 2675,1755 2720,1758 2761,1761"/>
                <TextEquiv>
                    <Unicode>Sie ihn einmal tüchtig angelegen haben.</Unicode>
                </TextEquiv>
            </TextLine>
            <TextLine id="tr_1_tl_9" custom="readingOrder {index:8;}">
                <Coords points="915,1928 2896,1940 2896,1878 2781,1839 915,1854"/>
                <Baseline points="928,1922 973,1919 1018,1922 1062,1919 1107,1922 1152,1922 1197,1919 1242,1919 1286,1919 1331,1919 1376,1919 1421,1919 1466,1922 1510,1919 1555,1916 1600,1916 1645,1913 1689,1916 1734,1916 1779,1916 1824,1913 1869,1916 1913,1916 1958,1919 2003,1913 2048,1913 2093,1913 2137,1913 2182,1910 2227,1913 2272,1913 2317,1913 2361,1910 2406,1910 2451,1910 2496,1907 2540,1910 2585,1907 2630,1907 2675,1910 2720,1910 2764,1910 2809,1910 2854,1913 2899,1919"/>
                <TextEquiv>
                    <Unicode>Sophie: Ich glaube, ich komme nicht zurück.</Unicode>
                </TextEquiv>
            </TextLine>
            <TextLine id="tr_1_tl_10" custom="readingOrder {index:9;}">
                <Coords points="917,2100 2236,2076 2177,2009 2011,1989 1970,2026 1859,1984 1506,2031 1405,1994 917,2021"/>
                <Baseline points="931,2075 943,2075 988,2072 1033,2075 1077,2075 1122,2075 1167,2075 1212,2075 1257,2075 1301,2075 1346,2072 1391,2072 1436,2072 1480,2072 1525,2072 1570,2069 1615,2069 1660,2069 1704,2066 1749,2069 1794,2069 1839,2069 1884,2069 1928,2069 1973,2072 2018,2069 2063,2069 2108,2069 2152,2069 2197,2069 2242,2069"/>
                <TextEquiv>
                    <Unicode>Direkor: Ich werde Sie Lolen.</Unicode>
                </TextEquiv>
            </TextLine>
        </TextRegion>
        <TextRegion id="tr_2" custom="readingOrder {index:1;}">
            <Coords points="1027,2255 2944,2255 2944,3428 1027,3428"/>
            <TextLine id="tr_2_tl_1" custom="readingOrder {index:0;}">
                <Coords points="1016,2398 2785,2352 2869,2320 2874,2246 2302,2231 1331,2344 1018,2302"/>
                <Baseline points="1030,2361 1042,2364 1086,2361 1131,2364 1176,2367 1221,2370 1265,2367 1310,2370 1355,2367 1400,2367 1445,2367 1489,2367 1534,2367 1579,2364 1624,2358 1669,2358 1713,2358 1758,2358 1803,2355 1848,2352 1893,2352 1937,2352 1982,2352 2027,2346 2072,2343 2116,2343 2161,2340 2206,2337 2251,2331 2296,2331 2340,2328 2385,2325 2430,2322 2475,2319 2520,2317 2564,2317 2609,2314 2654,2311 2699,2311 2743,2308 2788,2308 2833,2305 2878,2305"/>
                <TextEquiv>
                    <Unicode>hier.. weiter nein, et wänscht nicht</Unicode>
                </TextEquiv>
            </TextLine>
            <TextLine id="tr_2_tl_2" custom="readingOrder {index:1;}">
                <Coords points="1062,2541 1193,2517 1329,2583 1356,2561 1454,2556 1501,2522 1565,2532 1565,2391 1506,2379 1408,2416 1343,2408 1289,2376 1062,2398"/>
                <Baseline points="1077,2508 1122,2511 1167,2514 1212,2517 1257,2517 1301,2517 1346,2517 1391,2517 1436,2517 1480,2511 1525,2511 1570,2511"/>
                <TextEquiv>
                    <Unicode>bessere...</Unicode>
                </TextEquiv>
            </TextLine>
            <TextLine id="tr_2_tl_3" custom="readingOrder {index:2;}">
                <Coords points="1013,2805 1250,2850 1341,2785 1610,2830 2504,2771 2729,2832 2896,2798 2899,2734 2596,2642 2342,2679 2204,2628 1016,2704"/>
                <Baseline points="1027,2776 1065,2776 1110,2779 1155,2779 1200,2782 1245,2785 1289,2788 1334,2785 1379,2785 1424,2782 1469,2785 1513,2782 1558,2779 1603,2779 1648,2779 1692,2779 1737,2779 1782,2776 1827,2773 1872,2770 1916,2767 1961,2767 2006,2767 2051,2764 2096,2764 2140,2764 2185,2764 2230,2761 2275,2761 2319,2761 2364,2758 2409,2758 2454,2758 2499,2758 2543,2758 2588,2758 2633,2758 2678,2761 2723,2764 2767,2764 2812,2764 2857,2761 2902,2764"/>
                <TextEquiv>
                    <Unicode>Oder, und zurück Driekten het das lilepan</Unicode>
                </TextEquiv>
            </TextLine>
            <TextLine id="tr_2_tl_4" custom="readingOrder {index:3;}">
                <Coords points="1035,2933 1758,3005 2845,2951 2845,2798 1767,2891 1580,2825 1302,2869 1035,2800"/>
                <Baseline points="1048,2914 1092,2923 1137,2929 1182,2932 1227,2935 1271,2938 1316,2941 1361,2938 1406,2938 1451,2938 1495,2938 1540,2938 1585,2938 1630,2938 1675,2938 1719,2938 1764,2938 1809,2938 1854,2935 1898,2935 1943,2932 1988,2932 2033,2932 2078,2929 2122,2932 2167,2932 2212,2938 2257,2935 2302,2941 2346,2941 2391,2935 2436,2929 2481,2926 2526,2926 2570,2923 2615,2926 2660,2926 2705,2926 2749,2920 2794,2923 2839,2923 2851,2923"/>
                <TextEquiv>
                    <Unicode>oùf der Stiege abrefage, sille et</Unicode>
                </TextEquiv>
            </TextLine>
            <TextLine id="tr_2_tl_5" custom="readingOrder {index:4;}">
                <Coords points="1055,3160 2164,3091 2638,3163 2847,3118 2847,2965 1799,2978 1703,3054 1269,2995 1055,3052"/>
                <Baseline points="1068,3108 1107,3099 1152,3105 1197,3102 1242,3102 1286,3099 1331,3099 1376,3093 1421,3096 1466,3096 1510,3099 1555,3099 1600,3099 1645,3099 1689,3096 1734,3096 1779,3093 1824,3093 1869,3090 1913,3087 1958,3084 2003,3084 2048,3084 2093,3084 2137,3084 2182,3087 2227,3087 2272,3090 2317,3090 2361,3090 2406,3093 2451,3090 2496,3090 2540,3090 2585,3087 2630,3084 2675,3087 2720,3090 2764,3093 2809,3093 2854,3096"/>
                <TextEquiv>
                    <Unicode>ust, wei eikend Rille fratirt.</Unicode>
                </TextEquiv>
            </TextLine>
            <TextLine id="tr_2_tl_6" custom="readingOrder {index:5;}">
                <Coords points="1030,3276 2941,3320 2938,3172 2337,3111 1523,3200 1412,3145 1030,3158"/>
                <Baseline points="1045,3251 1089,3254 1134,3257 1179,3263 1224,3263 1268,3263 1313,3263 1358,3266 1403,3263 1448,3263 1492,3263 1537,3263 1582,3266 1627,3266 1672,3266 1716,3269 1761,3269 1806,3269 1851,3266 1896,3266 1940,3266 1985,3266 2030,3266 2075,3266 2119,3266 2164,3269 2209,3269 2254,3272 2299,3272 2343,3275 2388,3275 2433,3275 2478,3275 2523,3275 2567,3275 2612,3275 2657,3275 2702,3278 2746,3284 2791,3287 2836,3287 2881,3290 2926,3290 2944,3284"/>
                <TextEquiv>
                    <Unicode>Auch keit Eige selbst unterne Knüer:</Unicode>
                </TextEquiv>
            </TextLine>
            <TextLine id="tr_2_tl_7" custom="readingOrder {index:6;}">
                <Coords points="1075,3453 1267,3404 1353,3446 1701,3404 2524,3444 2620,3429 2618,3315 1070,3296"/>
                <Baseline points="1086,3379 1131,3388 1176,3394 1221,3397 1265,3400 1310,3400 1355,3403 1400,3400 1445,3400 1489,3403 1534,3400 1579,3400 1624,3403 1669,3403 1713,3406 1758,3406 1803,3406 1848,3406 1893,3409 1937,3409 1982,3409 2027,3409 2072,3409 2116,3412 2161,3412 2206,3415 2251,3418 2296,3418 2340,3418 2385,3418 2430,3415 2475,3415 2520,3418 2564,3418 2609,3418 2624,3418"/>
                <TextEquiv>
                    <Unicode>ben trecced het sich er dessen</Unicode>
                </TextEquiv>
            </TextLine>
        </TextRegion>
    </Page>
</PcGts>
