<?xml version="1.0" encoding="UTF-8" standalone="yes"?>
<PcGts xmlns="http://schema.primaresearch.org/PAGE/gts/pagecontent/2013-07-15" xmlns:xsi="http://www.w3.org/2001/XMLSchema-instance" xsi:schemaLocation="http://schema.primaresearch.org/PAGE/gts/pagecontent/2013-07-15 http://schema.primaresearch.org/PAGE/gts/pagecontent/2013-07-15/pagecontent.xsd">
    <Metadata>
        <Creator>prov=READ-COOP:name=TrHtr:version=2.1.0:model_id=51170:date=29_07_2023_15:06</Creator>
        <Created>2023-05-10T13:09:53.265+02:00</Created>
        <LastChange>2023-07-29T15:06:29.734+02:00</LastChange>
        <TranskribusMetadata docId="1428565" pageId="55408768" pageNr="10" tsid="131436885" status="IN_PROGRESS" userId="64420" imgUrl="https://files.transkribus.eu/Get?id=NVVATPKAOHTFJMJQIPJIWEIK&amp;fileType=view" xmlUrl="https://files.transkribus.eu/Get?id=VEHMLJKBDMNQRKYRBKYJWOUL" imageId="44682914"/>
    </Metadata>
    <Page imageFilename="1428565_0010.jpg" imageWidth="3416" imageHeight="4264">
        <ReadingOrder>
            <OrderedGroup id="ro_1711793832694" caption="Regions reading order">
                <RegionRefIndexed index="0" regionRef="tr_1"/>
                <RegionRefIndexed index="1" regionRef="tr_2"/>
            </OrderedGroup>
        </ReadingOrder>
        <TextRegion id="tr_1" custom="readingOrder {index:0;}">
            <Coords points="755,872 3084,872 3084,2751 755,2751"/>
            <TextLine id="tr_1_tl_1" custom="readingOrder {index:0;}">
                <Coords points="738,971 2972,940 2960,833 2292,873 1934,784 741,871"/>
                <Baseline points="755,961 785,961 830,961 874,961 919,961 964,961 1009,961 1054,958 1098,958 1143,958 1188,955 1233,952 1278,952 1322,952 1367,952 1412,952 1457,952 1501,952 1546,952 1591,952 1636,949 1681,949 1725,949 1770,949 1815,946 1860,946 1905,946 1949,949 1994,943 2039,943 2084,943 2129,940 2173,940 2218,940 2263,940 2308,937 2352,937 2397,937 2442,934 2487,934 2532,934 2576,931 2621,931 2666,931 2711,931 2756,931 2800,928 2845,928 2890,925 2935,922 2980,928"/>
                <TextEquiv>
                    <Unicode>viele Jahre hindurch ein Verhältnis hatte. Sie</Unicode>
                </TextEquiv>
            </TextLine>
            <TextLine id="tr_1_tl_2" custom="readingOrder {index:1;}">
                <Coords points="741,1133 891,1167 1683,1104 1917,1147 2266,1095 2269,1032 1977,1009 1770,1058 1603,971 744,1032"/>
                <Baseline points="758,1110 797,1110 842,1110 886,1110 931,1107 976,1107 1021,1107 1066,1104 1110,1104 1155,1104 1200,1101 1245,1101 1289,1101 1334,1101 1379,1098 1424,1098 1469,1098 1513,1095 1558,1095 1603,1095 1648,1095 1693,1095 1737,1095 1782,1092 1827,1095 1872,1092 1917,1092 1961,1089 2006,1089 2051,1086 2096,1086 2140,1083 2185,1086 2230,1086 2275,1089"/>
                <TextEquiv>
                    <Unicode>isst mit ihrem gemahl auch hier.</Unicode>
                </TextEquiv>
            </TextLine>
            <TextLine id="tr_1_tl_3" custom="readingOrder {index:2;}">
                <Coords points="778,1274 1038,1312 1467,1248 1571,1297 1712,1263 1715,1130 1288,1167 1049,1121 853,1199 778,1170"/>
                <Baseline points="794,1266 824,1263 868,1263 913,1260 958,1260 1003,1260 1048,1257 1092,1254 1137,1254 1182,1251 1227,1251 1272,1251 1316,1251 1361,1248 1406,1251 1451,1248 1495,1248 1540,1245 1585,1245 1630,1245 1675,1245 1719,1251"/>
                <TextEquiv>
                    <Unicode>2. Edgar kommt dazu</Unicode>
                </TextEquiv>
            </TextLine>
            <TextLine id="tr_1_tl_4" custom="readingOrder {index:3;}">
                <Coords points="747,1453 845,1430 882,1450 917,1421 1139,1441 1415,1415 1450,1435 1482,1427 1484,1340 1392,1340 1245,1288 1095,1366 974,1309 850,1346 813,1317 749,1326"/>
                <Baseline points="761,1409 773,1412 818,1412 862,1412 907,1409 952,1409 997,1406 1042,1406 1086,1403 1131,1403 1176,1400 1221,1400 1266,1400 1310,1400 1355,1400 1400,1400 1445,1403 1490,1406"/>
                <TextEquiv>
                    <Unicode>Schöner Morgen</Unicode>
                </TextEquiv>
            </TextLine>
            <TextLine id="tr_1_tl_5" custom="readingOrder {index:4;}">
                <Coords points="793,1565 1398,1600 1657,1545 1943,1585 2110,1562 2113,1459 1706,1453 1479,1502 1052,1427 793,1490"/>
                <Baseline points="809,1558 818,1555 862,1558 907,1558 952,1558 997,1558 1042,1558 1086,1558 1131,1555 1176,1555 1221,1555 1266,1552 1310,1555 1355,1555 1400,1552 1445,1549 1490,1549 1534,1546 1579,1546 1624,1543 1669,1543 1713,1540 1758,1540 1803,1540 1848,1537 1893,1537 1937,1537 1982,1534 2027,1531 2072,1534 2117,1534"/>
                <TextEquiv>
                    <Unicode>Gestern die mondscheinfahrt.</Unicode>
                </TextEquiv>
            </TextLine>
            <TextLine id="tr_1_tl_6" custom="readingOrder {index:5;}">
                <Coords points="784,1744 1554,1701 1646,1747 1755,1689 2070,1730 2073,1626 1655,1580 787,1629"/>
                <Baseline points="803,1707 824,1707 868,1710 913,1710 958,1707 1003,1705 1048,1705 1092,1705 1137,1705 1182,1705 1227,1702 1272,1699 1316,1696 1361,1696 1406,1696 1451,1693 1495,1693 1540,1693 1585,1690 1630,1687 1675,1687 1719,1687 1764,1687 1809,1684 1854,1684 1899,1681 1943,1681 1988,1681 2033,1681 2078,1681"/>
                <TextEquiv>
                    <Unicode>3. Der alte Rainer dazu...</Unicode>
                </TextEquiv>
            </TextLine>
            <TextLine id="tr_1_tl_7" custom="readingOrder {index:6;}">
                <Coords points="798,1871 1271,1848 1355,1888 1490,1851 1626,1885 1706,1839 1920,1871 1954,1738 1781,1758 1675,1718 801,1781"/>
                <Baseline points="815,1860 839,1857 883,1854 928,1854 973,1854 1018,1854 1063,1854 1107,1848 1152,1848 1197,1848 1242,1845 1286,1845 1331,1842 1376,1842 1421,1842 1466,1839 1510,1839 1555,1839 1600,1836 1645,1833 1690,1833 1734,1833 1779,1833 1824,1830 1869,1827 1914,1830 1958,1827"/>
                <TextEquiv>
                    <Unicode>Ueber die Gräfin Rudlow.</Unicode>
                </TextEquiv>
            </TextLine>
            <TextLine id="tr_1_tl_8" custom="readingOrder {index:7;}">
                <Coords points="793,2006 1153,2061 1248,2003 2689,1992 2932,1900 2738,1851 1885,1928 1450,1865 796,1926"/>
                <Baseline points="809,2003 830,2003 874,2006 919,2006 964,2003 1009,2003 1054,2006 1098,2003 1143,2000 1188,1997 1233,1997 1278,1994 1322,1991 1367,1991 1412,1988 1457,1988 1501,1988 1546,1988 1591,1988 1636,1988 1681,1985 1725,1982 1770,1979 1815,1979 1860,1976 1905,1973 1949,1973 1994,1973 2039,1970 2084,1967 2129,1967 2173,1964 2218,1964 2263,1961 2308,1961 2352,1958 2397,1958 2442,1955 2487,1955 2532,1955 2576,1952 2621,1949 2666,1946 2711,1946 2756,1943 2800,1943 2845,1940 2890,1943 2935,1949"/>
                <TextEquiv>
                    <Unicode>Dann geht das Eh paar auf die Landungsbrücke.</Unicode>
                </TextEquiv>
            </TextLine>
            <TextLine id="tr_1_tl_9" custom="readingOrder {index:8;}">
                <Coords points="764,2194 908,2162 1072,2194 1150,2162 1280,2188 1381,2147 1525,2156 1531,2006 1430,2049 1407,2026 1222,2061 1173,2041 1018,2081 767,2047"/>
                <Baseline points="779,2149 818,2152 862,2152 907,2152 952,2152 997,2149 1042,2149 1086,2149 1131,2146 1176,2143 1221,2140 1266,2140 1310,2140 1355,2137 1400,2134 1445,2132 1490,2132 1534,2134"/>
                <TextEquiv>
                    <Unicode>4. Edgar Agathe</Unicode>
                </TextEquiv>
            </TextLine>
            <TextLine id="tr_1_tl_10" custom="readingOrder {index:9;}">
                <Coords points="761,2343 2583,2240 2932,2294 2937,2147 767,2211"/>
                <Baseline points="779,2308 791,2305 836,2302 880,2302 925,2302 970,2302 1015,2299 1060,2299 1104,2296 1149,2293 1194,2290 1239,2290 1283,2290 1328,2287 1373,2284 1418,2281 1463,2281 1507,2278 1552,2278 1597,2275 1642,2275 1687,2272 1731,2272 1776,2269 1821,2269 1866,2266 1911,2266 1955,2263 2000,2266 2045,2263 2090,2260 2134,2257 2179,2254 2224,2254 2269,2251 2314,2248 2358,2248 2403,2248 2448,2245 2493,2242 2538,2242 2582,2239 2627,2236 2672,2236 2717,2233 2762,2230 2806,2230 2851,2230 2896,2233 2941,2233"/>
                <TextEquiv>
                    <Unicode>Edgar. Ich habe Ihren Mann gesehen als Hamlet,</Unicode>
                </TextEquiv>
            </TextLine>
            <TextLine id="tr_1_tl_11" custom="readingOrder {index:10;}">
                <Coords points="767,2485 3076,2416 3079,2289 773,2335"/>
                <Baseline points="785,2457 800,2454 845,2451 889,2448 934,2448 979,2445 1024,2445 1068,2442 1113,2439 1158,2439 1203,2436 1248,2436 1292,2433 1337,2433 1382,2430 1427,2427 1472,2424 1516,2424 1561,2421 1606,2421 1651,2418 1696,2415 1740,2415 1785,2412 1830,2412 1875,2412 1919,2409 1964,2409 2009,2409 2054,2406 2099,2403 2143,2400 2188,2397 2233,2397 2278,2394 2323,2391 2367,2391 2412,2391 2457,2388 2502,2385 2547,2385 2591,2382 2636,2379 2681,2376 2726,2376 2771,2376 2815,2373 2860,2370 2905,2367 2950,2367 2994,2367 3039,2364 3084,2364"/>
                <TextEquiv>
                    <Unicode>als Leer n tausend Rollen, schon wie ich en Kind</Unicode>
                </TextEquiv>
            </TextLine>
            <TextLine id="tr_1_tl_12" custom="readingOrder {index:11;}">
                <Coords points="770,2632 2395,2534 2686,2591 3006,2525 3009,2427 775,2485"/>
                <Baseline points="785,2600 821,2594 865,2594 910,2594 955,2594 1000,2591 1045,2588 1089,2585 1134,2582 1179,2582 1224,2579 1269,2576 1313,2576 1358,2576 1403,2573 1448,2570 1492,2570 1537,2570 1582,2567 1627,2567 1672,2564 1716,2561 1761,2561 1806,2561 1851,2558 1896,2556 1940,2556 1985,2553 2030,2553 2075,2547 2120,2547 2164,2544 2209,2541 2254,2541 2299,2535 2344,2535 2388,2535 2433,2532 2478,2529 2523,2526 2567,2526 2612,2526 2657,2523 2702,2520 2747,2517 2791,2514 2836,2514 2881,2511 2926,2508 2971,2505 3015,2508"/>
                <TextEquiv>
                    <Unicode>war, war er brühmt, unheimlich mas soein Menweh</Unicode>
                </TextEquiv>
            </TextLine>
            <TextLine id="tr_1_tl_13" custom="readingOrder {index:12;}">
                <Coords points="775,2790 822,2796 905,2753 943,2747 974,2773 994,2767 1023,2787 1049,2784 1049,2626 1000,2632 983,2623 954,2640 931,2635 885,2666 819,2689 775,2684"/>
                <Baseline points="791,2741 833,2738 877,2738 922,2738 967,2735 1012,2738 1057,2738"/>
                <TextEquiv>
                    <Unicode>sein.</Unicode>
                </TextEquiv>
            </TextLine>
        </TextRegion>
        <TextRegion id="tr_2" custom="readingOrder {index:1;}">
            <Coords points="803,2738 3108,2738 3108,3781 803,3781"/>
            <TextLine id="tr_2_tl_1" custom="readingOrder {index:0;}">
                <Coords points="824,2911 2952,2851 3084,2828 3090,2712 2727,2756 2280,2663 2055,2738 830,2787"/>
                <Baseline points="839,2896 853,2893 898,2893 943,2887 988,2887 1033,2884 1077,2881 1122,2878 1167,2875 1212,2872 1257,2872 1301,2866 1346,2866 1391,2863 1436,2863 1481,2863 1525,2857 1570,2857 1615,2854 1660,2854 1705,2851 1749,2848 1794,2845 1839,2842 1884,2842 1928,2839 1973,2836 2018,2833 2063,2833 2108,2830 2152,2830 2197,2827 2242,2827 2287,2824 2332,2821 2376,2818 2421,2818 2466,2815 2511,2812 2556,2812 2600,2809 2645,2806 2690,2803 2735,2803 2779,2803 2824,2800 2869,2794 2914,2791 2959,2791 3003,2791 3048,2788 3093,2788"/>
                <TextEquiv>
                    <Unicode>Agathe. Jeder ist unheimlich. Wir haben alle un-</Unicode>
                </TextEquiv>
            </TextLine>
            <TextLine id="tr_2_tl_2" custom="readingOrder {index:1;}">
                <Coords points="787,3044 2920,2986 3099,2957 3107,2819 790,2955"/>
                <Baseline points="803,3039 842,3036 886,3030 931,3030 976,3027 1021,3027 1066,3024 1110,3024 1155,3018 1200,3018 1245,3015 1289,3012 1334,3012 1379,3012 1424,3009 1469,3009 1513,3006 1558,2997 1603,2997 1648,2994 1693,2991 1737,2991 1782,2988 1827,2988 1872,2985 1917,2980 1961,2980 2006,2977 2051,2974 2096,2974 2140,2971 2185,2971 2230,2971 2275,2968 2320,2965 2364,2962 2409,2959 2454,2959 2499,2959 2544,2956 2588,2956 2633,2950 2633,2950 2660,2947 2705,2944 2750,2944 2794,2941 2839,2941 2884,2935 2929,2935 2974,2932 3018,2929 3063,2929 3108,2926"/>
                <TextEquiv>
                    <Unicode>sre Untiefen. Dann wieder beichter. Sie haben</Unicode>
                </TextEquiv>
            </TextLine>
            <TextLine id="tr_2_tl_3" custom="readingOrder {index:2;}">
                <Coords points="796,3200 2038,3165 2165,3130 2173,2992 1395,3064 1332,3027 798,3107"/>
                <Baseline points="812,3183 833,3180 877,3177 922,3177 967,3174 1012,3171 1057,3168 1101,3165 1146,3162 1191,3162 1236,3159 1280,3159 1325,3156 1370,3153 1415,3150 1460,3147 1504,3144 1549,3141 1594,3141 1639,3138 1684,3138 1728,3135 1773,3132 1818,3129 1863,3126 1908,3123 1952,3120 1997,3120 2042,3117 2087,3114 2132,3117 2176,3120"/>
                <TextEquiv>
                    <Unicode>sicher auch Ihre Geheimnisse.</Unicode>
                </TextEquiv>
            </TextLine>
            <TextLine id="tr_2_tl_4" custom="readingOrder {index:3;}">
                <Coords points="790,3381 2470,3246 2822,3283 2882,3153 2222,3125 798,3228"/>
                <Baseline points="809,3332 827,3329 871,3329 916,3329 961,3326 1006,3323 1051,3320 1095,3317 1140,3314 1185,3311 1230,3308 1275,3308 1319,3305 1364,3302 1409,3299 1454,3296 1498,3293 1543,3293 1588,3290 1633,3287 1678,3284 1722,3284 1767,3281 1812,3278 1857,3275 1902,3275 1946,3272 1991,3269 2036,3269 2081,3266 2126,3263 2170,3260 2215,3257 2260,3254 2305,3251 2349,3248 2394,3245 2439,3245 2484,3242 2529,3242 2573,3239 2618,3236 2663,3233 2708,3233 2753,3230 2797,3227 2842,3224 2887,3221"/>
                <TextEquiv>
                    <Unicode>Edgar erzählt von einer jugendliebe zu einer</Unicode>
                </TextEquiv>
            </TextLine>
            <TextLine id="tr_2_tl_5" custom="readingOrder {index:4;}">
                <Coords points="839,3473 3012,3413 3024,3243 2689,3324 1643,3306 845,3390"/>
                <Baseline points="856,3475 874,3472 919,3472 964,3472 1009,3469 1054,3466 1098,3466 1143,3466 1188,3460 1233,3460 1278,3454 1322,3451 1367,3448 1412,3448 1457,3445 1501,3442 1546,3442 1591,3439 1636,3433 1681,3430 1725,3430 1770,3427 1815,3421 1860,3418 1905,3418 1949,3415 1994,3412 2039,3412 2084,3412 2129,3407 2173,3407 2218,3401 2263,3401 2308,3395 2352,3389 2397,3389 2442,3389 2487,3386 2532,3383 2576,3380 2621,3377 2666,3374 2711,3374 2756,3371 2800,3368 2845,3365 2890,3362 2935,3362 2980,3356 3024,3356"/>
                <TextEquiv>
                    <Unicode>Schauspielerin, ### er einmal vor Grauen, weil</Unicode>
                </TextEquiv>
            </TextLine>
            <TextLine id="tr_2_tl_6" custom="readingOrder {index:5;}">
                <Coords points="807,3629 1868,3566 2073,3649 2612,3525 2949,3600 2957,3462 1695,3447 810,3569"/>
                <Baseline points="824,3627 856,3624 901,3622 946,3622 991,3616 1036,3616 1080,3610 1125,3610 1170,3607 1215,3604 1260,3604 1304,3601 1349,3601 1394,3598 1439,3592 1484,3589 1528,3586 1573,3583 1618,3580 1663,3580 1707,3574 1752,3571 1797,3568 1842,3565 1887,3565 1931,3562 1976,3559 2021,3559 2066,3559 2111,3556 2155,3550 2200,3547 2245,3547 2290,3544 2335,3538 2379,3535 2424,3535 2469,3532 2514,3529 2558,3526 2603,3526 2648,3526 2693,3523 2738,3520 2782,3517 2827,3517 2872,3514 2917,3508 2962,3511"/>
                <TextEquiv>
                    <Unicode>sie so eine ganz andre war, aus dem Theater ge-</Unicode>
                </TextEquiv>
            </TextLine>
            <TextLine id="tr_2_tl_7" custom="readingOrder {index:6;}">
                <Coords points="862,3828 943,3808 980,3779 1029,3785 1043,3805 1098,3785 1159,3816 1179,3799 1214,3816 1219,3701 1196,3695 1165,3713 1061,3643 1032,3658 992,3643 948,3672 934,3655 905,3681 871,3661"/>
                <Baseline points="880,3771 910,3765 955,3762 1000,3759 1045,3756 1089,3753 1134,3753 1179,3750 1224,3753"/>
                <TextEquiv>
                    <Unicode>laufen.</Unicode>
                </TextEquiv>
            </TextLine>
        </TextRegion>
    </Page>
</PcGts>
