3576 4232
2376 464 2514 612 12
774 691 2688 949 Edgar: Ich kann Sie natürlich nicht mein-
781 884 2668 1051 gen die Wahrheit zu sagen und ich möchte
779 1026 2586 1213 meine Frage nicht stellen,ehe Sie mein
801 1181 2626 1360 inneres Verhältnis zu der Angelegenheit
804 1313 2659 1498 kennen. Also, wenn das,was ich gehört ha¬
806 1475 2599 1687 be, wahr ist, so werden daraus keinerlei
809 1623 2696 1795 Folgen für Sie entstehen.Es wird einfach
821 1812 1715 1975 alles zu Ende sein.
819 1932 2309 2132 Hitter: Ja,wenn ich nur wüsste -
834 2102 2786 2247 Edgar: Ja, das miissen Sie jetzt wohl sagen,
834 2224 2761 2406 auch wenn Sie es schon ganz genau wissen.
836 2406 2816 2591 Es ist Ihnen bekannt, dass ich mit Früulein
829 2566 1832 2736 Datsy X. verlobt bin.
839 2718 1692 2913 Ritter: Natürlich.
849 2841 2639 3015 Edgar: Kurz,man sagt, Sie waren Ihr Ge-
861 3013 1243 3200 liebter.
851 3138 2232 3325 Ritter: Ach, welche bilbische —
861 3253 2813 3482 Edgar: Ich bitte — vielleicht ist es auch
874 3435 2723 3640 keine bübische Verleumdung.Es könnte ja
876 3605 2841 3777 auch die Wahrheit sein über Sie werden mir
886 3704 2893 3889 das nicht ohnewetters eingestehen.Auch wenn
