3320 4232
2766 592 2897 724 20
589 715 2132 909 Vierte Scene. Rainer, die Gräfin
568 879 2123 1085 Frau Rainer kommt mit dem Grafen.
565 1058 2873 1274 Frau Rainer holt ihren Gatten vielleicht zum Früh
580 1241 870 1390 stück.
616 1351 2930 1534 Wann werden die mit dem Boot endlich zurückkommen
583 1465 2963 1656 Das Ende der Saison. Es wird über Ritter und Agante
625 1636 1163 1836 gesprochen
631 1794 1770 1949 Sie war seine Schülerin.
595 1926 1899 2129 Wäre etwas aus ihr geworden?
625 2102 3035 2281 Es ist ganz gut, dass sies aufgegeben hat, in jedem
586 2260 861 2413 Fall.
604 2404 2981 2562 Frau Rainer zeigt sich schon als überlegen und ver-
652 2556 1044 2736 stehend.
