3528 4264
1280 669 3111 809 Ich glaube das Segln macht Ihrem Herrn
874 655 1187 869 Edgar:
1165 784 2741 995 Gemahl mehr Spass als sein Beruf.
880 938 3059 1124 Agat: Dazu braucht es nicht so viel. (Schiess
877 1088 3018 1302 lich w채lzt er sich auch lieber im Gras herum.
1168 1250 2198 1431 als er Theater spielt.
1894 1330 2377 1450 blebt is del
883 1384 3067 1573 Rainer: Sagen Sie ist es denn wahr, dass Sie
858 1521 3059 1678 her heute Abend abreisene Herbot sagte mir,
1264 1672 3122 1826 Nun, wenn er Ihnen gesagt hat...
935 1724 1162 1897 Aga:
1368 1796 1938 1891 fraw sie in
1445 1831 2922 2004 Nun ja, in Kleinigkeiten paicht
902 1856 1253 2004 Rainer :
2442 1867 3070 2039 Es ich schon sorg
1236 1963 3040 2152 er mistens die Wahrheit.
1842 2059 3007 2155 Culitluin geandert hat
1223 2122 2941 2314 Es steht ja schon seit l채ngerer Zeit
905 2166 1157 2289 Agat:
1190 2198 3092 2404 fest, dass wir heute abreisen wolten, in
2492 2336 2755 2442 ni Eur
1242 2390 3136 2571 acht Tagen sind die Ferien an. Und vor
1231 2533 2944 2755 her wollen wir noch eine kleine Tour
1332 2697 2717 2873 machen, wie immer ehs angeht.
1340 2843 3136 3035 So war das also unser Absciehdsspazier
913 2870 1217 3037 Edgar:
1151 2969 3158 3133 gang, gn채dige Frau. he segle ernohnt
1190 3100 1609 3224 sar nicht.
929 3109 3065 3328 Agat: Ja. Ich wollte sie nicht. Erbsteuer. (titel
249 3109 644 3328 (Erz채tig
1286 3251 2166 3350 Atschiedmoncergaus.
206 3270 707 3476 was ersehlt
921 3309 2267 3487 Rainer:/Die Abschi diraserei.
916 3424 3122 3618 (Merkt dass er taktlos war, wieder mit dem Feld
1176 3591 2993 3805 stecher. Wundervoll ist das Glas. Kein
