3432 4232
3090 589 3197 781 27
690 709 3018 929 heiratet. Rainer spielt irgendwie mit der Idee der
696 822 1512 1068 Lebenssersamkeit.
684 980 3109 1191 Dann sagt er zu Edgar. Es ist sehr hübsch von Ihnen,
706 1150 3112 1367 dass Sie aus Pola zur Verlobung Ihres Freundes Fritz
696 1307 1736 1512 hierher gekommen sind.
699 1506 3093 1657 Etwas über diese Freundschaft. Dass sie zusammen im
696 1688 2706 1818 Gymnasium, vielleicht im Theresianum waren.
696 1767 3229 1953 Dann macht Rainer leicht ironische Bemerkungen darüber
709 1925 3081 2104 dass Edgar Agathe den Hof macht. Nehmen sie sich in
696 2082 3078 2268 Acht. Haben Sie ihn in Hamlet fechten gesehen. Man
709 2224 3030 2416 weiss nicht wessen man sich bei ihm versehen kann.
709 2347 3128 2570 Wenn er auch Agahte nicht mehr liebt, Eitelkeit oder
718 2561 3175 2700 Pose kann ihn dazu fuhren die Sache ermt zu nehmen.
721 2687 1430 2866 Edgar wehrt ab.
747 2794 3100 2989 Vielleicht hat der alte Rainer, der sich überhaupt
718 2970 3229 3166 als Lebenskünstler gibt, einmal ein Stück geschrieben,
765 3106 3049 3320 indem die Gräfin aufgetreten ist und Ritter auch.
775 3229 3106 3427 Die Gräfin war die Geliebte des Ritter, vorher die
728 3427 1125 3645 Rainers.
