3464 4232
2458 685 2968 882 29. X. 906
697 782 3124 1057 Personen: Ritter, Schauspieler - Agathe seine Frau -
701 991 3006 1188 Edgar Marineoffizier - Herr Rainer - Fraun Rainer
701 1088 3196 1411 ihre Tochter Dasy - Fritz ihr Bräutigam - Graf Rudlow
704 1323 1473 1507 Gräfin Rudloff. -
713 1432 2283 1645 Erster Akt. Seeufer. Erste Scene.
697 1598 3021 1817 Der alte Rainer mit dem Fernrohr oder Operngucker
722 1773 2712 1967 auf den See hinaus blickend. Sommermorgen.
760 1914 1823 2095 Edgar kommt. Gespräch.
726 1977 3115 2249 Rainer: Sehen Sie dort auf dem Segler meine Tochter
735 2161 3121 2393 ihr Bräutigam und Ritter. Ja das ist ein Sporteman.
732 2330 2530 2511 Edgar erkundigt sich nach Frau Rainer.
732 2486 2671 2665 Dort ist die Villa von Rainers. Sichtbar?
744 2593 3262 2762 Rainer erzählt, dass sie schon viele Jahre hier leben.
769 2771 3215 2943 Zu einer zeit hier waren, wo noch keine andern So m-
738 2912 3043 3052 mergäste kamen. Was hab ich hier alles miterlebt!
751 3071 3137 3278 Er erinnert sich noch wie Ritter hier mit der Gräfi
741 3228 2962 3415 Rudloff, die damals noch lange nicht Gräfin war
751 3365 3052 3572 zusammen wohnte. Jetzt ist Ritter mit Agahte ver
