3448 4248
206 108 344 353 De'
2754 478 2862 687 6
603 645 2411 863 Sie: Nein, ich liebe dich nicht genug.
600 795 2982 1022 Wie soll ich ohne dich leben? Wusstest du's? - Ich
651 1019 1816 1168 will versuchen zu leben.
663 1144 2886 1332 :Er segelt hinaus, im Boot ihres Mannes?
612 1294 1542 1482 Sehluss des Aktes?:
592 1455 2548 1595 Das junge Mädchen verlobt, muss heiraten.
603 1586 1831 1787 Die Koffer werden gepackt.
595 1742 1428 1909 Morgen nach Wien.
598 1927 2539 2049 Sehausp: Ich will dich noch einmal sehen.
595 2020 1876 2232 Der Bräutigam eifersüehtig.
600 2208 2217 2378 Sissy: Er wird miehv tetschiessen.
592 2357 2993 2512 Der Bräutigam kommt zum Schauspieler: Geben Sie mir
598 2492 2530 2650 Ihr Ehrenwert, dass nichts geschehen ist.
1772 2617 2988 2757 vielleicht will er ihnen noch
600 2644 2964 2865 Der Schausp. giebt es. die Ahne, daß sie zurückwelt, sie thäte
1891 2844 2217 2961 ak nicht
600 2838 986 2988 III.Akt.
603 2943 2124 3116 Rückkehr der Gatten zu einander.
609 3119 2973 3265 Sie sind beide sehr durchströmt von ihren Erlebnis-
645 3247 2259 3442 sen. Sie stürzen sich in einander.
603 3448 2886 3579 Erst nachher sehen sie, dass sie auseinander müs-
603 3543 2996 3755 sen, wie der Jüngling stirbt und die Braut den Mann
598 3722 2988 3902 heiratet, den sie betregen. Sie tragen alle die Li-
603 3848 834 4048 gen.
