3512 4264
2963 84 3107 141 Durchl.
2732 81 2888 123 A.
2870 162 2960 216 et de
2951 507 3038 606 2
765 687 1532 780 Trennen wir uns.
762 816 3155 909 Wozu? Seien wir ehrlich. Das ist nur vorübergehend;
759 987 3113 1092 machen wir’s durch und kehren wir wieder zu einan-
774 1146 1310 1226 der zurück.
762 1292 2042 1367 Leb wohl, auf Wiedersehen.
771 1439 1505 1517 Und wenn nicht?
771 1565 2288 1667 Die Leute - was geht das uns an?
768 1754 3137 1823 Der Schauspieler verführt das junge Mädchen. Jung,
777 1886 1649 1994 süss, verderblich.
777 2036 3014 2132 Der junge Mensch will mit der Frau fliehen, ist
783 2183 2684 2270 bereit, sich mit dem Gatten zu schlagen.
780 2318 2201 2414 Das junge Mädchen ist verlobt.
786 2432 2450 2546 Die Verhältnisse dauern kurze Zeit.
807 2555 3191 2726 Versuch der Lösung nicht so leicht, als man dachte.
771 2753 3146 2876 Die beiden haben die zwei jungen Leute zerbrochen.
774 2867 3182 3014 Der junge Bursch bringt sich vielleicht um, für die
774 2987 1538 3110 Frau ist es aus.
756 3140 2027 3272 Das junge Mädchen heiratet.
753 3299 1886 3428 Das Ehepaar auseinander.
750 3482 3125 3625 Oder besser: sie reichen sich über die Leichen die
735 3604 3128 3781 Hände, versuchen es aber es zeigt sich, dass es un-
735 3769 1325 3877 möglich ist.
