3464 4248
2669 547 2817 715 14
825 792 1425 949 Dritter Akt.
1871 834 2980 1044 (Vielleicht auf den Kreis /: c....)
766 893 1709 1103 Hamlet und Agathe.
2451 967 3042 1073 Abendfull M.N.
843 1005 2817 1250 Hamlet. Nun siehtst Du, wie alles gut ge-
854 1239 1224 1386 worden.
857 1324 2330 1540 Man liebt sich tausendmal mehr.
878 1466 2732 1667 Morgen castspielreise. die soll ihn begleiten.
869 1620 2152 1830 2. Fritz lässt sich melden
869 1759 2474 1984 Muss ein Wort mi Hamlet sprechen;
881 1927 1635 2149 3. Hamlet Fritz
881 1975 3187 2244 Fritz, Gerüchte. Daisy. Glauben Sie nicht, dass
848 2155 3172 2395 ich skandal mache. Ich ziehe mich einfach zurück.
902 2312 3030 2545 Es wäre ja so begreiflich. Aber nur die Wahr-
860 2554 1135 2729 heit.
913 2596 3175 2856 Hamlet, Zuerst betroffen, findet dann seine Fass-
875 2746 2977 3027 ung, : sie glauben, dass sie Sie nicht liebt?
878 2885 3202 3154 Sie betet Sie an. Er berauscht sich in seiner eige
934 3012 3317 3281 nen Komödianterei. Bek ihn, wie er ihn verstehen gemollt.
952 3222 2359 3450 Fritz geht beglückt vn dannen.
955 3412 1608 3601 Agathe Hamlet
961 3562 1564 3749 Agathe. Nun?
