3172 3672
2598 839 2700 946 1
2053 889 2171 1015 21
343 871 1462 1042 wenn’s erlaubt ist, gern mit Ihnen
1550 942 1951 1026 DR.RAOUL AUERNHEIMER
2254 928 2608 1050 26. S. 1913.
1562 1008 1946 1089 WIEN, III. NEULINGGASSE 13.
361 1007 771 1101 deßen ersuchte.
471 1058 1444 1157 Hofmannsthalb, bei denen wir
350 1123 1437 1204 vorigen Sonntag waren, lassen Sie
353 1183 1419 1268 u. Ihre Frau vielmals grüßen u.
362 1229 1476 1335 wurden sich herzlich freuen. Sie bald
364 1303 1437 1417 zu sehen. - Da es doch immerhin
356 1365 1400 1472 noch nicht ganz sicher ist, ob ich
360 1414 1453 1529 Sie von Mittmach sehen werde, ent¬
1793 1417 2455 1529 Verehrter herr Doctor,
357 1483 1462 1607 ledige ich mich dieses Auftrags lieber
1857 1523 2708 1637 Darf ich die Mittwoch nach
351 1589 571 1686 gleich.
1651 1586 2759 1694 6 h besuchen. Ich habe, aus Sie anfangs
610 1614 1171 1721 Aufrichtig Oer Ihrig.
1660 1661 2748 1753 Juni verreisen u. möchte nicht gerne
1654 1715 2750 1810 um den mir freundlichst bewillig¬
912 1689 1393 1807 Aucunheime
1657 1785 2728 1872 ten Plausch kommen, auf Oen ich
1651 1823 2743 1928 vorige Nach- zu meinem größten
1647 1911 2753 1993 B. Jauern leiter verzichten müßte.
1662 1976 2740 2055 Auch habe ich Ihnen allerhand über
1664 2033 2714 2116 I/be neue Urvelle zu sagen. Die
1666 2078 2730 2186 ich in den letzten Lagen in Ihrem
1660 2136 2664 2241 Auftrag vom Verlag erhielt u.
1655 2208 2680 2307 selbst verständlich gleich in einem
1664 2275 2693 2354 Zug durchgelesen habe. Ich finde
1657 2323 2755 2418 Das Motiv frappant, neu u. eben
1657 2389 2729 2480 so kühn entwickelt als geistreich
1653 2441 2730 2550 gestaltet. Nur der Schluß, dessen
1657 2508 2743 2604 Unerschrockenheit ich anerkennen.
1651 2568 2730 2673 macht mir, wenn ich aufrichtig
1669 2626 2726 2741 sein soll u. Oarf, innerlich nach
1386 2682 1492 2736 le
1669 2690 2746 2809 einige Bekanken. Vorüber ich eben
