4332 3607
815 370 914 469 2
336 427 772 492 DR.RAOUL AUERNHEIMER
953 409 1292 537 22.11.06
312 477 791 547 WIEN, IV. STARHEMBERGASSE 40.
325 520 985 635 Verehrtester Herr Rector,
433 589 1440 689 Director Weisse beginnt sich plötz.
315 653 1427 760 lich stürmisch für meinen "Guten"
330 712 1442 820 König zu interessieren, den er, wie
325 760 1466 857 er mir gestern sagte, noch zur nicht
333 821 1440 916 kennt. Ist Das nicht heibsch? Ein Stück
349 872 1452 959 wind zurückgewiesen ohne daß der Di¬
352 928 1389 1021 Doctor davon erführt. Ich bitte Sie
334 985 1461 1069 über, hievon keine Erweisung zu ma¬
352 1039 1449 1126 chen. Es wurde mir begreiflicherweise
346 1090 1466 1187 nicht angenehm, wenn diese allerliebste
346 1142 1467 1250 kleine Polastintaique in der öffent¬
1686 1881 1845 1971 B 5
1218 1933 1652 1998 DR.RAOUL AUERNHEIMER
1864 1930 2140 2038 18.4.07
1203 1981 1686 2041 WIEN, IV STARHEMDERGASSE 40.
1293 2014 1763 2097 III. Stauling gasse 13.
1198 2049 2322 2131 hoch verehrter Herr, (was nicht ausschließt,
1196 2130 2335 2194 Achs auch Sie für mich ein sehr liebes
1186 2176 2320 2269 Herr sind, aber ich verkeße Sie immer ein¬
1183 2230 2334 2317 mal, ich kann mir nicht selten) ich Den¬
1195 2298 2299 2374 Re Ihnen für Ihren Brief. Wenn Sie an
1189 2352 2322 2437 einem Ker nächsten Teje zu mir kom¬
1186 2420 2325 2507 men wollten, das wieder deizend. Ich
1198 2482 2295 2567 eine täglich bis 12 h zu Hause u. habe
1189 2534 2293 2620 momenten u. in der nächsten Zeit zur
1196 2585 2328 2666 keine teu. Detonsorgen, so Ges Sie mich
1178 2651 2337 2752 denz gewiss nicht stöden. Die Enttäuschung
2113 324 2340 463 31/1
1652 424 2104 486 DR.RAOUL AUERNHEIMER
2296 411 2578 522 5.12.06
1646 474 2113 540 WIEN, IV. STARHEMBERGASSE 40.
1661 516 2755 617 Vedestester Herr Schnitzler, richtig habe
1620 589 2752 694 ich heute Sie etwas zu fragen vergessen,
1625 661 2786 733 was ich Sie schon unlängst fragen woll¬
1622 704 2774 785 te! Nämlich: Wissen Sie in Paris einen
1614 785 2719 871 en kündigen Litteraten von einiger
1623 830 2779 922 Feinfähligkeit, an den ich mich wegen
1617 893 2758 997 einer Übersetzung des „Guten Königs“
1611 950 2750 1025 wenden könnte. Es müßte aber ein
1611 1025 2752 1103 Mtensch sein, der, wenn man ihm ein
1616 1060 2755 1150 Rück im Manusidigt zu lesen gibt, es
1607 1112 2779 1196 nicht nachher selbst schreibt - was peinlich
4075 391 4167 463 i
3702 393 3975 513 15.4.07
3069 447 3516 508 DR.RAOUL AUERNHEIMER
3054 495 3537 556 WIEN, IV. STARHEMBERGASSE 10.
3129 525 3676 626 III. Paulinggasse 13
3012 574 4182 692 Hochredeßter Herr, so eben hab' ich Txx Buch
3039 658 4188 736 aus der Land gelegt, in dem ich ei¬
3029 733 4176 796 sentlich blos blättern wollte. Aber im
3027 776 4180 851 Blättern hab' ich Lust bekommen u. so
3015 832 4173 910 Seb' ich mir das neue Lind“ in einem
3027 889 4180 976 Zuge wieder "Quachgelesen". Und ich mache
3021 944 4211 1039 Die Wesonehmung, das ich in den letzten
3021 1003 4196 1081 Wochen alle Ihre Novellen auf diese Mei¬
3015 1063 4146 1141 se Genetiert habe: Immer fing ich
3009 1117 4214 1193 mit Blüttern an u. hörte mit Lesen auf.
3015 1184 4191 1263 kind jede Dieser feinen subtil jebaufen Er¬
3597 1810 3912 1915 15.4.07
2845 1807 3542 1923 DR.RAOUL AUERNHEIMER
2825 1918 3300 1972 WIEN, W. STARHEMEERGASGE 40.
2819 1969 3937 2035 Feder gelaufen sind, nicht als eine Koitik
2816 2016 3928 2101 sondern als eine schließe Impression bei
2807 2080 3951 2163 Der Lektüre Ister Novellen, die ich Ihnen
2816 2124 3807 2220 so gebe, wie ich sie eingtangen habe.
2926 2187 3915 2275 Es thut mir leid, dass wir unlängst
2828 2224 3937 2314 bei Fr. so wenig miteinander jede Tat
2818 2302 3961 2370 Leben. Eigentlich ging ich nur hin, weil
2806 2367 3960 2450 Schnitzler zugesagt hatte. Und dann wußte
2818 2419 3957 2486 ich Ihnen nichts zu sagen, weil Stöbel u.
2806 2470 3910 2561 Dten schon zwischen u es standen u. die
2807 2519 3945 2596 unvermeidliche Beualität einer Abende
2804 2576 3973 2663 gesellschaft. Es jetzt mir oft so in Gesellschafl.
2807 2617 3952 2696 Mit den einen hat man nichts zu beden, u.
