<?xml version="1.0" encoding="UTF-8" standalone="yes"?>
<PcGts xmlns="http://schema.primaresearch.org/PAGE/gts/pagecontent/2013-07-15" xmlns:xsi="http://www.w3.org/2001/XMLSchema-instance" xsi:schemaLocation="http://schema.primaresearch.org/PAGE/gts/pagecontent/2013-07-15 http://schema.primaresearch.org/PAGE/gts/pagecontent/2013-07-15/pagecontent.xsd">
    <Metadata>
        <Creator>prov=READ-COOP:name=TrHtr:version=2.1.0:model_id=51170:date=24_07_2023_18:34</Creator>
        <Created>2023-04-27T14:52:15.478+02:00</Created>
        <LastChange>2023-07-24T18:34:39.018+02:00</LastChange>
        <TranskribusMetadata docId="1411539" pageId="54767109" pageNr="8" tsid="130560325" status="IN_PROGRESS" userId="64420" imgUrl="https://files.transkribus.eu/Get?id=EBCDOPKFRFMCCSDWMMAHJYOA&amp;fileType=view" xmlUrl="https://files.transkribus.eu/Get?id=BATKSNVAPRKMCDMJZJYXRAYN" imageId="44380364"/>
    </Metadata>
    <Page imageFilename="1411539_0008.jpg" imageWidth="4472" imageHeight="3625">
        <ReadingOrder>
            <OrderedGroup id="ro_1711833294327" caption="Regions reading order">
                <RegionRefIndexed index="0" regionRef="tr_3"/>
                <RegionRefIndexed index="1" regionRef="tr_1"/>
                <RegionRefIndexed index="2" regionRef="tr_2"/>
                <RegionRefIndexed index="3" regionRef="tr_4"/>
            </OrderedGroup>
        </ReadingOrder>
        <TextRegion id="tr_3" custom="readingOrder {index:0;}">
            <Coords points="107,105 1501,105 1501,1046 107,1046"/>
            <TextLine id="tr_3_tl_1" custom="readingOrder {index:0;}">
                <Coords points="221,176 232,174 256,187 277,178 291,182 306,173 321,180 330,169 364,178 386,160 420,165 420,134 397,136 384,126 366,136 343,121 303,124 293,115 271,113 238,130 221,130"/>
                <Baseline points="232,155 277,158 322,158 367,158 412,158 424,161"/>
                <TextEquiv>
                    <Unicode>Sie nicht</Unicode>
                </TextEquiv>
            </TextLine>
            <TextLine id="tr_3_tl_2" custom="readingOrder {index:1;}">
                <Coords points="1220,178 1266,173 1277,182 1286,174 1301,173 1320,182 1322,121 1292,119 1272,137 1260,136 1247,145 1221,141"/>
                <Baseline points="1230,170 1236,170 1280,170 1325,167"/>
                <TextEquiv>
                    <Unicode>Sind</Unicode>
                </TextEquiv>
            </TextLine>
            <TextLine id="tr_3_tl_3" custom="readingOrder {index:2;}">
                <Coords points="115,221 173,230 204,208 258,228 275,215 301,226 355,210 403,230 436,217 471,234 540,223 540,161 468,193 405,169 232,186 206,171 187,180 156,156 115,158"/>
                <Baseline points="125,200 170,203 214,209 259,212 304,209 349,209 394,209 438,209 483,209 528,206 543,206"/>
                <TextEquiv>
                    <Unicode>sich wohl im Lie¬</Unicode>
                </TextEquiv>
            </TextLine>
            <TextLine id="tr_3_tl_4" custom="readingOrder {index:3;}">
                <Coords points="872,219 915,232 967,215 1043,238 1080,221 1229,232 1259,217 1353,251 1427,228 1426,123 1277,182 1212,184 1164,160 1091,189 919,169 871,187"/>
                <Baseline points="880,212 925,212 970,212 1012,212 1018,214 1063,214 1107,214 1152,214 1197,214 1242,217 1286,220 1331,223 1376,220 1421,223 1430,223"/>
                <TextEquiv>
                    <Unicode>machen, Salzkorlschicke</Unicode>
                </TextEquiv>
            </TextLine>
            <TextLine id="tr_3_tl_5" custom="readingOrder {index:4;}">
                <Coords points="97,275 156,264 299,286 334,273 381,282 408,267 499,278 535,267 535,223 523,221 481,241 364,210 321,232 275,215 226,226 206,208 169,228 115,213 97,221"/>
                <Baseline points="107,256 152,256 197,256 241,259 286,259 331,259 376,259 421,259 465,259 510,259 540,259"/>
                <TextEquiv>
                    <Unicode>wir hinkommen.</Unicode>
                </TextEquiv>
            </TextLine>
            <TextLine id="tr_3_tl_6" custom="readingOrder {index:5;}">
                <Coords points="863,288 954,262 984,277 1030,265 1075,290 1143,265 1179,280 1264,267 1312,286 1344,277 1344,241 1262,215 1225,234 1177,223 1114,236 1075,221 1032,241 969,219 928,236 861,221"/>
                <Baseline points="871,262 916,259 961,262 1006,262 1051,262 1095,262 1140,265 1185,265 1230,265 1275,268 1319,271 1349,271"/>
                <TextEquiv>
                    <Unicode>wissen einen Wien</Unicode>
                </TextEquiv>
            </TextLine>
            <TextLine id="tr_3_tl_7" custom="readingOrder {index:6;}">
                <Coords points="923,342 969,316 1023,325 1043,314 1106,323 1168,312 1214,329 1303,330 1301,282 1266,265 1208,267 1190,280 1142,267 1073,290 1032,264 986,277 960,262 921,269"/>
                <Baseline points="931,310 976,310 1021,310 1066,313 1110,313 1155,313 1200,313 1245,313 1289,313 1307,310"/>
                <TextEquiv>
                    <Unicode>Frau an xyz u. Ri¬</Unicode>
                </TextEquiv>
            </TextLine>
            <TextLine id="tr_3_tl_8" custom="readingOrder {index:7;}">
                <Coords points="1002,414 1043,401 1160,449 1177,429 1220,421 1309,440 1292,342 1255,356 1190,321 1125,312 1108,321 1043,314 989,334"/>
                <Baseline points="1003,355 1048,358 1089,364 1119,385 1164,391 1209,391 1254,394 1298,400 1307,403"/>
                <TextEquiv>
                    <Unicode>v/d R.a.</Unicode>
                </TextEquiv>
            </TextLine>
            <TextLine id="tr_3_tl_9" custom="readingOrder {index:8;}">
                <Coords points="1398,666 1418,666 1452,691 1468,698 1479,696 1466,566 1448,572 1422,598 1418,594 1411,598 1401,590 1390,594"/>
                <Baseline points="1406,650 1451,659 1478,656"/>
                <TextEquiv>
                    <Unicode>10</Unicode>
                </TextEquiv>
            </TextLine>
            <TextLine id="tr_3_tl_10" custom="readingOrder {index:9;}">
                <Coords points="1333,715 1355,707 1359,709 1364,704 1379,713 1379,709 1387,711 1392,707 1398,711 1400,707 1407,707 1387,592 1364,594 1355,588 1344,590 1327,603 1312,603"/>
                <Baseline points="1337,677 1382,680 1409,692"/>
                <TextEquiv>
                    <Unicode>be</Unicode>
                </TextEquiv>
            </TextLine>
            <TextLine id="tr_3_tl_11" custom="readingOrder {index:10;}">
                <Coords points="1303,1071 1338,1078 1351,1067 1366,1075 1375,1069 1407,1084 1426,1080 1437,1067 1498,1071 1492,980 1470,976 1453,984 1431,967 1403,973 1381,965 1342,993 1325,978 1296,978"/>
                <Baseline points="1310,1024 1355,1024 1400,1033 1445,1033 1490,1036 1501,1036"/>
                <TextEquiv>
                    <Unicode>Viedv.</Unicode>
                </TextEquiv>
            </TextLine>
        </TextRegion>
        <TextRegion id="tr_1" custom="readingOrder {index:1;}">
            <Coords points="949,1251 3045,1251 3045,3184 949,3184"/>
            <TextLine id="tr_1_tl_1" custom="readingOrder {index:0;}">
                <Coords points="1956,1324 2259,1311 2346,1342 2541,1305 2669,1335 2660,1218 2437,1233 2317,1216 2242,1236 1958,1221"/>
                <Baseline points="1967,1310 2003,1307 2048,1307 2093,1307 2137,1307 2182,1304 2227,1304 2272,1307 2317,1304 2361,1307 2406,1304 2451,1304 2496,1304 2541,1301 2585,1301 2630,1301 2675,1304"/>
                <TextEquiv>
                    <Unicode>ruppe vom Bauplatz des Hotel, Campo di Carlo magne</Unicode>
                </TextEquiv>
            </TextLine>
            <TextLine id="tr_1_tl_2" custom="readingOrder {index:1;}">
                <Coords points="1151,1342 1160,1342 1169,1329 1173,1333 1190,1320 1208,1322 1223,1335 1231,1327 1240,1327 1231,1246 1220,1249 1203,1236 1195,1236 1184,1246 1173,1247 1155,1268 1142,1266"/>
                <Baseline points="1158,1313 1203,1319 1242,1322"/>
                <TextEquiv>
                    <Unicode>...</Unicode>
                </TextEquiv>
            </TextLine>
            <TextLine id="tr_1_tl_3" custom="readingOrder {index:2;}">
                <Coords points="1788,1372 1984,1400 2250,1364 2872,1381 2872,1305 2731,1333 2068,1311 1966,1346 1788,1305"/>
                <Baseline points="1797,1367 1800,1367 1845,1364 1890,1367 1934,1367 1979,1370 2024,1370 2069,1370 2114,1367 2158,1370 2203,1370 2248,1364 2293,1364 2338,1367 2382,1367 2427,1364 2472,1364 2517,1361 2561,1361 2606,1361 2651,1361 2696,1364 2741,1361 2785,1361 2830,1361 2875,1358"/>
                <TextEquiv>
                    <Unicode>Mörd. d. camp. Campohôtel 10.8.09</Unicode>
                </TextEquiv>
            </TextLine>
            <TextLine id="tr_1_tl_4" custom="readingOrder {index:3;}">
                <Coords points="1262,1437 1272,1437 1277,1433 1281,1435 1294,1422 1303,1424 1320,1409 1329,1413 1338,1413 1338,1383 1327,1385 1307,1368 1301,1370 1296,1364 1294,1366 1285,1359 1279,1359 1272,1368 1260,1366"/>
                <Baseline points="1272,1406 1316,1406 1343,1409"/>
                <TextEquiv>
                    <Unicode>be</Unicode>
                </TextEquiv>
            </TextLine>
            <TextLine id="tr_1_tl_5" custom="readingOrder {index:4;}">
                <Coords points="1483,1500 1481,1487 1485,1483 1481,1479 1487,1470 1479,1465 1485,1452 1479,1444 1489,1427 1487,1416 1437,1426 1439,1435 1435,1440 1440,1452 1418,1481 1427,1492 1431,1509"/>
                <Baseline points="1463,1495 1475,1460 1478,1415"/>
                <TextEquiv>
                    <Unicode>gen:</Unicode>
                </TextEquiv>
            </TextLine>
            <TextLine id="tr_1_tl_6" custom="readingOrder {index:5;}">
                <Coords points="1262,1494 1322,1491 1335,1481 1364,1505 1414,1509 1405,1387 1390,1392 1375,1387 1342,1407 1335,1403 1309,1414 1279,1437 1257,1439"/>
                <Baseline points="1272,1484 1316,1481 1361,1484 1406,1495 1421,1498"/>
                <TextEquiv>
                    <Unicode>&amp;a</Unicode>
                </TextEquiv>
            </TextLine>
            <TextLine id="tr_1_tl_7" custom="readingOrder {index:6;}">
                <Coords points="1515,1700 1517,1685 1511,1678 1511,1665 1517,1661 1515,1639 1524,1626 1520,1619 1526,1613 1522,1608 1524,1596 1420,1582 1416,1600 1422,1606 1426,1630 1422,1635 1427,1645 1411,1659 1413,1685"/>
                <Baseline points="1475,1684 1469,1666 1472,1621 1454,1582"/>
                <TextEquiv>
                    <Unicode>zugestellt.</Unicode>
                </TextEquiv>
            </TextLine>
            <TextLine id="tr_1_tl_8" custom="readingOrder {index:7;}">
                <Coords points="1175,1864 1192,1866 1197,1862 1205,1864 1207,1860 1218,1858 1255,1860 1255,1791 1231,1788 1221,1795 1216,1793 1182,1827 1173,1827"/>
                <Baseline points="1183,1858 1230,1854 1257,1860"/>
                <TextEquiv>
                    <Unicode>P3</Unicode>
                </TextEquiv>
            </TextLine>
            <TextLine id="tr_1_tl_9" custom="readingOrder {index:8;}">
                <Coords points="1179,1914 1188,1914 1199,1905 1207,1905 1208,1901 1233,1903 1236,1899 1255,1910 1279,1906 1272,1864 1257,1866 1240,1856 1233,1862 1229,1858 1220,1858 1207,1860 1203,1866 1195,1862 1192,1867 1184,1864 1169,1866"/>
                <Baseline points="1183,1886 1230,1890 1275,1902 1282,1903"/>
                <TextEquiv>
                    <Unicode>F.</Unicode>
                </TextEquiv>
            </TextLine>
            <TextLine id="tr_1_tl_10" custom="readingOrder {index:9;}">
                <Coords points="1160,1947 1171,1945 1181,1951 1188,1940 1203,1947 1218,1943 1231,1953 1259,1960 1268,1960 1275,1951 1299,1951 1292,1905 1251,1910 1236,1899 1216,1899 1207,1901 1199,1912 1181,1912 1168,1906 1153,1910"/>
                <Baseline points="1166,1925 1212,1934 1257,1943 1301,1949 1304,1949"/>
                <TextEquiv>
                    <Unicode>P.S.P.</Unicode>
                </TextEquiv>
            </TextLine>
            <TextLine id="tr_1_tl_11" custom="readingOrder {index:10;}">
                <Coords points="1194,1977 1225,1977 1233,1982 1268,1979 1277,1984 1294,1977 1327,1979 1327,1956 1281,1958 1275,1953 1268,1960 1260,1960 1236,1951 1221,1955 1208,1945 1203,1949 1192,1947"/>
                <Baseline points="1203,1970 1248,1973 1292,1973 1331,1976"/>
                <TextEquiv>
                    <Unicode>Stengel &amp; Co</Unicode>
                </TextEquiv>
            </TextLine>
            <TextLine id="tr_1_tl_12" custom="readingOrder {index:11;}">
                <Coords points="2283,2020 2454,1986 2523,2007 2736,1979 2803,2005 2909,1979 3015,2001 3015,1918 2946,1906 2844,1953 2764,1925 2565,1947 2536,1927 2406,1964 2335,1934 2283,1951"/>
                <Baseline points="2293,1985 2338,1982 2382,1979 2427,1982 2472,1982 2517,1979 2561,1979 2606,1979 2651,1976 2696,1976 2741,1976 2785,1979 2830,1982 2875,1985 2920,1985 2965,1985 3009,1994 3018,1994"/>
                <TextEquiv>
                    <Unicode>Herrlich schon ist.</Unicode>
                </TextEquiv>
            </TextLine>
            <TextLine id="tr_1_tl_13" custom="readingOrder {index:12;}">
                <Coords points="1194,2003 1218,2001 1283,2027 1299,2016 1316,2016 1344,2036 1349,2031 1400,2044 1398,1975 1381,1973 1370,1962 1357,1962 1335,1986 1324,1979 1294,1977 1277,1984 1194,1973"/>
                <Baseline points="1203,1997 1248,1997 1292,2000 1337,2003 1382,2003 1403,1997"/>
                <TextEquiv>
                    <Unicode>Dresden 20714###</Unicode>
                </TextEquiv>
            </TextLine>
            <TextLine id="tr_1_tl_14" custom="readingOrder {index:13;}">
                <Coords points="2200,2060 2814,2023 3015,2046 3016,2001 2898,1979 2807,2005 2653,1984 2486,2010 2450,1988 2376,2018 2200,2025"/>
                <Baseline points="2209,2042 2212,2042 2257,2042 2302,2042 2346,2036 2391,2039 2436,2039 2481,2039 2526,2036 2570,2033 2615,2030 2660,2027 2705,2027 2750,2027 2794,2024 2839,2021 2884,2024 2929,2027 2974,2030 3018,2036"/>
                <TextEquiv>
                    <Unicode>es hier mein hat in</Unicode>
                </TextEquiv>
            </TextLine>
            <TextLine id="tr_1_tl_15" custom="readingOrder {index:14;}">
                <Coords points="2068,2079 2190,2109 2242,2086 2957,2090 2924,2029 2283,2046 2222,2075 2068,2059"/>
                <Baseline points="2078,2075 2123,2084 2167,2087 2212,2090 2257,2084 2302,2084 2346,2087 2391,2087 2436,2087 2481,2087 2526,2084 2570,2081 2615,2078 2660,2078 2705,2075 2750,2075 2794,2075 2839,2072 2884,2072 2929,2075 2959,2078"/>
                <TextEquiv>
                    <Unicode>gar nichts anderem</Unicode>
                </TextEquiv>
            </TextLine>
            <TextLine id="tr_1_tl_16" custom="readingOrder {index:15;}">
                <Coords points="1557,2135 2673,2124 2775,2163 3022,2135 3022,2085 1557,2105"/>
                <Baseline points="1567,2132 1594,2126 1639,2126 1684,2126 1728,2120 1773,2120 1818,2123 1863,2123 1908,2123 1952,2120 1997,2123 2042,2123 2087,2129 2132,2132 2176,2132 2221,2134 2266,2134 2311,2134 2355,2134 2400,2132 2445,2129 2490,2126 2535,2123 2579,2123 2624,2123 2669,2123 2714,2123 2759,2123 2803,2123 2848,2123 2893,2123 2938,2120 2983,2120 3027,2129"/>
                <TextEquiv>
                    <Unicode>Lust als den sammen Tag spazieren in</Unicode>
                </TextEquiv>
            </TextLine>
            <TextLine id="tr_1_tl_17" custom="readingOrder {index:16;}">
                <Coords points="1550,2209 3029,2211 3042,2142 1771,2122 1550,2157"/>
                <Baseline points="1561,2179 1567,2176 1612,2170 1657,2170 1702,2167 1746,2167 1791,2167 1836,2170 1881,2170 1925,2170 1970,2170 2015,2173 2060,2173 2105,2173 2149,2173 2194,2173 2239,2176 2284,2176 2329,2173 2373,2173 2418,2173 2463,2176 2508,2179 2553,2179 2597,2179 2642,2182 2687,2182 2732,2182 2776,2182 2821,2179 2866,2179 2911,2176 2956,2176 3000,2176 3045,2176"/>
                <TextEquiv>
                    <Unicode>gehen. Derselnde mitte aus demleinen</Unicode>
                </TextEquiv>
            </TextLine>
            <TextLine id="tr_1_tl_18" custom="readingOrder {index:17;}">
                <Coords points="1784,2387 2855,2382 2855,2335 2818,2331 2628,2346 2523,2315 2352,2346 2298,2320 2248,2348 2096,2318 2040,2343 1784,2304"/>
                <Baseline points="1794,2373 1839,2367 1884,2367 1928,2367 1973,2364 2018,2364 2063,2364 2108,2367 2152,2367 2197,2367 2242,2370 2287,2367 2332,2367 2376,2367 2421,2367 2466,2367 2511,2367 2556,2367 2600,2367 2645,2370 2690,2367 2735,2367 2779,2367 2824,2367 2860,2367"/>
                <TextEquiv>
                    <Unicode>ich vorige Woche hinaus kommen, em¬</Unicode>
                </TextEquiv>
            </TextLine>
            <TextLine id="tr_1_tl_19" custom="readingOrder {index:18;}">
                <Coords points="1711,2450 2144,2428 2192,2460 2252,2428 2677,2458 2788,2430 2833,2456 2844,2380 1711,2396"/>
                <Baseline points="1722,2433 1728,2433 1773,2436 1818,2430 1863,2430 1908,2427 1952,2427 1997,2427 2042,2424 2087,2424 2132,2424 2176,2424 2221,2427 2266,2427 2311,2427 2355,2427 2400,2427 2445,2427 2490,2427 2535,2427 2579,2427 2624,2427 2669,2427 2714,2424 2759,2424 2803,2424 2848,2424"/>
                <TextEquiv>
                    <Unicode>Das Pfing aber die betrübliche Mitteilung</Unicode>
                </TextEquiv>
            </TextLine>
            <TextLine id="tr_1_tl_20" custom="readingOrder {index:19;}">
                <Coords points="1710,2512 2855,2506 2855,2454 2781,2430 2604,2469 2337,2439 2285,2474 2142,2428 1710,2450"/>
                <Baseline points="1719,2487 1764,2487 1809,2487 1854,2487 1899,2487 1943,2490 1988,2487 2033,2490 2078,2487 2123,2487 2167,2490 2212,2490 2257,2490 2302,2493 2346,2490 2391,2490 2436,2490 2481,2493 2526,2493 2570,2490 2615,2490 2660,2487 2705,2487 2750,2484 2794,2484 2839,2487 2860,2493"/>
                <TextEquiv>
                    <Unicode>Aufs Ihde treu von einer neuen Kin¬</Unicode>
                </TextEquiv>
            </TextLine>
            <TextLine id="tr_1_tl_21" custom="readingOrder {index:20;}">
                <Coords points="989,2502 1021,2521 1119,2500 1169,2526 1229,2502 1257,2519 1327,2515 1348,2536 1388,2519 1491,2539 1492,2454 1444,2478 1390,2450 1374,2465 1351,2454 1264,2484 1223,2467 1173,2480 1097,2448 1064,2461 991,2448"/>
                <Baseline points="1000,2502 1003,2502 1048,2502 1092,2499 1137,2499 1182,2499 1227,2496 1272,2499 1316,2499 1361,2493 1406,2493 1451,2493 1495,2496"/>
                <TextEquiv>
                    <Unicode>gehrten Frau. Ihr er-</Unicode>
                </TextEquiv>
            </TextLine>
            <TextLine id="tr_1_tl_22" custom="readingOrder {index:21;}">
                <Coords points="1710,2562 1804,2591 1884,2556 2391,2558 2549,2595 2614,2560 2849,2571 2849,2519 2809,2513 1710,2517"/>
                <Baseline points="1719,2556 1764,2550 1809,2547 1854,2550 1899,2553 1943,2550 1988,2550 2033,2550 2078,2550 2123,2550 2167,2553 2212,2553 2257,2556 2302,2556 2346,2556 2391,2556 2436,2556 2481,2556 2526,2556 2570,2556 2615,2556 2660,2556 2705,2556 2750,2556 2794,2556 2839,2556 2854,2556"/>
                <TextEquiv>
                    <Unicode>Kerkrankheit befallen sei, u. nahm</Unicode>
                </TextEquiv>
            </TextLine>
            <TextLine id="tr_1_tl_23" custom="readingOrder {index:22;}">
                <Coords points="939,2601 1056,2599 1078,2578 1116,2584 1225,2562 1292,2573 1377,2556 1379,2528 1348,2534 1327,2515 1259,2519 1199,2504 1171,2526 1110,2523 1073,2502 1021,2523 997,2502 941,2512"/>
                <Baseline points="949,2561 979,2561 1024,2558 1068,2558 1113,2558 1158,2556 1203,2553 1248,2553 1292,2553 1337,2553 1382,2556"/>
                <TextEquiv>
                    <Unicode>R. Anamheim</Unicode>
                </TextEquiv>
            </TextLine>
            <TextLine id="tr_1_tl_24" custom="readingOrder {index:23;}">
                <Coords points="1697,2591 1812,2627 2357,2619 2478,2653 2599,2615 2855,2628 2833,2567 2549,2595 2408,2556 2298,2589 2047,2565 1992,2595 1697,2558"/>
                <Baseline points="1707,2588 1752,2600 1797,2609 1842,2612 1887,2612 1931,2615 1976,2612 2021,2612 2066,2612 2111,2609 2155,2609 2200,2612 2245,2615 2290,2615 2335,2615 2379,2612 2424,2615 2469,2615 2514,2615 2558,2615 2603,2615 2648,2618 2693,2618 2738,2615 2782,2618 2827,2618 2857,2621"/>
                <TextEquiv>
                    <Unicode>zu geben an, dass mein Besuch unter sol¬</Unicode>
                </TextEquiv>
            </TextLine>
            <TextLine id="tr_1_tl_25" custom="readingOrder {index:24;}">
                <Coords points="1758,2703 1877,2675 2344,2708 2404,2679 2647,2723 2718,2682 2829,2699 2859,2632 2242,2656 2111,2621 1905,2651 1756,2615"/>
                <Baseline points="1767,2651 1812,2666 1857,2672 1902,2672 1946,2672 1991,2672 2036,2672 2081,2675 2126,2672 2170,2675 2215,2675 2260,2675 2305,2678 2349,2678 2394,2678 2439,2678 2484,2678 2529,2681 2573,2681 2618,2681 2663,2684 2708,2681 2753,2681 2797,2678 2842,2681 2863,2678"/>
                <TextEquiv>
                    <Unicode>ohne verstücken nicht erwünscht würde.</Unicode>
                </TextEquiv>
            </TextLine>
            <TextLine id="tr_1_tl_26" custom="readingOrder {index:25;}">
                <Coords points="1706,2716 1995,2762 2781,2768 2781,2708 2729,2699 2640,2727 2447,2686 2343,2725 2259,2688 2094,2718 1999,2677 1884,2710 1704,2679"/>
                <Baseline points="1716,2714 1761,2726 1806,2732 1851,2735 1896,2735 1940,2735 1985,2738 2030,2735 2075,2735 2120,2738 2164,2738 2209,2741 2254,2741 2299,2741 2344,2744 2388,2744 2433,2741 2478,2744 2523,2744 2567,2747 2612,2747 2657,2750 2702,2744 2747,2744 2785,2747"/>
                <TextEquiv>
                    <Unicode>Wenn Sie erlauben, komme ich</Unicode>
                </TextEquiv>
            </TextLine>
            <TextLine id="tr_1_tl_27" custom="readingOrder {index:26;}">
                <Coords points="1721,2814 2870,2822 2870,2781 2708,2751 2647,2796 2424,2749 2016,2779 1797,2745 1721,2784"/>
                <Baseline points="1731,2797 1776,2797 1821,2797 1866,2797 1911,2800 1955,2800 2000,2800 2045,2803 2090,2803 2134,2806 2179,2806 2224,2806 2269,2806 2314,2806 2358,2809 2403,2806 2448,2806 2493,2809 2538,2809 2582,2809 2627,2812 2672,2809 2717,2809 2762,2809 2806,2809 2851,2809 2872,2809"/>
                <TextEquiv>
                    <Unicode>Dienstag um ½ 7 zu Ihnen. Sollten</Unicode>
                </TextEquiv>
            </TextLine>
            <TextLine id="tr_1_tl_28" custom="readingOrder {index:27;}">
                <Coords points="1708,2912 1806,2868 2020,2864 2370,2894 2745,2866 2860,2901 2859,2820 1706,2820"/>
                <Baseline points="1716,2860 1761,2860 1806,2857 1851,2860 1896,2860 1940,2860 1985,2860 2030,2860 2075,2860 2120,2863 2164,2863 2209,2863 2254,2863 2299,2863 2344,2866 2388,2866 2433,2863 2478,2866 2523,2866 2567,2866 2612,2869 2657,2869 2702,2866 2747,2866 2791,2866 2836,2866 2863,2869"/>
                <TextEquiv>
                    <Unicode>Sie verhindert seien, so sehe ich Sie wohl</Unicode>
                </TextEquiv>
            </TextLine>
            <TextLine id="tr_1_tl_29" custom="readingOrder {index:28;}">
                <Coords points="1739,2959 1879,2929 2820,2950 2844,2890 2253,2868 2125,2899 2038,2864 1739,2898"/>
                <Baseline points="1750,2924 1797,2923 1842,2923 1887,2923 1931,2923 1976,2923 2021,2923 2066,2926 2111,2926 2155,2929 2200,2926 2245,2926 2290,2926 2335,2926 2379,2926 2424,2926 2469,2929 2514,2929 2558,2926 2603,2929 2648,2929 2693,2929 2738,2929 2782,2929 2827,2929 2848,2926"/>
                <TextEquiv>
                    <Unicode>bei Aar Reinhardt vorstellungen. Im</Unicode>
                </TextEquiv>
            </TextLine>
            <TextLine id="tr_1_tl_30" custom="readingOrder {index:29;}">
                <Coords points="1741,3007 2222,2987 2846,3018 2846,2950 2732,2931 2658,2976 2289,2927 1741,2961"/>
                <Baseline points="1752,2980 1797,2980 1842,2983 1887,2983 1931,2983 1976,2983 2021,2985 2066,2985 2111,2985 2155,2985 2200,2985 2245,2985 2290,2985 2335,2985 2379,2985 2424,2988 2469,2988 2514,2991 2558,2994 2603,2994 2648,2994 2693,2994 2738,2991 2782,2994 2827,2997 2851,2997"/>
                <TextEquiv>
                    <Unicode>zustimmenken Tell. erschweren Sie sich</Unicode>
                </TextEquiv>
            </TextLine>
            <TextLine id="tr_1_tl_31" custom="readingOrder {index:30;}">
                <Coords points="1736,3068 2816,3063 2816,3020 2753,3002 1736,3013"/>
                <Baseline points="1746,3048 1791,3048 1836,3048 1881,3048 1925,3051 1970,3051 2015,3048 2060,3048 2105,3048 2149,3048 2194,3048 2239,3045 2284,3045 2329,3048 2373,3048 2418,3048 2463,3048 2508,3048 2553,3048 2597,3048 2642,3048 2687,3048 2732,3048 2776,3051 2821,3054"/>
                <TextEquiv>
                    <Unicode>Ritte, diesmal u. auch künftig Ai¬</Unicode>
                </TextEquiv>
            </TextLine>
            <TextLine id="tr_1_tl_32" custom="readingOrder {index:31;}">
                <Coords points="1739,3152 1827,3109 2818,3122 2851,3113 2851,3061 1739,3074"/>
                <Baseline points="1749,3108 1794,3105 1839,3108 1884,3108 1928,3108 1973,3108 2018,3105 2063,3108 2108,3105 2152,3105 2197,3105 2242,3102 2287,3102 2332,3105 2376,3105 2421,3105 2466,3105 2511,3105 2556,3108 2600,3108 2645,3111 2690,3111 2735,3108 2779,3108 2824,3108 2854,3111"/>
                <TextEquiv>
                    <Unicode>entwort: Wenn Sie mir nicht schreiben.</Unicode>
                </TextEquiv>
            </TextLine>
            <TextLine id="tr_1_tl_33" custom="readingOrder {index:32;}">
                <Coords points="1736,3185 2838,3182 2853,3126 1736,3128"/>
                <Baseline points="1746,3156 1791,3159 1836,3159 1881,3159 1925,3159 1970,3162 2015,3162 2060,3162 2105,3162 2149,3162 2194,3162 2239,3159 2284,3159 2329,3159 2373,3162 2418,3165 2463,3165 2508,3165 2553,3165 2597,3165 2642,3165 2687,3168 2732,3171 2776,3171 2821,3174 2857,3174"/>
                <TextEquiv>
                    <Unicode>so komme ich. Herzlich ergeben Ihr R.A.</Unicode>
                </TextEquiv>
            </TextLine>
        </TextRegion>
        <TextRegion id="tr_2" custom="readingOrder {index:2;}">
            <Coords points="3218,257 4356,257 4356,2070 3218,2070"/>
            <TextLine id="tr_2_tl_1" custom="readingOrder {index:0;}">
                <Coords points="3235,312 3579,351 3631,321 3766,355 4323,355 4321,297 4288,291 3629,265 3571,295 3495,254 3401,299 3235,275"/>
                <Baseline points="3245,307 3290,310 3335,310 3380,313 3424,316 3469,319 3514,319 3559,316 3604,319 3648,322 3693,322 3738,325 3783,331 3828,334 3872,337 3917,334 3962,337 4007,343 4051,346 4096,346 4141,346 4186,343 4231,343 4275,346 4320,352 4326,349"/>
                <TextEquiv>
                    <Unicode>Wiener samlet (so fest’ zu ihn auf)</Unicode>
                </TextEquiv>
            </TextLine>
            <TextLine id="tr_2_tl_2" custom="readingOrder {index:1;}">
                <Coords points="3226,394 4316,421 4314,371 4251,356 3224,327"/>
                <Baseline points="3236,373 3281,373 3326,373 3371,376 3415,379 3460,379 3505,379 3550,379 3595,382 3639,382 3684,385 3729,385 3774,388 3819,391 3863,391 3908,394 3953,394 3998,397 4043,397 4087,397 4132,400 4177,400 4222,406 4266,406 4311,409 4320,412"/>
                <TextEquiv>
                    <Unicode>hat mich im Lesen werkwürdig er¬</Unicode>
                </TextEquiv>
            </TextLine>
            <TextLine id="tr_2_tl_3" custom="readingOrder {index:2;}">
                <Coords points="3248,473 3958,460 4203,492 4306,479 4305,418 3972,444 3872,397 3789,436 3685,395 3555,420 3312,377 3245,395"/>
                <Baseline points="3257,438 3302,438 3347,438 3392,441 3436,444 3481,444 3526,447 3571,447 3616,450 3660,450 3705,450 3750,453 3795,453 3839,456 3884,459 3929,459 3974,462 4019,465 4063,465 4108,465 4153,468 4198,468 4243,468 4287,471 4311,471"/>
                <TextEquiv>
                    <Unicode>dagt u. ergriffen. Eine Heine Gestalt</Unicode>
                </TextEquiv>
            </TextLine>
            <TextLine id="tr_2_tl_4" custom="readingOrder {index:3;}">
                <Coords points="3235,505 4295,555 4292,481 4258,475 3235,477"/>
                <Baseline points="3245,492 3290,498 3335,501 3380,504 3424,504 3469,507 3514,507 3559,510 3604,513 3648,513 3693,516 3738,516 3783,519 3828,519 3872,522 3917,525 3962,522 4007,525 4051,528 4096,528 4141,531 4186,531 4231,531 4275,537 4296,537"/>
                <TextEquiv>
                    <Unicode>in eine interessante Zeit gestellte,</Unicode>
                </TextEquiv>
            </TextLine>
            <TextLine id="tr_2_tl_5" custom="readingOrder {index:4;}">
                <Coords points="3228,592 3338,568 3679,613 3824,583 4323,614 4292,544 4093,566 3889,523 3818,557 3662,522 3609,551 3371,548 3224,497"/>
                <Baseline points="3236,558 3281,561 3326,564 3371,567 3415,567 3460,570 3505,570 3550,570 3595,573 3639,573 3684,579 3729,579 3774,579 3819,579 3863,582 3908,582 3953,582 3998,588 4043,591 4087,591 4132,594 4177,594 4222,597 4266,597 4311,600 4326,603"/>
                <TextEquiv>
                    <Unicode>Aerne meinigtach. Interessen die Künste</Unicode>
                </TextEquiv>
            </TextLine>
            <TextLine id="tr_2_tl_6" custom="readingOrder {index:5;}">
                <Coords points="3237,640 3681,644 3824,685 3920,642 4000,676 4034,652 4325,679 4323,614 4253,605 3709,588 3674,622 3568,587 3235,585"/>
                <Baseline points="3248,627 3293,630 3338,630 3383,630 3427,633 3472,633 3517,636 3562,636 3607,636 3651,639 3696,639 3741,641 3786,641 3831,641 3875,641 3920,644 3965,644 4010,647 4054,653 4099,653 4144,653 4189,653 4234,653 4278,656 4323,659 4329,662"/>
                <TextEquiv>
                    <Unicode>voll mit Dein Schicksal Der Hauptfizung</Unicode>
                </TextEquiv>
            </TextLine>
            <TextLine id="tr_2_tl_7" custom="readingOrder {index:6;}">
                <Coords points="3221,713 4277,724 4275,679 4197,666 4130,694 3913,652 3852,689 3722,659 3588,685 3516,640 3219,644"/>
                <Baseline points="3230,695 3275,692 3320,692 3365,695 3410,695 3454,695 3499,695 3544,695 3589,698 3633,701 3678,701 3723,704 3768,704 3813,704 3857,704 3902,707 3947,707 3992,713 4037,713 4081,713 4126,713 4171,716 4216,716 4261,716 4281,719"/>
                <TextEquiv>
                    <Unicode>zu verweben wissen. Mag sein, als</Unicode>
                </TextEquiv>
            </TextLine>
            <TextLine id="tr_2_tl_8" custom="readingOrder {index:7;}">
                <Coords points="3232,770 4318,791 4316,742 4269,724 4108,750 4006,715 3937,750 3774,709 3714,739 3646,709 3560,735 3495,705 3230,711"/>
                <Baseline points="3242,746 3287,752 3332,752 3377,752 3421,755 3466,755 3511,758 3556,758 3601,761 3645,761 3690,758 3735,761 3780,761 3825,761 3869,764 3914,764 3959,767 4004,770 4049,770 4093,773 4138,776 4183,776 4228,779 4272,779 4317,779 4320,779"/>
                <TextEquiv>
                    <Unicode>Das Gab Gewebe für die Journalbühne</Unicode>
                </TextEquiv>
            </TextLine>
            <TextLine id="tr_2_tl_9" custom="readingOrder {index:8;}">
                <Coords points="3209,832 3818,824 4316,861 4314,804 4076,778 3805,796 3688,765 3560,804 3460,767 3336,789 3206,761"/>
                <Baseline points="3218,809 3263,806 3308,809 3353,815 3398,815 3442,815 3487,818 3532,818 3577,818 3622,818 3666,818 3711,818 3756,818 3801,818 3845,821 3890,821 3935,824 3980,830 4025,830 4069,833 4114,833 4159,836 4204,836 4249,842 4293,848 4320,851"/>
                <TextEquiv>
                    <Unicode>ein wenig zu romanhaft – breit ge¬</Unicode>
                </TextEquiv>
            </TextLine>
            <TextLine id="tr_2_tl_10" custom="readingOrder {index:9;}">
                <Coords points="3221,865 4297,917 4295,863 4210,846 4093,876 4041,841 3868,854 3768,822 3707,858 3622,822 3401,858 3221,835"/>
                <Baseline points="3230,865 3275,865 3320,871 3365,874 3410,874 3454,874 3499,874 3544,871 3589,871 3633,874 3678,874 3723,874 3768,877 3813,880 3857,883 3902,883 3947,886 3992,889 4037,889 4081,892 4126,892 4171,892 4216,895 4261,895 4302,895"/>
                <TextEquiv>
                    <Unicode>raten ist: Eine Dichtung von Gohnen</Unicode>
                </TextEquiv>
            </TextLine>
            <TextLine id="tr_2_tl_11" custom="readingOrder {index:10;}">
                <Coords points="3208,939 3341,963 3469,939 3557,975 3629,941 3837,967 3958,943 4024,980 4115,950 4294,986 4273,906 4193,930 4113,900 3206,884"/>
                <Baseline points="3218,922 3263,925 3308,931 3353,934 3398,934 3442,934 3487,931 3532,934 3577,934 3622,937 3666,937 3711,937 3756,934 3801,937 3845,940 3890,940 3935,943 3980,943 4025,946 4069,949 4114,952 4159,952 4204,952 4249,955 4293,961 4299,964"/>
                <TextEquiv>
                    <Unicode>Reiz ist es jedenfalls, die Ihnen An ge¬</Unicode>
                </TextEquiv>
            </TextLine>
            <TextLine id="tr_2_tl_12" custom="readingOrder {index:11;}">
                <Coords points="3221,1004 4316,1027 4314,986 4115,950 4026,980 3753,947 3557,975 3464,939 3221,954"/>
                <Baseline points="3230,985 3275,988 3320,988 3365,991 3410,991 3454,991 3499,991 3544,991 3589,991 3633,994 3678,994 3723,994 3768,994 3813,1000 3857,997 3902,997 3947,1000 3992,1003 4037,1003 4081,1003 4126,1003 4171,1006 4216,1006 4261,1006 4305,1012 4320,1012"/>
                <TextEquiv>
                    <Unicode>glückt ist, ein Kunstwerk von einer</Unicode>
                </TextEquiv>
            </TextLine>
            <TextLine id="tr_2_tl_13" custom="readingOrder {index:12;}">
                <Coords points="3213,1056 4314,1080 4292,1017 3917,1034 3679,993 3622,1032 3213,1017"/>
                <Baseline points="3224,1042 3269,1042 3314,1042 3359,1042 3404,1042 3448,1042 3493,1048 3538,1048 3583,1051 3627,1048 3672,1051 3717,1048 3762,1048 3807,1051 3851,1051 3896,1051 3941,1051 3986,1051 4031,1054 4075,1054 4120,1057 4165,1057 4210,1057 4255,1057 4299,1060 4317,1060"/>
                <TextEquiv>
                    <Unicode>eigenwilligen Schwänheit, für das Ihnen</Unicode>
                </TextEquiv>
            </TextLine>
            <TextLine id="tr_2_tl_14" custom="readingOrder {index:13;}">
                <Coords points="3217,1090 3505,1117 3935,1095 4321,1138 4319,1082 4214,1060 4119,1086 4032,1056 3885,1080 3217,1058"/>
                <Baseline points="3227,1083 3272,1083 3317,1083 3362,1086 3407,1089 3451,1089 3496,1092 3541,1092 3586,1092 3630,1092 3675,1092 3720,1092 3765,1092 3810,1092 3854,1095 3899,1092 3944,1095 3989,1095 4034,1095 4078,1098 4123,1101 4168,1104 4213,1107 4258,1110 4302,1113 4323,1113"/>
                <TextEquiv>
                    <Unicode>wieder Tausende Danken werden. - Frezlich</Unicode>
                </TextEquiv>
            </TextLine>
            <TextLine id="tr_2_tl_15" custom="readingOrder {index:14;}">
                <Coords points="3213,1132 3256,1123 3284,1134 3365,1129 3425,1136 3423,1103 3395,1093 3378,1103 3352,1088 3330,1103 3317,1095 3284,1103 3273,1093 3211,1099"/>
                <Baseline points="3221,1125 3266,1122 3311,1125 3356,1125 3401,1125 3430,1131"/>
                <TextEquiv>
                    <Unicode>ergeben.</Unicode>
                </TextEquiv>
            </TextLine>
            <TextLine id="tr_2_tl_16" custom="readingOrder {index:15;}">
                <Coords points="3495,1181 3627,1186 3662,1162 3720,1182 3809,1158 3945,1182 3993,1164 4134,1181 4134,1116 4087,1104 4056,1119 3759,1095 3495,1116"/>
                <Baseline points="3505,1134 3550,1131 3595,1131 3639,1131 3684,1131 3729,1131 3774,1131 3819,1134 3863,1134 3908,1134 3953,1137 3998,1137 4043,1140 4087,1140 4132,1146 4138,1149"/>
                <TextEquiv>
                    <Unicode>Daane Anernheimer</Unicode>
                </TextEquiv>
            </TextLine>
            <TextLine id="tr_2_tl_17" custom="readingOrder {index:16;}">
                <Coords points="3237,1377 3441,1392 3950,1349 4154,1377 4286,1357 4288,1298 3945,1320 3881,1286 3581,1327 3373,1290 3239,1307"/>
                <Baseline points="3248,1361 3260,1361 3305,1358 3350,1358 3395,1355 3439,1355 3484,1355 3529,1355 3574,1352 3619,1352 3663,1352 3708,1352 3753,1352 3798,1355 3842,1352 3887,1352 3932,1352 3977,1352 4022,1349 4066,1352 4111,1349 4156,1349 4201,1346 4246,1346 4290,1346"/>
                <TextEquiv>
                    <Unicode>nicht stört. Sollten die an diesem</Unicode>
                </TextEquiv>
            </TextLine>
            <TextLine id="tr_2_tl_18" custom="readingOrder {index:17;}">
                <Coords points="3256,1422 3349,1453 3549,1418 4327,1420 4327,1368 4279,1355 3906,1364 3848,1401 3486,1368 3395,1411 3258,1364"/>
                <Baseline points="3266,1418 3302,1424 3347,1424 3392,1424 3436,1421 3481,1418 3526,1415 3571,1418 3616,1415 3660,1415 3705,1415 3750,1415 3795,1415 3839,1418 3884,1418 3929,1415 3974,1415 4019,1412 4063,1409 4108,1409 4153,1403 4198,1403 4243,1400 4287,1403 4332,1406"/>
                <TextEquiv>
                    <Unicode>Tage nicht frei sein, so haben Sie viel</Unicode>
                </TextEquiv>
            </TextLine>
            <TextLine id="tr_2_tl_19" custom="readingOrder {index:18;}">
                <Coords points="3252,1491 3360,1522 3425,1487 3547,1518 3627,1485 4325,1481 4325,1424 4268,1409 4206,1452 4102,1424 3746,1466 3570,1429 3254,1448"/>
                <Baseline points="3263,1487 3299,1487 3344,1487 3389,1487 3433,1484 3478,1481 3523,1481 3568,1481 3613,1481 3657,1481 3702,1481 3747,1478 3792,1475 3837,1475 3881,1475 3926,1475 3971,1475 4016,1472 4060,1472 4105,1469 4150,1466 4195,1463 4240,1460 4284,1460 4329,1466"/>
                <TextEquiv>
                    <Unicode>leicht die Güte, mir selbst zu be¬</Unicode>
                </TextEquiv>
            </TextLine>
            <TextLine id="tr_2_tl_20" custom="readingOrder {index:19;}">
                <Coords points="3252,1587 3635,1548 4314,1550 4332,1487 4219,1468 4132,1509 3933,1487 3384,1528 3254,1500"/>
                <Baseline points="3263,1555 3305,1555 3350,1552 3395,1552 3439,1549 3484,1546 3529,1546 3574,1546 3619,1546 3663,1543 3708,1543 3753,1540 3798,1540 3842,1537 3887,1537 3932,1534 3977,1534 4022,1531 4066,1531 4111,1528 4156,1528 4201,1525 4246,1522 4290,1522 4335,1525"/>
                <TextEquiv>
                    <Unicode>stimmen, wenn ich kommen Dorf</Unicode>
                </TextEquiv>
            </TextLine>
            <TextLine id="tr_2_tl_21" custom="readingOrder {index:20;}">
                <Coords points="3241,1650 4308,1604 4332,1556 3243,1587"/>
                <Baseline points="3254,1618 3263,1621 3308,1621 3353,1621 3398,1621 3442,1618 3487,1618 3532,1615 3577,1618 3622,1615 3666,1615 3711,1612 3756,1609 3801,1609 3845,1606 3890,1603 3935,1600 3980,1600 4025,1597 4069,1594 4114,1594 4159,1591 4204,1591 4249,1588 4293,1588 4338,1591"/>
                <TextEquiv>
                    <Unicode>(um dieselbe Zeit u. an einem be¬</Unicode>
                </TextEquiv>
            </TextLine>
            <TextLine id="tr_2_tl_22" custom="readingOrder {index:21;}">
                <Coords points="3250,1702 3618,1713 4149,1656 4277,1687 4336,1671 4340,1602 4004,1596 3848,1652 3781,1613 3640,1652 3570,1626 3493,1658 3252,1650"/>
                <Baseline points="3260,1687 3266,1687 3311,1687 3356,1687 3401,1687 3445,1687 3490,1687 3535,1684 3580,1684 3625,1681 3669,1678 3714,1675 3759,1675 3804,1675 3848,1669 3893,1666 3938,1663 3983,1660 4028,1660 4072,1657 4117,1657 4162,1654 4207,1654 4252,1657 4296,1654 4341,1657"/>
                <TextEquiv>
                    <Unicode>liebigen Tage). Den Zustimmungs¬</Unicode>
                </TextEquiv>
            </TextLine>
            <TextLine id="tr_2_tl_23" custom="readingOrder {index:22;}">
                <Coords points="3254,1789 3399,1756 3735,1773 3868,1737 3974,1767 4128,1728 4349,1760 4351,1678 3857,1674 3774,1711 3499,1728 3256,1711"/>
                <Baseline points="3266,1752 3281,1752 3326,1755 3371,1755 3415,1755 3460,1752 3505,1749 3550,1749 3595,1749 3639,1746 3684,1743 3729,1740 3774,1737 3819,1737 3863,1737 3908,1734 3953,1731 3998,1731 4043,1728 4087,1728 4132,1725 4177,1725 4222,1725 4266,1725 4311,1725 4356,1722"/>
                <TextEquiv>
                    <Unicode>fall - geneigt ein einfaches Ja auf</Unicode>
                </TextEquiv>
            </TextLine>
            <TextLine id="tr_2_tl_24" custom="readingOrder {index:23;}">
                <Coords points="3252,1849 3573,1817 3668,1841 3794,1815 3920,1834 3978,1808 4097,1830 4112,1776 3998,1752 3891,1786 3807,1750 3622,1786 3510,1762 3466,1791 3254,1789"/>
                <Baseline points="3263,1821 3266,1821 3311,1821 3356,1821 3401,1821 3445,1821 3490,1818 3535,1815 3580,1815 3625,1812 3669,1812 3714,1812 3759,1812 3804,1809 3848,1809 3893,1809 3938,1806 3983,1803 4028,1803 4072,1803 4117,1800"/>
                <TextEquiv>
                    <Unicode>einer CarresponRengkerte.</Unicode>
                </TextEquiv>
            </TextLine>
            <TextLine id="tr_2_tl_25" custom="readingOrder {index:24;}">
                <Coords points="3349,1899 4305,1888 4306,1823 4191,1801 4017,1849 3809,1817 3620,1843 3351,1828"/>
                <Baseline points="3359,1881 3371,1878 3415,1881 3460,1878 3505,1878 3550,1878 3595,1878 3639,1878 3684,1881 3729,1878 3774,1875 3819,1872 3863,1872 3908,1872 3953,1872 3998,1869 4043,1869 4087,1869 4132,1866 4177,1866 4222,1866 4266,1863 4311,1866"/>
                <TextEquiv>
                    <Unicode>Mit herzlichen Grüßen von Haus</Unicode>
                </TextEquiv>
            </TextLine>
            <TextLine id="tr_2_tl_26" custom="readingOrder {index:25;}">
                <Coords points="3235,1975 3610,1940 3789,1969 3965,1932 4180,1979 4295,1966 4297,1895 3700,1886 3583,1927 3397,1884 3237,1914"/>
                <Baseline points="3245,1955 3272,1952 3317,1949 3362,1946 3407,1946 3451,1943 3496,1943 3541,1943 3586,1943 3630,1940 3675,1937 3720,1937 3765,1934 3810,1934 3854,1934 3899,1931 3944,1931 3989,1931 4034,1931 4078,1931 4123,1931 4168,1931 4213,1928 4258,1931 4302,1925"/>
                <TextEquiv>
                    <Unicode>zu Haus in aufrichtiger Vernehrung</Unicode>
                </TextEquiv>
            </TextLine>
            <TextLine id="tr_2_tl_27" custom="readingOrder {index:26;}">
                <Coords points="3857,2107 3943,2090 3963,2099 4015,2086 4039,2098 4061,2083 4078,2094 4128,2085 4125,1999 4106,2005 4045,1973 4015,1984 3982,1960 3961,1981 3932,1969 3893,1997 3868,1982 3852,1984"/>
                <Baseline points="3866,2048 3911,2048 3956,2048 4001,2051 4046,2051 4090,2057 4132,2060"/>
                <TextEquiv>
                    <Unicode>xx</Unicode>
                </TextEquiv>
            </TextLine>
        </TextRegion>
        <TextRegion id="tr_4" custom="readingOrder {index:3;}">
            <Coords points="3212,2377 4308,2377 4308,3243 3212,3243"/>
            <TextLine id="tr_4_tl_1" custom="readingOrder {index:0;}">
                <Coords points="3202,2445 4201,2445 4284,2493 4305,2402 4032,2415 3971,2387 3915,2417 3820,2389 3763,2419 3449,2382 3410,2417 3273,2374 3200,2406"/>
                <Baseline points="3212,2430 3257,2427 3302,2427 3347,2430 3392,2430 3436,2433 3481,2433 3526,2436 3571,2436 3616,2436 3660,2439 3705,2442 3750,2442 3795,2439 3839,2442 3884,2439 3929,2442 3974,2442 4019,2442 4063,2442 4108,2442 4153,2442 4198,2445 4243,2445 4287,2448 4308,2451"/>
                <TextEquiv>
                    <Unicode>u. Ri. Hoffnungen Ister freunde Ruech¬</Unicode>
                </TextEquiv>
            </TextLine>
            <TextLine id="tr_4_tl_2" custom="readingOrder {index:1;}">
                <Coords points="3221,2504 4262,2515 4260,2461 4201,2447 3742,2476 3284,2437 3219,2467"/>
                <Baseline points="3230,2487 3275,2487 3320,2487 3365,2490 3410,2493 3454,2493 3499,2493 3544,2493 3589,2490 3633,2493 3678,2493 3723,2496 3768,2496 3813,2493 3857,2496 3902,2496 3947,2496 3992,2496 4037,2496 4081,2496 4126,2499 4171,2499 4216,2505 4261,2505 4266,2505"/>
                <TextEquiv>
                    <Unicode>aus theile. Näher auf die Dichtung</Unicode>
                </TextEquiv>
            </TextLine>
            <TextLine id="tr_4_tl_3" custom="readingOrder {index:2;}">
                <Coords points="3208,2580 3581,2550 4182,2588 4273,2571 4273,2515 4145,2541 4073,2513 3362,2526 3269,2500 3208,2532"/>
                <Baseline points="3218,2547 3263,2544 3308,2544 3353,2547 3398,2547 3442,2550 3487,2550 3532,2550 3577,2550 3622,2550 3666,2553 3711,2553 3756,2553 3801,2553 3845,2553 3890,2553 3935,2556 3980,2556 4025,2556 4069,2556 4114,2558 4159,2558 4204,2558 4249,2558 4278,2558"/>
                <TextEquiv>
                    <Unicode>einzugehen vertietet mir der Mü¬</Unicode>
                </TextEquiv>
            </TextLine>
            <TextLine id="tr_4_tl_4" custom="readingOrder {index:3;}">
                <Coords points="3213,2625 3911,2614 4119,2645 4294,2628 4294,2571 3213,2576"/>
                <Baseline points="3224,2606 3269,2606 3314,2609 3359,2612 3404,2609 3448,2606 3493,2606 3538,2606 3583,2606 3627,2606 3672,2606 3717,2609 3762,2609 3807,2609 3851,2606 3896,2609 3941,2609 3986,2609 4031,2609 4075,2609 4120,2612 4165,2615 4210,2615 4255,2612 4299,2609 4302,2606"/>
                <TextEquiv>
                    <Unicode>fang dieser Knate u. Rie Rücksicht auf</Unicode>
                </TextEquiv>
            </TextLine>
            <TextLine id="tr_4_tl_5" custom="readingOrder {index:4;}">
                <Coords points="3221,2679 4282,2684 4282,2636 3958,2640 3893,2612 3221,2630"/>
                <Baseline points="3230,2666 3275,2669 3320,2672 3365,2669 3410,2669 3454,2666 3499,2669 3544,2666 3589,2666 3633,2669 3678,2669 3723,2669 3768,2669 3813,2672 3857,2672 3902,2672 3947,2669 3992,2669 4037,2672 4081,2675 4126,2675 4171,2675 4216,2675 4261,2672 4287,2672"/>
                <TextEquiv>
                    <Unicode>Ihre Zeit. Ich hoffe, das bei Gelegenheit,</Unicode>
                </TextEquiv>
            </TextLine>
            <TextLine id="tr_4_tl_6" custom="readingOrder {index:5;}">
                <Coords points="3213,2738 3557,2745 3638,2716 3731,2749 4273,2747 4271,2690 4203,2679 4099,2710 3928,2673 3874,2699 3584,2673 3518,2705 3441,2680 3213,2703"/>
                <Baseline points="3224,2720 3269,2717 3314,2720 3359,2720 3404,2720 3448,2717 3493,2720 3538,2720 3583,2717 3627,2717 3672,2720 3717,2720 3762,2723 3807,2726 3851,2723 3896,2726 3941,2726 3986,2726 4031,2729 4075,2732 4120,2735 4165,2735 4210,2735 4255,2732 4275,2732"/>
                <TextEquiv>
                    <Unicode>nachtragen zu Kürfen, u. werde ja</Unicode>
                </TextEquiv>
            </TextLine>
            <TextLine id="tr_4_tl_7" custom="readingOrder {index:6;}">
                <Coords points="3213,2773 3395,2773 3497,2814 3594,2775 4284,2810 4282,2751 4249,2742 4093,2766 3961,2738 3740,2755 3638,2718 3430,2753 3213,2740"/>
                <Baseline points="3224,2771 3269,2771 3314,2771 3359,2773 3404,2773 3448,2773 3493,2773 3538,2776 3583,2773 3627,2773 3672,2773 3717,2776 3762,2779 3807,2779 3851,2779 3896,2782 3941,2785 3986,2785 4031,2785 4075,2788 4120,2788 4165,2788 4210,2791 4255,2788 4287,2791"/>
                <TextEquiv>
                    <Unicode>wohl auch früher aller Hüter in lie¬</Unicode>
                </TextEquiv>
            </TextLine>
            <TextLine id="tr_4_tl_8" custom="readingOrder {index:7;}">
                <Coords points="3204,2840 3362,2864 3414,2838 3627,2862 3948,2838 4294,2872 4292,2809 4230,2799 3750,2794 3627,2823 3204,2792"/>
                <Baseline points="3215,2821 3260,2830 3305,2830 3350,2833 3395,2830 3439,2833 3484,2833 3529,2833 3574,2833 3619,2836 3663,2833 3708,2836 3753,2836 3798,2836 3842,2836 3887,2836 3932,2839 3977,2842 4022,2842 4066,2839 4111,2845 4156,2848 4201,2848 4246,2851 4290,2851 4299,2848"/>
                <TextEquiv>
                    <Unicode>Lage kommen, über Ihr Rück zu schon,</Unicode>
                </TextEquiv>
            </TextLine>
            <TextLine id="tr_4_tl_9" custom="readingOrder {index:8;}">
                <Coords points="3202,2922 4295,2916 4295,2870 4154,2849 4008,2877 3202,2849"/>
                <Baseline points="3212,2893 3257,2893 3302,2893 3347,2893 3392,2896 3436,2896 3481,2896 3526,2896 3571,2896 3616,2896 3660,2896 3705,2896 3750,2896 3795,2896 3839,2893 3884,2899 3929,2899 3974,2902 4019,2902 4063,2905 4108,2905 4153,2905 4198,2908 4243,2908 4287,2908 4299,2908"/>
                <TextEquiv>
                    <Unicode>ben; worauf ich mich, ansonsten nicht</Unicode>
                </TextEquiv>
            </TextLine>
            <TextLine id="tr_4_tl_10" custom="readingOrder {index:9;}">
                <Coords points="3202,2979 3284,2953 4297,2990 4284,2914 3202,2925"/>
                <Baseline points="3212,2950 3257,2950 3302,2953 3347,2953 3392,2953 3436,2953 3481,2953 3526,2956 3571,2956 3616,2953 3660,2953 3705,2956 3750,2959 3795,2959 3839,2956 3884,2959 3929,2959 3974,2959 4019,2962 4063,2962 4108,2965 4153,2965 4198,2968 4243,2968 4287,2977 4299,2977"/>
                <TextEquiv>
                    <Unicode>eben ein Freund schriftlicher Meinungs¬</Unicode>
                </TextEquiv>
            </TextLine>
            <TextLine id="tr_4_tl_11" custom="readingOrder {index:10;}">
                <Coords points="3211,3024 3828,3011 4164,3055 4245,3042 4245,2987 3614,2957 3531,2990 3209,2977"/>
                <Baseline points="3221,3006 3266,3006 3311,3009 3356,3009 3401,3009 3445,3009 3490,3012 3535,3009 3580,3009 3625,3009 3669,3009 3714,3012 3759,3015 3804,3012 3848,3012 3893,3015 3938,3015 3983,3021 4028,3021 4072,3021 4117,3024 4162,3024 4207,3027 4249,3027"/>
                <TextEquiv>
                    <Unicode>äußwung, in Riesem Felle herzlichste,</Unicode>
                </TextEquiv>
            </TextLine>
            <TextLine id="tr_4_tl_12" custom="readingOrder {index:11;}">
                <Coords points="3208,3080 3414,3070 3510,3113 3564,3068 3655,3104 3872,3078 4253,3115 4227,3033 4167,3072 3926,3020 3803,3048 3763,3018 3206,3026"/>
                <Baseline points="3218,3048 3260,3063 3305,3063 3350,3063 3395,3066 3439,3066 3484,3063 3529,3063 3574,3066 3619,3066 3663,3066 3708,3069 3753,3072 3798,3075 3842,3072 3887,3075 3932,3078 3977,3078 4022,3081 4066,3081 4111,3084 4156,3084 4201,3084 4246,3084 4255,3084"/>
                <TextEquiv>
                    <Unicode>freue. – Ich empfehle mich Ihnen u.</Unicode>
                </TextEquiv>
            </TextLine>
            <TextLine id="tr_4_tl_13" custom="readingOrder {index:12;}">
                <Coords points="3208,3124 3709,3146 3779,3128 3841,3150 3841,3089 3724,3085 3664,3104 3573,3074 3538,3106 3499,3106 3410,3068 3358,3093 3208,3081"/>
                <Baseline points="3218,3117 3263,3117 3308,3117 3353,3120 3398,3117 3442,3117 3487,3117 3532,3117 3577,3120 3622,3123 3666,3123 3711,3126 3756,3126 3801,3126 3845,3129"/>
                <TextEquiv>
                    <Unicode>Ihrer Frau Gemahlin,</Unicode>
                </TextEquiv>
            </TextLine>
            <TextLine id="tr_4_tl_14" custom="readingOrder {index:13;}">
                <Coords points="3447,3183 3577,3182 3610,3208 3661,3193 3759,3211 3785,3196 3837,3213 3861,3198 3971,3204 4026,3187 4026,3131 3989,3141 3919,3120 3867,3150 3781,3128 3549,3152 3518,3135 3447,3139"/>
                <Baseline points="3457,3174 3502,3174 3547,3174 3592,3174 3636,3174 3681,3177 3726,3174 3771,3174 3816,3174 3860,3174 3905,3171 3950,3171 3995,3174 4031,3174"/>
                <TextEquiv>
                    <Unicode>nog ebenso der Tsoige</Unicode>
                </TextEquiv>
            </TextLine>
            <TextLine id="tr_4_tl_15" custom="readingOrder {index:14;}">
                <Coords points="4067,3228 4080,3226 4093,3237 4132,3234 4138,3226 4266,3237 4258,3115 4230,3113 4214,3124 4193,3109 4180,3115 4138,3094 4060,3104"/>
                <Baseline points="4078,3224 4123,3221 4168,3224 4213,3227 4258,3233 4269,3233"/>
                <TextEquiv>
                    <Unicode>D.A.</Unicode>
                </TextEquiv>
            </TextLine>
        </TextRegion>
    </Page>
</PcGts>
