3163 3671
313 885 1540 1023 u. als solches ein wertiges Gegenstrück
317 974 1575 1093 jenes anderen Briefes in die Greifler?
336 1065 1559 1165 ist der Brief des Ringatier; der alte
324 1134 1475 1226 Euchs, der mich an manchen alten
352 1185 1553 1284 Huchs meiner persönlichen bekünnt¬
352 1270 1573 1359 schaft erinnerte, hat mir des größ.
338 1343 1523 1436 te vergnügen gemachten. Wohin gegen
358 1390 1498 1498 ich die Geschichte mit der Kleinen
363 1479 1587 1572 Teresina als eine – mehreren Sie mit
361 1536 1537 1633 mein. Aufruchtigkeit nicht eibel¬
353 1615 1500 1725 und verfleissige Fleiß aufgabe ein¬
366 1695 1600 1811 pfand. (Am die heißliche Absicht zu erkennen)
493 1755 1517 1850 Dies mein reiner erster Ein¬
363 1836 1561 1916 Druck, wenn Theil an der Leppeltung
367 1897 1570 1986 Dieses Eindrucks Ihrer Marielle auf
377 1955 1575 2059 einen Theil überzeugteßen Caser etwas
380 2034 1598 2145 Gelegen ist. Im übrigen Irhe ich mich
374 2120 1587 2185 mit Ihnen darüber u. auch noch über¬
389 2174 1581 2263 einiges andere nach der Aufführung
385 2239 1583 2324 Ihres Beweherdi“, auf die ich mich sehr
374 2313 1573 2403 freut, ein gesunder unter halten zu
389 2388 1595 2463 Dürfen. – Mit Grüßen u. den besten
396 2429 1586 2550 Empfehlungen in Ihr veruhrte Frau
396 2508 683 2615 Grunzlin
630 2541 1406 2666 Ihr aufrichtig und gebenne
1062 2629 1342 2715 P.O1.
2246 816 2382 965 25
2507 923 2896 1043 30.11.1918
1728 940 2131 1024 Dr.RAOUL AUERNHEIMER
1762 1005 2109 1081 WIEN, III., NEULINGGASSE is.
1991 1339 2802 1453 Sehr verlehrter Herr Ooktor,
2865 1328 3027 1473 G.C.
2122 1432 2963 1557 herzlichsten Dank für die
1898 1534 3106 1622 zeitige Zusendungen Ihrer neuen Novellen
2677 1575 3118 1659 A. W. F.
1911 1593 3034 1686 u. die Freundschaftliche Witzung.
1916 1658 3082 1750 Rame sie natürlich schon vom vorub¬
1914 1701 3095 1834 Druek in der M. Rundschmüh u. w.
1917 1787 3070 1897 innere mich, dass mir beim ersten
1917 1873 3081 1942 Copie besonders das letzt Drittel, den
1920 1919 3010 2034 eigentliche Schleiß, einen starken
1931 2005 3031 2108 Eindruck gemacht hat. In den er¬
1931 2074 2841 2161 an gehenden Teilen schien mit
1936 2117 2907 2227 meinthens meinte igische Rübe
1930 2192 3107 2288 Es herzlichkeit das meisterlichen Ver¬
1933 2272 3084 2366 Dings stellenmeist in Gemüchlichkeit
1925 2347 2829 2446 über zuzahm, ich fütte mit
2930 2346 3068 2427 mange
2877 2400 3087 2500 in your
1923 2418 2832 2502 mal als Leser etwas mehr.
1920 2469 2760 2599 gemeinscht. Ein Meisterster¬
