3203 3592
2093 551 2204 666 l
1362 524 1469 679 38
814 619 1307 713 DR.RAOUL AUERNHEIMER
1708 606 2023 739 16.5.28
894 683 1217 778 III., NEULINGGASSE 13
1352 749 1702 937 tiren
1067 1190 1880 1310 Doepteste Herr Doktos,
1247 1329 2271 1472 7/6 gütiges Speiben, für dessen
971 1430 2261 1563 offenheit ich Ihnen Dank weiß, setzt
984 1497 2264 1627 mich einigermassen in Derlegenheit.
984 1575 2244 1695 Denn einerseits möchte ich sie um
982 1663 2238 1752 7/16 in der Delt verstimmt die
971 1713 2268 1825 ben, hochweige deine wissen, ande¬
981 1798 2253 1903 seits kann ich von meinem Theil.
984 1881 2199 1983 das ja nicht aus Gefälligkeit ent¬
977 1951 2163 2045 syrang, aus ½ fälligkeit auch nichts
977 2005 2284 2118 zurücknehmen. Nur in einem Punkt
981 2083 2241 2174 tieht ein offenbares Wissendständnis
2020 2158 2194 2211 DATES DES ACTES
984 2156 2274 2241 vor das ich dichtigstellen durch u. mehr¬
972 2246 2258 2339 Es betrifft den Schluss, der die endletzt
954 2303 2256 2398 hat. Ich behauptete ja nicht, daß die
954 2393 2269 2473 den Erman der Zweise nochs eine
951 2439 2188 2539 ben“ – also nur / Rizziert — hätten.
966 2527 2263 2596 wie sie es in Ihm Briefe ausdrü¬
969 2571 2233 2666 ken, sondern dass sie den Hordew¬
954 2637 2259 2744 nannten = Kranken, der meines Erach¬
957 2706 2294 2847 Aus in Ihrem Roman stellt, in den
