3172 3672
463 821 1515 951 lich, es kann doch nicht jeder von
475 932 1528 1020 uns ausschließlich in der Rapuz¬
472 999 1579 1083 nergauft schutzieren gehen u. mit
481 1062 1560 1164 Kerezug u. Hiwinski Roker spie¬
481 1125 1581 1226 len. Es muss mich erspruchslösere
491 1186 1009 1278 ten schon geben.
605 1260 1533 1351 Darüber wäre noch allerhand
488 1325 1567 1401 zu sagen – über dieses falsche Hobel,
478 1378 1561 1465 oder u. dieses „Von-Vom-Tücken¬
477 1465 1587 1537 Richts-wissen- wollen, des immer
488 1505 1568 1587 in den vordergründ gerückt wird,
491 1565 1568 1652 wenn das Wiener Gesellschaftsprob¬
481 1646 1540 1712 lem litterarisch zur Discussion
492 1671 1583 1788 steht. Hoffentlich habe ich recht bald
467 1776 1585 1863 Gelegenheit, mit Theen im Gespräch
475 1820 1558 1904 ruher anzuziehen Onerauf einzu¬
484 1889 1529 1983 gehen. Einstweilen empfehle ich
488 1951 1589 2057 mich Ihnen u. Ihrer verehrten Frau
474 2022 831 2148 Gemahlin,
677 2089 1211 2219 herzlich ergeben.
630 2166 1451 2318 Laune Anernberne
1693 875 2100 942 DR.RAOUL AUERNHEIMER
2173 881 2252 981 19
2321 899 2645 1002 17.10.1911.
1714 930 2089 1005 WIEN, III. NEULINGGASSE 13.
1887 1275 2485 1395 Verehrter Herr Rector,
1974 1351 2857 1493 ich hatte in den letzten Tagen
1795 1458 2831 1564 viel unaufschiebliche Arbeit, um so
1791 1553 2840 1640 Komme ich erst heute Rezu, Ihnen
1792 1608 2806 1713 für das neue Buch, was ich kein
1777 1685 2836 1787 übrigen Mitmungssexemplaren
1794 1746 2827 1837 mit Genugthuung anreihe, zu
1787 1816 2831 1897 Denken u. die zu Ihrem schönen
1792 1876 2842 1992 Erfolg herzlichse zu beglück wur¬
1790 1960 2859 2046 schen. Es war mümlich ein schöner,
1801 2022 2835 2110 D. h. ein Tiefer u. nachfaltiger
1795 2075 2835 2170 Erfolg, trotz der verhältnis mu¬
1795 2139 2811 2241 ßig in Peserviertheit Ihrer kriti¬
1914 2198 2833 2309 freunde, über die Sie sich als
1798 2266 2849 2362 Wenschankenner wohl schwerlich ge¬
1795 2333 2849 2431 wüntert haben dürften. Wie mich
1795 2387 2840 2484 Der hochmut dieser Herren „Ain“.
1798 2478 2832 2559 ser Gesellschaft“ gegenüber am u.
1794 2523 2839 2626 siert. Als ob wir eine untern
1787 2590 2831 2676 beseißen. Und als ob Sie andere,
1791 2656 2861 2761 Ain es nicht gibt, besser wieder schlich,
