3163 3671
1400 885 1546 1016 G.H.F.P
1041 967 2234 1093 nicht ganz einverstanden. Auch der An¬
1058 1023 2268 1148 klang an die „ermödie der Worte“, der
1063 1093 2290 1217 mit Wiederholung aussicht, stört mich.
1053 1177 2295 1276 - Ich jube über die, als die niemüt¬
1041 1242 2290 1361 tich sagen mollen, nach gedacht u. die¬
1033 1292 2266 1410 bei iſt mir ein Titil durch den Kopf.
1044 1376 2221 1478 gegangen, den ich Ihnen zwar nicht
1034 1455 2199 1535 vor zu schlagen wirg (obmahl auch
1041 1509 2226 1609 der Titel der Mitteuffen „Kabuls“
1046 1572 2216 1681 u. Liebe“, wie die wissen, nur von
1061 1624 2266 1725 Iffland ist), den ich Ihnen aber doch
1056 1708 2275 1792 nicht erschweigen möchte, vielleicht
949 1794 2295 1866 Können für ihn irgendwie u. meine
1016 1837 2298 1948 auch nur als Meymeister gebrauchen:
1520 1898 2134 1985 für alle.
1041 1899 1453 2017 „ Der Mai
1587 1958 1755 2006 G.C.H.
1063 1980 2307 2065 Ich fahre früh oder morgen nach
1044 2027 2253 2136 wie mrück u. wissen und dann
1046 2105 2266 2196 bald einmal die Ergrässigung einer
1049 2159 2305 2266 aber dreichen Plauderzünde. Inzwischen
1041 2223 1985 2340 bin ich, mir immer,
1222 2301 2012 2422 im herzlichsten verleitung
1398 2369 1869 2493 en fer p.r. g. 7/2
1193 2446 1882 2571 Leune Aucunterme.
1056 2521 2278 2652 Entschuldigen Sie die müßerable Schrift.
1038 2622 2228 2719 Wie foder ihn schuld, u. ich habe leider
1061 2692 1540 2783 R.S. et deux
