3203 3592
1088 580 2345 690 wieder als ein wahrer Meister der
1080 682 2363 778 Novelle, u. daß die dies seit in
1088 743 2353 872 noch höferem Maße sind, als die
1088 835 2281 938 es von dreissig Jahren waren,
1086 909 2300 997 darüber gestatten Sie mir, mich
1093 968 2208 1094 für die, aber auch für mich zu¬
1099 1050 1657 1166 ßerden, als 7/3
1208 1110 2270 1259 Hets und Dichstig u. sehr sieglich
1443 1214 1786 1307 er geben und
1859 1265 2133 1447 S. A.
