3163 3671
881 660 2400 771 ###
958 725 2379 908 Tage gereptet Herr Doctor, 27. E. 10. 1924.
1240 851 2270 980 will Ihnen nur unter dem
895 946 2405 1061 noch seitigen Eindruck der ersten Lebtrücke
908 1013 2213 1131 Ihrer werden Urnelle lagen, daß ich
887 1085 2258 1175 „Friedleie Blatt“ Ihren gelungen sein
902 1171 2308 1272 Kleisterwerken dechne. Sie gehört sicher
918 1236 2318 1343 zum Allerbesten, was die ja gemachte
908 1310 2321 1431 haben – des will etwas sagen – u. ich
912 1385 2341 1492 weitete unter den Ergählern der Gegen¬
914 1484 2350 1591 würde aufs vielleicht sammden, der
921 1537 2382 1621 über ein nordischeres Klima u. mein¬
918 1604 2367 1705 ger Musik im Vortrag hat, niemand
902 1688 2341 1795 der etwas sleichwertiges zu machen.
902 1757 2337 1871 imstande würz. verzeihen sie, daß ich
914 1818 2329 1932 Ihnen des u. noch dage um Tag 7pe
912 1888 2308 2016 fenwalgebe so gewordigt sage; aber
912 1970 2335 2091 es scheint mir, dass auch der Augen¬
912 2039 2382 2154 blick seine Rechte u. Brüdige Hüttin.
902 2136 2398 2247 mung ihre Bände fort, die man nicht
904 2201 2278 2300 immer ganz ungestraft versäumt.
1057 2272 2394 2405 Gelesen Sie sich, bitte nicht, mit
906 2339 2365 2438 einer Erledigung u dieser Zeilen, die
908 2417 2266 2545 auf eine solche zur keinen Ansprung.
893 2457 2426 2615 zu machen, u. seiner Sie mit unausgesprochen
879 2583 2346 2680 bleibendem Wunschere allerschönstens ge¬
891 2634 2320 2775 grüßt vom Theunaufrichtig u. sich herzeich¬
898 2714 1255 2823 gebinnen
1497 2712 2133 2854 Raone Anemla
