4332 3607
349 373 1138 489 lichkeit Riscutiert wurde.
452 448 1464 571 Da ich nun ein anderes Exemp.
346 508 1428 585 lar meines Rückes als das Ihnen
343 560 1448 660 übersandte momentan nicht besitze,
346 607 1442 728 u. die Sache eilt, so werde ich mor¬
334 667 1438 782 den (Freitag) 8m. 1-3 Das Rück
324 730 1441 824 Durch einen Dienstmann von Ihnen
323 798 1454 887 holen lassen. Sollten Sie es noch nicht
310 829 1436 944 gelesen haben, so sende ich Ihnen, noch
306 904 1442 1010 meiner Rückkehr aus Budag ist, Ende
313 957 1448 1071 nächster Woche ein enkeres Exemplar,
476 1012 1152 1108 % herzlich ergebener
557 1069 1230 1227 de Anemheim
1243 1864 2338 1947 auf die Si. keine Besuch des Edenberge¬
1230 1933 2303 2032 Facks dach neu, ist Ihnen sicher; si¬
1237 1983 2267 2069 wartet sogar schon vor dem Kerk
1238 2036 2343 2150 (Sie sehen ich beginne u schon Di. Hovelle),
1243 2101 2332 2190 insofernen neinlich, als Der Park zur
1253 2170 2352 2249 Zeit gar nicht zugänglich ist. Überviel¬
1234 2230 2336 2307 leichte ündert sich das im den möchsten
1253 2300 1446 2369 Tagen.
1359 2340 2352 2418 Was mich betdifft, so bin ich möchste
1246 2405 2345 2481 Nacht nur Mittwoch Nachmittag frei,
1246 2452 2198 2546 u. auch Ges ist nicht ganz sicher.
1500 2511 1936 2599 Ihr ergebenster
1634 2592 2239 2686 X. Quemheimc
1653 435 2751 515 würde. Ich Denke nämlich Daran, das
1647 508 2760 601 Rücke, das sich für kuris sehr gut eig.
1652 552 2775 636 nen dürfte, dort eventuell noch vor
1650 621 2752 699 Wien zur Aufführung zu bringen. Ich
1645 673 2752 749 wurde Ihnen sehr verbunden, wenn Sie
1639 720 2781 812 mir Ißen Übersetzer empfehlen u. mich
1636 796 2778 862 vielleicht mit einer Zeile ihm gegenü¬
1623 825 2514 918 ber legitimieren wollten.
1827 878 2356 973 Ihr sehr ergebener
1899 941 2524 1081 D. Ancentein
2982 449 4098 530 Zahlungen entlieb mich zugleich nach¬
2975 509 4104 597 Stenklich u. bewagt. Ich keine den Effect
2978 554 4104 634 Ihrer H Hovellen nicht ehrlicher eher ekte.
2975 614 4108 699 risieden als mit diesen beiden Worten.
2973 651 4103 749 Und noch eins: es ist etwas Symphonisches
2973 733 4107 789 in Ihr an Novellen, was Sie früher nicht
2975 776 4044 845 aber nicht in diesem Maße setten. Am
2969 834 4097 898 meisten füllt mir dies in der Weissagung,
2968 881 4110 961 u. dem neuen Kind auf, in welchen beiden
2962 930 4095 1013 Novellen Ihre in Deutschland heute einzige
2959 989 4101 1082 Künste der verschlungenen Erzählung - Verkunst
2962 1050 4113 1108 vollen Instrumentation möchte ich es nennen
2962 1093 4052 1174 - überhaupt Ihm ihre größten Triuen pfe
2963 1119 3157 1188 feiert.
3054 1157 4095 1256 Stehen an Sie, verührter Herr, Riese Geilen¬
2958 1223 4101 1303 Die mir ohne jede kritische Absicht aus der
2877 1682 3976 1775 kei den Wenigen, denen man etwas zu¬
2866 1748 3922 1828 Wan hat, redet man nur so vorbei.
2978 1808 3998 1893 Ich hoffe, Sie gestatten mir wieder ein¬
2876 1868 3982 1940 mal, bei Ihnen anzuklagten. Donners¬
2866 1933 3985 2010 Leg Nachmittag Lütt’ ich zeit. Aber, wenn
2867 1980 3981 2074 es Ihnen besser gehst, komme ich auch an.
2863 2023 3433 2112 fangs nächster. Woche.
2976 2081 3579 2175 Ihr ledzlich ergebener
3214 2177 3735 2287 Aucunterie
