2399 3623
599 842 1759 960 daß ich auf ein paar Tage nach
582 926 1783 1012 Geldbrunn telle (in Trol). Wenn
591 991 1776 1086 Sie sich also an der Friedbahnstänke
602 1064 1762 1136 oder nicht allzu weit davon an.
594 1116 1795 1210 siedeln, so könnt' ich Sie möglicher
596 1181 1780 1276 weise besuchen. Vielleicht verreten
605 1246 1750 1344 Sie mir gelegentlich Ihre Adresse.
750 1319 1764 1406 Ich habe kürzlich Akademie
1488 1379 1646 1421 lacceuilu
604 1379 1807 1491 D'Oner von Teusen gelesen, kann
605 1453 1807 1542 Lofmannsthals Dazwitterung nicht
594 1509 1804 1622 theilen; ich halte das Buch für einen
600 1569 1804 1654 ganz guten Blutt. Sehr schön ist
597 1626 1797 1728 Der Schluß des Lauzun. Diese Be¬
604 1702 1652 1800 Renntschaft verdenke ich Ihnen.
686 1768 1765 1866 Empfehlen Se. mich, bitte, Ihrer
600 1845 1788 1931 Frau u. seien sei von mir u. der
608 1919 1703 2013 meinigen herzlichst gegrüßt.
797 1986 1302 2072 Ihr ergebener
890 2055 1542 2195 R. Anemheim,
