3203 3592
924 553 2274 721 Sie andeuten, und umschrieben haben,
938 678 2203 773 was ich weil sich mir die hier aus
936 740 2205 862 weitereichende sociale Persy¬
936 824 2274 935 zu wäffnen scheinen bedaude. Undere
945 895 2275 1021 werden es wahrscheinlich nicht bedaue¬
942 973 2253 1079 wer u. die konnen nicht anders wür¬
936 1048 2262 1181 schon als er aus Ihr und hervorging.
938 1141 2160 1224 Fum wozuwerfen, daß er und
938 1200 2196 1313 eine xx geblieben ist, fiel mir
912 1272 2174 1387 Sodenfalls nicht ein, u. ich glaube
936 1368 2263 1472 auch nicht, des isgend jemand, der mei¬
919 1442 2257 1546 nen Aufsatz unvoreingenommen hele¬
921 1504 2239 1618 ka sel, diese Auffassung aus der von
912 1578 2265 1682 mir gewählten Schlusswandigung zweis¬
921 1663 1554 1763 fällen vermög.
1055 1713 2250 1842 Lieber, mehrter Herr Doktor? Ich habe
921 1780 2257 1900 einmal gesagt u. nicht nur gesorgt, som¬
924 1878 2275 1986 denn auch veröffentlicht (was etwas ganz
931 1940 2282 2038 suderes ihr, wie ich aus eigemeßer dichte,
921 2012 2231 2103 erfahrung weiß), daß ich Reine drei
900 2090 2200 2207 Dichter zu meinem wüßte, demn ich
902 2169 2279 2263 mehr vor dankte, als Ihnen, u. keinen
914 2220 2179 2344 einzigen, dem ich, ich ihm
917 2317 2265 2417 u. danke, lieber vor danke. betrachten
912 2380 2281 2492 Sie mich, bitte, in diesem Sinne, u. über¬
912 2432 2267 2553 Haus nicht nur in diesem, stets als den
921 2510 2224 2630 Pignen, selbst für den Fall, daß du
890 2575 2274 2673 Duker in Ihnen übersinnliche Zusam¬
904 2647 2257 2761 unrufängt lebhaften bejahren walt, was
905 2714 2275 2825 es noch außer Eins bisher den Eindruck.
893 2778 2270 2907 machte. —  Tho  von gregenen Leizern ergeben.
1873 2833 2105 2940 R.A.
