2357 3623
1302 675 1406 822 6
720 793 1164 873 DR.RAOUL AUERNHEIMER
1495 797 1791 917 22.6.07
708 857 1181 942 WIEN, IV.-STARHEMEERGASSE 40.
958 1235 1486 1345 Vedekter Meister,
1088 1358 1927 1453 ich würde Ihnen sehr gar.
783 1424 1914 1515 no noch vor den Ferien die Land¬
780 1499 1867 1583 Toncken, will Sie aber nicht zu
800 1556 1872 1642 ungelegener Zeil überfallen.
791 1619 1870 1726 Vielleicht sind Sie so zeitig, mir
778 1680 1841 1774 eine Zeile zu schreiben, ob ich
788 1736 1923 1831 Mittwoch oder Donnerstag gegen
785 1805 1880 1894 Abend zu Ihren kommen oder
775 1866 1885 1962 Sie zu einem Spatziergang ab
764 1926 1939 2015 Lolen darf. falls Sie am Mon¬
780 1999 1911 2097 Tag beim Gott der Rache sind,
765 2051 1926 2148 so können die sich den Brief er¬
793 2113 1936 2219 spären, dann sehe ich Sie im Thanter¬
785 2178 1892 2267 Mit Iber feiner Staville in
791 2248 1936 2343 Der Pfingstbeilage haben Sie mir
785 2305 1933 2377 wi. all den Ihrig an wieder ein
772 2367 1917 2470 Joope Freude bedeitet, wofür
761 2437 1828 2529 Ich dassen noch Danken muss.
920 2494 1641 2593 Sehr herzlich der Isse
1219 2589 1498 2701 R.C.
