3172 3672
393 795 1409 902 wieder über das Thema hermachen
393 878 1458 972 u. meine Notizen hervorsehen.
388 934 1453 1022 Übrigens liefert Ons Leben in uns
396 1008 1450 1107 serer sogenannten „Gesellschaft“
385 1072 1450 1160 täglich neue, so daß ich um Mr.
386 1141 1474 1225 tariel nicht verlag an sein Kürfte.
535 1203 1457 1304 Ich lese jetzt zum Zwecke da¬
396 1266 1470 1379 meturgischer Anleitung wiederholt
385 1341 1466 1435 in Ihren Rücken, u. ich bitte sie, nicht
394 1409 1446 1503 allzu erstaunt zu sein, wenn ich
386 1461 1458 1546 mich auf diesem Wege im Anschluss
406 1534 1434 1622 an die bereits bestehende u. in den
398 1575 1455 1669 Unterrichtsunstalten zugelassene Mei¬
385 1642 1442 1756 nung zu so etwas wie Ihr ein Schu¬
406 1725 1469 1805 ler entwickle.- Im Ernst gesprochen:
398 1780 1448 1863 Ich wüßte mit keine drei Schrift¬
412 1852 1386 1934 steller zu verkanken nennen,
398 1900 1436 1982 Amen ich Künstlerisch ebenso viel
405 1957 1406 2065 zu verbanken hätte wie Ihnen
398 2041 1470 2122 u. keinen einzigen, Oum ich, was
405 2098 1405 2172 ich ihm zu Danken habe, lieber
401 2171 770 2264 von 9 makten.
527 2209 1438 2295 Sehr herzlich u. mit den be¬
398 2289 1428 2392 sten Grüßen, auch von meiner Frau,
541 2355 1306 2459 Ihr aufrichtig ergebener
541 2417 1301 2557 Paane Anernheimx
2080 745 2321 898 20 19
1587 836 1985 900 DR.RAOUL AUERNHEIMER
1599 885 1977 961 WIEN, III. NEULINGGASSE 13.
2297 860 2612 977 2. 10. 1312.
1786 1210 2566 1328 Verehrter Doctor Schnitzler,
1858 1337 2740 1443 herzlichen Dank für iße lieben
1684 1420 2760 1493 Vorte u. die freundschaftliche Ermun¬
2463 1480 2748 1547 Rter vor
1676 1478 2383 1581 derung. Ich habe Om
2462 1524 2688 1583 G.C.F.P.S.
1684 1554 2734 1629 zwei Jahren geschrieben, um den
1691 1603 2722 1705 Einfall nach frith unter Ouch zu
1676 1665 2755 1748 bringen; habe aber schon damals
1682 1729 2753 1820 mit dem Gedanken gespielt – u.
1690 1816 2732 1894 spiele noch immer Gemüt - ein
1699 1848 2752 1954 O deinktiges Rück Aernus zu me¬
1699 1917 2717 2014 chen. Die Ermutigung, die Sie
1702 1974 2743 2072 mir durch Ihre principielle Uner¬
1701 2035 2738 2131 kennung des Thomas u. seiner
1706 2103 2749 2214 Möglichkeiten zuteil werden las¬
1709 2164 2747 2256 sen, bestärkt mich in meiner Ab¬
1711 2218 2738 2329 sicht natürlich ungemein. Tobald
1713 2278 2741 2390 ich einen freien Kopf habe – was
1711 2347 2729 2451 augenblicklich nicht Oer fall ist,
1705 2416 2738 2495 Da ich mit dem nach immer lei¬
1696 2477 2744 2566 Kenken dritten Akt meines neuen
1709 2542 2766 2650 Lustspiels befasst bin – will ich mich
