2872 3432
1642 434 2585 591 Abend nich langem Hinuf
1474 589 2543 725 weiterzufahren. Die Fellner
1432 715 2475 846 diese Nacht noch dableiben
1519 828 2585 980 enohm, bei solchem Sturm und
1566 972 2585 1111 sitzen. Durch dieses Zure-
1340 1098 2509 1211 pa den Entschluss, dazubleiben.
1442 1219 2538 1348 brachten wir ihn zum Wanken.
1253 1251 1408 1372 aber
499 1232 799 1358 Durch un
1182 1332 2541 1485 Zurück Lutscher" rief der Fortier
497 1337 993 1477 Er wollte fo:
483 1477 2559 1640 diesem zu, da er schon sich bereit gemacht hatte, nach
483 1634 2591 1763 Hause zu fahren. Aber auf einmal fiel es dem Fapa wie
486 1745 2564 1858 der ein dazubleiben. De fiel sein Llick zufällig auf
489 1879 2570 2010 die Fahrordnung; er sah, dass morgen nach Jenbach
491 2002 2517 2144 kein andrer Zug gehe,- eingesetzt, zur üisenbahn ge-
717 2139 2436 2281 n.gleich war's geschehen. Wir stiegen in den
497 2160 691 2273 Jahre
486 2254 2599 2404 Wag on, da wir aber wegen der Schläfrigkeit des zarten
489 2388 2554 2530 Juliuschen die Nacht nicht durchfehren wollten,stie-
494 2512 2472 2672 gen wir schon in Salzburg aus, nahmen dort im Hotel
489 2664 2554 2814 Kurop. ein Zimmer und schliefen allsogleich ein. Was
486 2772 2585 2935 wie wir am nächsten Morgen orfuhren die Schläfrigkeit
497 2903 2470 3061 des Julius uns für Annehmlichkeiten bereitet hatte.
497 3051 1839 3195 soll das nächste Kapitel erzählen.
499 3150 631 3284 lob
