6376 4184
347 399 3044 663 auf längere Zeit zuertragen; deran der
368 555 2951 760 Sonne, die heute in volter Klarheit
392 698 2964 937 Jahien, befeuchtet den Schnee auf so Ehe Weise¬
326 837 3017 1090 Daß wir davon geblendet werden; unse
285 982 2937 1246 Blick fällt, jetzt, – auf das liebliche Thal¬
351 1121 2940 1399 das uns zu Fessen liegt. Reizende Körsche
309 1302 2968 1545 erblickt in an dm Obhange des Breiier¬
292 1448 861 1684 berges.
955 1434 3023 1694 Immer höher steigin wir, immer
302 1583 2926 1795 mehr näsern wir uns der Glethserr
326 1722 2892 1954 gion, wir sind nicht wert mehr,
302 1854 2902 2121 von den Schneeffeldern, – den erigen
278 2003 2964 2256 entfernt: durch eine Menge von Trvellen
274 2152 2961 2406 eins davon ist wohl schen  Minutur¬
267 2301 2784 2503 lang keu ist1 das Loconotive dahin
226 2433 2808 2669 Nach drei Stunden sind wir in Station
250 2586 2839 2853 Brenna, an der höfsten Spitze angelangte
285 2742 2940 2971 Die Lage deses dorschens ist wundervoll
316 2874 2867 3100 Von Selspe, die und mehr unten.
316 3030 2954 3301 notdürftig mit Nadelsolg bewachsen Kiey¬
316 3173 2690 3437 sie auf I einer Dunkel grünen
319 3325 2819 3516 Viese. Nun gieng es. Bergab bes.
312 3461 2846 3700 Fränzensfeste. Das Wetter blieb
260 3596 2951 3860 uns güechtig, die Gegend warent
3565 240 3992 555 geittt
4731 340 6290 576 Immer mehr gegen Kiden
3568 535 4478 712 giengs, Oie g
4679 489 6165 719 Hitze machte uns
3662 607 6186 833 das fühlbar- Bald waren wir
3464 753 6255 1003 in Franzenofesté angelangt. Wir hatten
3520 892 6189 1128 vollkommen Ursache, mit unserer
3530 1048 6269 1298 heutigen Fahrt zufrieden sein; denn
3579 1194 6214 1437 sie war de intereSantesterde
3593 1326 6245 1583 schärste, die, wir auf userer gan¬
3593 1479 6234 1732 zen Reihedahiachten. Nun aber kam
3568 1614 6075 1874 doch noch eine Gisenbahnstrecke, der
3454 1760 6203 2031 sichkaum die Brennerbose an d. Groß¬
3530 1916 6220 2159 artigkeit, an erhebender Schonheit
3593 2055 6217 2294 an entrücken der Lage voranstellen
3562 2208 6255 2444 Radm. das wars die Rusterthaler
3527 2364 6085 2593 Zuerst Jehren wir an der Festung
3496 2499 6175 2756 Franzon b Gestexkiüber die berühmte Brücke
3527 2652 6203 2881 welche auseinonargezogen werden
3544 2805 6224 3027 Rain. Unten wälzt sich reißend
3544 2926 6061 3166 über gewaltige Feldsteine die
3509 3058 6016 3322 enge Rienz durch eine enge
3537 3190 6134 3457 Schluch dahin. Über diesen
3530 3339 6061 3607 AbGränden über 2,00 erhoben
3450 3509 6161 3794 kapff der zug gort und im
