2824 3480
1244 454 2039 641 in, uns tüchtig schmu-
418 498 1153 699 Nun, auf die Gefahr
1315 605 2405 757 Es gelang uns beides. Jetzt
625 677 1230 784 unternahmen wir.
908 762 2520 878 steil hinuntersteigen. Wir waren sehr er-
454 872 2611 1023 freut, dass wir Zweige fanden, auf welche wir uns stützen
429 988 2446 1142 konnten, sonst wären wir erbärmlich ausgerutscht. So
443 1100 2633 1299 gient es gegen eine Stunde fort. Als wir endlich "festen
443 1244 2592 1420 Boden“ erreicht hatten,so bezeigte uns der Himmel seine
446 1389 2528 1560 Freude darüber auf solche Weise, dass er die Sonne auf
443 1497 2528 1703 uns herabbrennen liess, bis wir endlich in Reichenhall
2184 1593 2322 1670 uns
451 1631 2435 1816 ein schützendes Dach fanden,unter welchem wir auch
437 1772 2504 1931 die vortreftliche täble d’hötes, welche uns erwartete
454 1863 2586 2058 sehr gut schmecken liessen. Herr Eichler ehtschuldigte
457 2033 2592 2195 sich vielmals als Urheber dieser Herfahrt. Das ist die
462 2162 1607 2300 wunderbare Geschichte von der
652 2297 1758 2435 Reichenhaller Rutschpartie.
465 2388 2674 2578 wahrend meines angeblichen Schlafes am Nachmittag,mach-
473 2534 2633 2704 te ich ein Gedicht,“Sehnsucht“ betitelt. Abends verfin-
470 2671 2567 2834 sterte sich der Timmel,Wolken zogen sich zusammen, und
479 2771 2531 2985 (ekne-viei-Pedertesens) es begann auf eine sehr an-
473 2927 2487 3123 ständige Weise, zu donnern, zu blitzen und zu regnen.
