6456 4008
254 261 3044 601 eigentumlieses Gefühl beschleicht den cerschen¬
316 434 2846 692 Wenn er unter sich in schw indiger
337 594 2787 893 tiefe den Flußt ronschen hört
320 754 2756 963 Mlai wird nicht maht, immer,
278 872 2825 1119 immer die unbeschreiblichen Naturschon¬
292 1025 2846 1300 heiten zu betrachten: dieses haftige
261 1185 2950 1453 Grün, wie labt es die Auges diese wur¬
278 1317 2909 1592 ge Luft! wie erqkt sie! den Bchtsee
334 1463 2926 1727 eine Emenden; dieser dift. der Wes
302 1616 2850 1870 und Wald auspraut, wie erqinkt
316 1762 2874 1988 er. Nach einigen Stunden langen
292 1908 2850 2172 wir tn Boch an. Ein Magen
320 2054 2891 2300 führt un d durch das Amperrothal nach
261 2193 2919 2443 Laudrd. des Weg dorthin ist größett.
268 2328 2916 2638 Zu beiden Seiten erheben sich die
268 2492 2863 2770 steinigen Dolomiten, hoch hinafragen
271 2638 2978 2912 sie, vollständig umgeben sie dde Strafe
320 2787 2909 3034 die uns dem Ziele eintgegenfühtt
337 2905 2912 3155 ZweiStunden dan ert es, b wir
313 3044 2943 3329 in Laudno sind. Ein erhebender
278 3183 2697 3437 Unblick bietet sich uns der
275 3343 2742 3614 der viesige Monte Kistalli
344 3440 2891 3781 ist uns gegenüber. Ungfende
3551 306 6300 626 Schneefelder kein zeichnen ihn. So noch hatter
3597 511 6297 719 .wir aus noch eie einem Getscher
3597 646 6206 938 befunden. Wir waren so selbsse
3635 813 6189 1029 beingse fürftaugend Fuß über
5404 942 6252 1185 da wir schon
3649 949 5226 1192 der Ukernsfläche!
3701 1105 6241 1369 ziemlich erschöpft waren; zogen
3718 1230 6165 1487 wir uns. Vorerst ein wenig
3656 1404 6300 1637 in unser Zimmerzuruck; denn machten
3659 1532 6290 1769 wir, bevor wir zu Bette giengen.
3631 1668 6234 1956 noch einen kleinen Spaziergang.
