3352 4104
453 457 1243 690 6. Innsbruck.
1346 436 3066 673 die Aussicht vom Berg ssel. - die
481 615 2857 817 Martinswand.- Frau Hitt.- Wetterwechsel.
477 728 3049 948 7. die Brennerbahn.- Der Wildbach.- Brenner die
457 869 3046 1116 Festung Franzensfeste; – die Eiseinbahn überi dem
415 1010 3162 1277 Abgrund. - Die Ousterthaerbahn. Toblach. - Das Ampezzöche¬
440 1174 1744 1329 Londro.- der dolomiten.
395 1325 3159 1562 8. der ellonte Cristallo. - Der MMonti Kiano. - Alpen bluien¬
422 1466 3118 1737 der Spaziergang.- das schein Pferd und die Betrachtung
460 1634 1834 1847 der Mana.- In Lienz.
381 1758 1933 1968 9. der langweilige Regen.
347 1895 3049 2160 10. Schnüpfen.- Von Lienz fort.- durch Gevöll und Wasser
426 2040 3049 2259 stroßen.- In Käruthen.- In Winklern: - Der
443 2198 2383 2431 Kumpelkasten, pfeidonzmn Wagen.
2428 2225 3094 2410 die Möll und
481 2328 2950 2565 das Mllöllthaf. - Die Wasserfälle.- In dullach: - der
453 2496 3053 2740 verbauerte Doktor.- der Liaknitzeswasserfall.
422 2623 3084 2881 Schon wieder die Furchtsamkeit der Mllama. — Die
436 2799 3087 3022 dicke Engländerin. - dieselbe zum zweiten und
378 2932 3090 3159 dritten ellal.- die fürchterliche Stelle im Fremden,
402 3066 3032 3290 buch.- Warum man mich in alle sieben Himmel.
330 3207 2929 3444 erhob. Die Furchtsamkeit der Mania siegt. - de
426 3365 3049 3568 Schnitzler und sein Blatt.- Der reißende
415 3496 2273 3729 Fluß. - Der Staubbacher-Wasserfäll
2562 3506 3187 3753 Heiligenbe2
2325 3557 2476 3688 .
508 3643 3046 3911 der Großglakner--Pferde, Führer,Letensmitte
