6200 4040
411 92 1144 298 648
1572 284 1859 431 13-
181 401 2801 688 hinauf, an einem reißenden Bach in
250 568 2852 798 einem eugene Thale führt- er dasn¬
243 709 2780 935 die Aussicht war sehr abgegrenzt.
243 849 2801 1099 da sich der Weg inzmerfort wann
219 1003 2876 1243 so versperdten die Berge, an denen
233 1144 2828 1393 wir früher gefahren ware jetzt,
233 1291 2770 1527 da sie infolge der vielen Bie¬
226 1435 2835 1671 gungen in unserm Rückenlagen,
233 1578 2818 1818 die weitere Aussicht. Als wir
257 1722 2828 1976 hinaufkommen, waren wid ganz
250 1866 2818 2106 entzünkt von dem prachtvollem
202 2013 2886 2260 Anblick. Von h Bergen umschlossen
202 2164 2770 2400 liegt malerisch der tiefblaun
233 2304 2900 2564 Auchensen vor und. Einzelne Häuser
284 2451 2763 2705 stehen an seinem Ufer- der
281 2602 2753 2859 Weg geht ganz neben denn
236 2746 2784 2958 Wasserfer. Wirbeerunderten die
267 2886 2770 3112 rerzende Farbe des Sees und
257 2996 2924 3270 seine liebliche Lage. Leise rauschten
250 3157 2938 3410 die Wogen, eine tiffa Stille läcgerte.
1719 3297 2948 3537 Bald waren wie
260 3314 1472 3550 über dem  Orte.
291 3437 2753 3711 te dem Hotel "Scholdstikas wie
267 3598 3020 3876 Julies sagte „Galopstika angelang,
3273 380 6016 657 Mana freute sich sehr denn nun war
3335 534 6002 740 sie von ihrer Augst erlöst: weil
3386 685 5927 918 sie sich nemlich shurchtete, beim
3393 825 6002 1072 Wasser zu fasren. Eine sehr unan
3362 972 6039 1250 genehme Überraschung farrte unser
4139 1116 5762 1342 kein Zimer warzu
3379 1133 3752 1359 hier;
3386 1270 5762 1513 Finden Wir mußten mun
3328 1424 5927 1671 mit dem Wagen weiber ernach
3321 1554 6022 1818 Achinkirch fahren, das nicht mehr
3321 1708 5944 1945 beim See liegt. Es dunkelte schon-
3335 1852 5899 2082 als wir dor ankammen? Wir
3376 2003 5985 2249 betrachteten Uns noch einmal
3383 2136 6026 2410 die wunderbare Gegend, dann
3407 2301 6029 2527 zigen wir uns nach um dem
3369 2424 6019 2681 Abendessen zuruck in unsre
3383 2599 6022 2849 Die „Gemächer welche wir dor
3424 2732 6053 2972 glücklicherwreise fanden. Sosatten
3424 2883 5998 3122 wir wieder einen Tag unsder
3400 3016 5947 3263 Reise hinter uns: ich. trostete
3376 3153 5998 3393 mich aber inden ich inrbetl
3328 3290 5944 3568 liegend zu mir sagte:„Es ist halt
3287 3444 5221 3711 doch erst der Anfang.
