6232 4024
194 306 2891 586 Gefähr sin, uns füchtig schmutzig zumacher.
667 460 1505 582 entrnahin
1495 456 1859 633 tweng
238 439 1508 712 Rs Geengung Beid.
1730 521 2867 698 setzt müssten wir.
266 589 2819 848 steil hinuntersteigen. Wir waren
232 742 2826 1008 sehe erfreut, daß wir zweige fanden¬
218 896 2840 1154 auf welche wir uns stützen konnten,
228 1025 746 1236 sonst.
783 1069 2792 1246 wären wir erbärmlich uusge¬
255 1188 2796 1447 rutsiht. So giengt gegen eine Stunde forl¬
221 1311 2843 1597 Als wir endlich festen Boden erreiht
228 1471 2775 1743 hatten, sobezeigte und der Himmel¬
242 1621 2816 1863 seine Freude darüberauf solche Weise
167 1747 2843 1978 daßderde Sonne auf uns herabbrennen
153 1886 2826 2135 liehd, bis wir endlich in Reichenhal
194 2053 2864 2312 ein schützendes Nach fanden, unter
191 2179 2833 2469 welchem wireauch unsere vortreff¬
163 2326 2843 2595 liche täble Chötes: welche uns erwarte
225 2489 2850 2748 sehr gut schunecken ließem. Herrsichler
242 2629 2840 2908 entschuldigte sich vielmald als Urheber
208 2772 2840 3030 dieser herfahrt. das ist die wunder¬
174 2904 1672 3160 bare Geschichte von der
783 3041 2595 3276 Reichentwiller Rutschpartić
191 3173 2802 3477 Während meines angeblicsen Schlaches
293 3333 2731 3572 am Nadmittag: magte ich ein
252 3470 2921 3810 Gedicht!, Sehu ihst betitelt. Abends versiet
3323 364 5996 647 te sich der Himmel; Wolken zogen sich zusam¬
3282 511 6017 797 meil. und sohnee virt Jederbesens) es begann
3323 684 5949 923 auf. eine sehr anständige Weise, ziu
3408 807 5955 1066 donnern, pblitzen undzuregnen. Wir
3402 960 5758 1188 langweilten Ein Abend nach
3395 1079 6000 1369 langem Hinunderreden, beschloß
3374 1246 5962 1491 Paya weiterzufahren. Die Kellner
3371 1403 5904 1662 aber sagten, er möge nur diese
3385 1536 5949 1811 Nacht noch dableiben dennes sei
3371 1675 5925 1900 keines wegd angenelm, bei
3385 1832 5891 2057 solchem Sturm und Wetter in
3357 1978 5959 2244 der Eisenbahn zu sitzen. Durch dieses
3402 2125 5949 2384 zreden bewogen. faßte Pag a den
3398 2268 5938 2527 Entschluß, dazubleiben. Du rch unser
3347 2418 5921 2704 bitten aber brachten wir iste zum
3361 2567 5945 2826 Wanken. Er wollte fört. "Zu rück¬
3385 2738 5802 2983 Rutscher riefen der Portier
3412 2847 6040 3095 diesem zu, daer schon sich bereite
3442 2990 6020 3248 gemacht hatte, nach Hause zu fahren.
3425 3122 5765 3337 Ober auf einmal fiel es dem staga
3412 3262 5938 3511 wiederu. dazubleibene da fiel sein
3371 3398 6044 3691 blück zufällig auf die Fahrordeung¬
3337 3562 5914 3871 ersch: dass morgen nach Jeubach
