3544 3992
1032 305 2293 618 Den zweiten Aagust.
565 502 3346 878 Wen ist verlassen! Fort. Einaus, die Serien
558 772 3353 1046 sind da, die Schulstube gesperrt, die Zeugniss
590 902 3301 1187 ertheilt. Wir setzen uns in die Zuge
562 1078 3329 1310 er rast davon. Nichtsschnelt genug kann
548 1201 3374 1471 er uns aus der Umgebungkiens entführen
548 1331 3272 1598 wir wollen etwass neues sehen, nicht
565 1482 3294 1773 immer Penzing und dergleichen Ortschas¬
583 1643 3129 1914 ten, die wir genugsam gesesen.
600 1787 3283 2068 das Gtoriet in Khönbrun ist hat, denke
590 1928 3280 2191 die Wiener: wer aber der Hohenstause
632 2075 3181 2370 jemals gesehen, der denkh das uifd
1390 2230 3322 2465 Wir sind in Neutengbar
625 2275 1134 2482 mehr
632 2363 3195 2658 dort hält der Zug; – wir haben Ttus
650 2521 3146 2770 uns de dortige Gegend zu betract
600 2676 3058 2949 Auf einem Hagelchen liegt das Schloß
643 2813 3164 3027 Fürsten Lechtenstein; es gewähr&
1194 2956 3227 3199 einen reizenden Anblieter
671 2978 1208 3188 immer
629 3058 3304 3315 heute wurde er durch das außs erordentlich
565 3216 3297 3518 günstige Vetter noch erhöht: Äppige Se l
629 3388 3230 3659 Ayehhetten mit Hühteln? die sich auf die
632 3525 3044 3827 weitern Vefe zu nieden Bergeerhoh
