6216 4024
1042 392 2200 671 den dritten August.
242 681 2819 957 Wir giengen in den Curgorten, wowie
191 855 2748 1093 frahstückten und 1ten Professor Wallentiz
157 1004 2731 1256 fanden: Woya fand eine Menge von
136 1134 2578 1362 Bekannten, einige doctoren und
153 1304 2775 1553 einen gewissen Herrn Eichler, welcher sich
143 1447 2775 1709 und anbot, un drknen schönen Weg spa¬
143 1604 2751 1856 zieren zu führen. Wir nahmen dies
174 1726 2741 1982 sehr gerne an, indem der Herr und
150 1869 2772 2145 zugleich versicherte, wir hätten im
143 2009 2833 2237 geu Minaten einen wunderbaren
143 2155 2785 2411 Aussichts punkt erreicht. Wir fiengen
167 2295 2768 2544 ad. zu marschiren. Zuerst kalnan
150 2435 2775 2710 wir durch die sogenannte Kiönigsällee
160 2591 2833 2847 diesen schättigen und kühlen Reg, welcher
143 2744 2840 2942 uns vor den blendenden Straflen der
167 2891 2857 3143 brennend heißen Sonne schützte, hatten
150 3030 2853 3255 wir bald passirt, und wer betraten
177 3173 2813 3442 nunmehr eine Wiese, von der sich
194 3330 2731 3572 und eine unbeschreiblich reigender
184 3463 2843 3667 Anblick darbot. Vor und tag das dorfehen
153 3602 2857 3861 Gueim; ganz im Hintergrunde magten
3231 337 5972 637 gewaltige Bergriefen hervor. Auf der t¬
3299 497 5949 776 gegengesetzten Seite erblickten wir
3330 661 5969 926 den felsigen Hohenstauffen und Untersberg,
3368 787 5911 1052 weiter nach hinten war die Zwiesel
3347 943 6003 1205 zusehen. Von allen Seiten umschlossen
3368 1093 5826 1335 uns die mächtigen Bergkolosse. die
3364 1229 5962 1485 Wiese, auf der wir ständen, erstreckte
3347 1399 6051 1645 sich noch sehr, sehr weit, und wir gungen
3347 1529 5993 1791 an ihr fort. Dis Kancrama rechselt über¬
3385 1682 5996 1924 als, wo wir uns auch sie wandten,
3361 1808 5972 2077 nirgends blieb sich das liebliche Bild gleic¬
3361 1951 5911 2234 dauno aber die große Hitze- plagte
3368 2104 6040 2387 so bogen wir aurch in den Wald ein
3347 2261 6057 2520 der Poxa plauderte mit Herrn Eichler¬
3368 2424 5918 2676 und in ihr Gespräch vertieft-kamen
3337 2567 5976 2819 sie unbewußt von dem Rege ab. Wir
3293 2727 5935 2915 folgten ihnen natürlich, und als
3371 2836 6020 3068 wir alle in Gedankeit versuutten
3351 2993 5949 3231 fortspaziertens waren wir nicht
3391 3122 6037 3364 wenig erstarnt, als wir auf einmal
3378 3276 5918 3507 bemerkten, wie kein an drer Steg
3347 3398 5867 3671 uns durchzulassen elliene machten. als
3337 3558 5925 3837 eben wie Sumpf. Nan, auf de
