2792 3480
445 429 2450 641 erblickten wir den Traunstein und die schöne Grie-
445 592 2557 748 chin,hohe Berge,welche den Gmundner See- (den wir übri-
445 742 1734 895 gens nicht sahen,leinschliessen.-
632 852 2374 1010 Endlich nach acht langen Stunden sah man den
440 976 2415 1182 Mönchsberg und bald darauf langten wir in Salzburg
442 1168 638 1300 an.-
638 1233 2533 1399 Diese Stadt zeichnet sich durch ihre prachtvolle
450 1380 2468 1541 lage aus. Von mächtigen Bergen umschlossen liegt sie
453 1509 2385 1672 in einem so reizendentfhale, dass sie in Bezug auf
456 1624 2492 1806 ihre Tage den schönsten Stadten Oesterreichs beige-
461 1763 2511 1897 zählt werden kann. Im Hotel Nelböck nahmen wir einen
450 1916 2240 2045 kleinen Imbiss ein(der uns nichtsdestoweniger
453 2013 2506 2173 Gulden kostete) und. dann fuhren wir nach zweistündi-
458 2149 2506 2305 gem Aufenthalt mit der Bahn nach Reichenhall. Der Weg-
466 2297 2476 2439 gefiel uns ungleich mehr als der nach Salzburg;denn
464 2428 2358 2605 wir wurden nicht mehr so sehr von der drückenden
458 2562 2605 2731 Hitze belästigt. Hinter dem Untersberg trat der Abend-
474 2669 2600 2819 stern hervor;bald war der ganze klare Himmel mit Ster-
474 2798 2626 2975 nen bedeckt, welche mit ihrem hellen Lichte die freund-
474 2961 2530 3120 liche Gegend beleuchten. Der Himmel war so rein,wie
