6248 4184
194 364 2773 687 chen. Wir, gängem am See hin bis
238 541 2759 796 Hotel Seesof! Adif dem Wege soh ichmich
163 680 2902 956 einige Zeit lang nicht umn. Auf Dinmal
150 820 2831 1099 war Paga, Mania und mein Btrüde ahm
252 970 2759 1239 verschwundene Schlief, so schnell ich
201 1106 2790 1375 könnte, weiter. Vielleicht sind sie
218 1262 2814 1528 schneller, als ich gegangen, Glaubte
218 1409 2725 1677 ich, worin ich mitch aber irte. Ich
208 1548 2634 1827 lief zurück als mir glöt lies
245 1684 2770 1933 aus einem Seitenwege die Zohl¬
942 1844 2797 2038 Stimme von Paya Sönte
211 1875 759 2065 bekonmt.
225 1990 2783 2280 Arthur! Nach diesem kleinen
2123 2133 2477 2239 ii
1167 2157 2807 2406 schmeckte uns die talle
238 2140 970 2358 Abentaur
225 2300 2746 2525 dhöte au gezeechnirt. Nach Tische
235 2409 2759 2715 mietheten wir uns einen Pahne
231 2576 2766 2824 der uns in die Pertisau führtt. Mit
238 2712 2790 2947 uns warendiedre aus dem Geschlechte
255 2865 2793 3117 der Ausspitz u. Herr Oenheimkund
296 3004 2712 3226 wir. Der letzere reizte uns
293 3134 2807 3385 oft durch seine Witzer zum Lachen¬
2150 3283 2862 3508 nan öfter.
272 3287 1977 3522 und dem Julius, den
2144 3420 2484 3515 men
296 3440 2736 3695 wegen einiger Einfätte den
282 3579 2855 3848 kleinem Spitzbuben nennts indem
4587 174 4862 398 14
3209 361 5863 629 maiheinen dummheiten das Ihm dorgen
3294 527 5931 776 Witz. verleiht, möchte es damals un¬
3348 680 5941 908 Gefahr zu „Mute sein, wie den Ätfenern
3355 813 5978 1045 vor der Verbanung des Thumnstoktes¬
3389 963 6039 1211 Bald hätte ich: Vergessen zu sagen,
3365 1082 5934 1368 daß es zu regnen auförte. Als wir
3365 1252 5968 1497 in Pertisau waren, pries deswegen
5464 1385 6104 1514 gewehmer
3420 1409 5822 1647 Herr Offenheini diese besser als
3389 1535 6084 1783 die Scholbstila; weil wir er neinte:
3443 1688 5866 1916 hiet wäre man eben schon da-
3402 1841 5927 2076 während man von der Sh olostila
3396 1980 6056 2229 erst siehfahren müße. Dem stimmben
4257 2113 5975 2361 Von Port schifften wir nach
3317 2123 4165 2344 wigbei.
3328 2239 6053 2484 Buchau, wo wir und von unern Begleiterus
3324 2423 6012 2668 trennsen und uns in den Wagensetztin
3348 2565 5686 2827 welcher uns nach Jenbach führte. Im
3328 2702 5825 2919 Brauhaus fanden wie Nachtnal und
3317 2831 6009 3113 Natstlager,! welches trotz seiner Kaße
3331 2974 5621 3249 mich nicht am. Einschlasen hunderte.
4195 3263 5012 3532 Ende. F. I. Argistes.
