6184 4040
440 116 1152 317 20640
249 406 2874 692 Cakonische Antwort des groben Condiecteurs.
225 576 2850 808 dies verdroß uns sehr und unser Ma-
147 712 2819 944 gen knurrte vor hauter Unwillene
215 869 2768 1094 Zehn Minuten hielten wir aus¬
198 989 2870 1254 da sprang Raga aus dem Waggon: denn
153 1135 2870 1374 er wollte doch ein Stuck Hel kaufe
174 1302 2857 1510 Kaum war er draußen, – so läutete
130 1435 2805 1694 es. Raga lief, so schnell er konnte
256 1582 2812 1834 und brachte uns in der Eile ein
222 1732 2812 1980 ganz kleines Stückchenbrathese
201 1875 2788 2130 und Brod er hatte nicht mehr
201 2011 2785 2250 Kausen können: es war zu spät.
215 2161 2741 2430 Aber jetzt, o Höher des Schicksals! bhieb
191 2304 2788 2577 der Zug noh jehn Mtuntenbbstehen.
222 2451 2836 2713 Aber wenigstens bis Rufstein konten
242 2618 2799 2867 wir es noch aushalten. Während
286 2751 2686 2996 des Weges von Rosenheim nach
303 2897 2805 3122 Kufsteie seiterte es sich ein wenig
280 3030 2775 3262 auf und man erblickte schon
280 3163 2884 3402 einige Spibzen der Tiroler Gerge¬
310 3286 2836 3572 In Kufstein mußten wir eben
297 3456 2833 3709 falld übersteigen; das Gepärt
198 3606 2829 3855 sillterevidirt werden. Wir kamen
4612 228 4871 395 1
3252 361 5901 651 si er. „Absolut nichts drin" sagte Paga
3317 559 5877 757 dem Beamtenn, der bis setzt, eri
3303 668 5979 961 wir sehen; sich noch immer auf solche
3310 828 5969 1067 Weise hatte abfertigen lassen. Auch
3358 958 5928 1224 uns redete er an Schon gut? Wid
3358 1115 5846 1381 gingen schnelt essen; es schmeckte
3344 1258 5703 1524 uns sehr gut. Dann setzten
3368 1404 5870 1657 Wir uns ein; die Fahrt war
3334 1548 6010 1800 wundertar. Die Frau Sonne geruhte
3320 1704 5894 1963 sogar schon, sich sehen zu lassen:
4592 1830 5935 1946 des Sümlingshufin Werg v
3293 1878 5982 2042 aber die schwarzen und grauen
3603 1974 5843 2134 ehen, habber theil weise zuhr ents. |
3266 2025 5928 2263 Nolken hätten noch nicht die Gnade¬
3913 2137 4527 2243 vollsend |
3272 2141 5870 2407 sichszu entfernen. – Die Tiroler
3255 2287 5836 2540 Berge traten noch nicht in
3296 2413 6040 2696 ihrer ganzen hehren Pracht hervor Bnur
3293 2584 5907 2843 zög ernd wiehedie Nebel aus den
3341 2730 5911 2966 engen Thäleri. Am fürf Uhrkamen
3262 2874 5846 3105 wir in Jeetach an. Wir. Sräfen
3286 3013 5805 3238 Frau Dokter-Ausspitz mit ihren
3300 3157 6016 3375 Töchtern. Wir mittheten uns einer
3289 3276 6020 3535 Wagen, der uns zum Ochensee führen
3262 3419 5853 3698 sollte. Der Weg- bis derthun ist
3293 3579 5938 3862 wild-rom autisch. Steil geht er
