6216 4024
1491 243 1788 426 -15-
1105 396 2300 646 den funsten August.
273 543 2803 789 Als wir in der Fruhe aufstanden und
250 699 2899 932 zum Fenster hinausguckten, wurden
220 812 2786 1052 wir mit Betrübnis inne, daß das
316 965 2796 1215 Wetter sehr ungeadiggelaunt war.
340 1118 2819 1325 Nachdem wir in unserm Nachtquartigr.
333 1255 2879 1508 (es war das Hötel: Die Post.) Ohristc
310 1401 2856 1658 hatten, so führen wir zu der Scholasti¬
286 1574 2899 1761 ka zurück, wo wir uns mit einigen
263 1688 2846 1934 Bekannten in ein Schiff einsetzfn
256 1841 2849 2097 und auf dem Achensee lüßig spagie
286 1987 2839 2247 ren führen,Nur Eine Cheilte die
353 2107 2856 2377 gemeinschaftliche Munterkeit. nicht
316 2277 2876 2540 das war die Mamo in ihrer Furcht,
250 2420 2786 2690 samkeit. Drum ländeten wir, um
273 2573 2856 2829 die Manio aus Land zu setzen, welche
266 2733 2863 2979 sich dann dort in Sehnsucht um die
286 2863 2856 3102 de Nösleu faullenzende Gisela ver
250 2989 2833 3219 zehrter wäsrend wir andern
256 3119 2793 3379 weis nuentrer und sorglis ar
136 3266 2813 3512 kauf dem See. seruinführen. Dalo
220 3422 1222 3628 darauf aber
1411 3415 2826 3668 stilegen auch wiraus
266 3575 2806 3858 um einen paziergang zu mo¬
3582 2044 3948 2343 NI.I
