6472 4024
439 347 2346 599 den achten. August.
249 507 2976 742 Nacsein wir aufgestanden warenund ein.
262 644 2976 892 guttes Frühstück genossen hatten, machten
266 776 2904 1039 wir uns auf den Weg, die Gegend uns anzu¬
249 943 2901 1178 schauen. Wir gingen fort; auf dem
255 1069 2789 1345 Wege bemerkte man eine schwache
249 1219 2986 1451 Steigerung. Wir näherten uns den viesigen
296 1379 2932 1628 Monte Cristaltd. Aun habten wir Gele¬
232 1525 2952 1774 genheit, de Großartigkeit des Ampepe¬
249 1658 2748 1914 thals zu bewundern. Die roten Selb¬
242 1839 2816 2070 massen der Solomiten ragten hoch hinauf
242 1982 2819 2162 in den blauen Morgensimmel alle an
262 2104 2850 2363 Größe hinter sich lassend der Monte
310 2251 2877 2482 Tiano. Wir schritten wacker vorwarfs,
249 2397 2867 2622 zwei Ständen lang. Auch dem Wige sonder
317 2547 2775 2802 wie eine dlengl von Algenblumen
340 2704 2840 2898 Wir waren allesehr Pröflic, erstens
351 2840 2887 3088 über, das gute Vetter, besonders aber
354 2969 2840 3211 über die Zweite Hälfte unserer Reise
330 3109 2809 3374 auf welcher wir, – kein- ich will
344 3245 2843 3456 beich nicht verplaudern; das komml
269 3391 2850 3657 schon später-Nach zwei Stunden
787 3545 2778 3790 begennen wir unsern
344 3579 759 3827 also
3623 303 6286 582 Kurckweg. Wieder kamen wir an dem
3681 456 6262 759 M.Clerisch gelegenen-Schluderbach vorüber¬
3715 599 6156 926 diesen Häussen im Rücken liegt
3728 732 6316 1011 gerade der Monto Cristallo ihorfene
3742 882 6323 1175 lange Wiiese von iheen getrennt.
3797 1042 6357 1311 In Laydro zurückgekehrt aßsen wir¬
3749 1192 6361 1451 die Fußpartin hatte uns großen
3732 1321 6361 1617 Appetil gemacht. Nahmittags führte
3766 1498 6361 1764 uns die Cost nach Tollauf zurück.
3793 1621 6320 1859 Wir schieden von dem Auspezpothal
3773 1747 6378 2002 nicht ohne uns seine unbeschreiblichet
3783 1907 6361 2217 Daturschönheiten tieh ein zu prägen¬
3783 2053 6384 2346 die Acuta saßt in dem Wagen vor¬
3776 2183 6374 2479 sunken in Betrachtungen, deren
3790 2329 6371 2663 Hauptinhalt natürlich des Koften
3780 2469 6391 2782 der Gila war, als in alseinmal
3759 2625 6354 2881 aus ihren Träumen aufgeschreckt
3844 2772 6378 3092 wurdt durch, die, kaltblutige Berner
5033 2942 5380 3047 zeder
3854 2911 6347 3190 kung eines Liroler, der auf dem Bocke
3878 3075 6333 3378 saß: "das Pferd da von in¬
3868 3221 6333 3524 sei sehr wild, es hätte schan zu
3783 3347 6282 3599 Kutscher todtgeschlagent. zu der
3803 3500 6333 3844 höchsten Aufregung versicherte Ma
