2904 3480
806 447 1549 539 Den vierten August.
528 562 2595 672 Diese Epnehmlichkeit war,dass uns das Zimmer mit den
536 685 2546 803 zwei Betten an sechs Gulden köstete. Wir gingen so-
534 832 2543 939 gleich zur Bahn,wo wir frühstückten. Dann fuhren wir
531 947 2551 1060 mit dem Zug fort. Zugleichmit uns fuhr der Journa-
542 1091 2467 1193 list und Dichter Max Waldstein,der meine Gedichte
544 1219 2559 1319 einer nicht allzustrengen Kritik unterwarf. Es war
544 1334 2567 1449 noch immer ein fürchterlicher Regen. "Heute wird's
544 1457 2559 1578 noch schön", behauptete siegesmutig Papa. Herr Wald-
555 1599 2661 1708 stein sagte entschieden das Gegentheil. Man sah nicht
555 1753 2444 1847 viel von der Gegend; drum kann ich sie nicht be-
565 1876 2619 1975 schreiben. In Hosenheim angekommen,mussten wir über-
785 2001 2567 2101 en; der Zug hatte sich verspätet; Papa fragte,
717 2132 2533 2229 lange noch Eufenthalt sei,denn wir wollten un-
552 2287 706 2383 ser
717 2271 2614 2368 n Magen für sein fünfstündiges Fasten Genugthuung
740 2386 2580 2499 chaften. "Weiss nicht",war die lakonische Ant-
610 2517 2614 2627 vort des groben Conducteurs. Dies verdross uns sehr.
654 2663 2514 2758 id unser Magen knurite vor lauter Unwillen. Zehn
751 2778 2509 2888 ten hielten wirs aus; da sprang Papa aus dem
638 2901 2635 3019 aggon; denn er wollte doch ein Stück Hendel kaufen.
