6344 4088
447 481 3032 732 umsch lessen von dättigem Grün
447 626 3094 859 erge ein Parades ibbriegt. Man
478 770 2908 1004 Konnti sich nicht satthesen,
454 904 2949 1128 aber leider auch 1 e war un
1238 1048 2936 1279 Anblick, wir aber
454 1076 1138 1272 erheben der
437 1196 3032 1458 erhoben und nicht, sondern
488 1361 3015 1609 Kletten und ae echt Ghr. insben
495 1509 3046 1753 nachden Ferde, Sehrer u. Letens¬
1791 1650 3063 1873 worden war
512 1653 1715 1908 wittel bestellt.
2014 1798 3052 2049 Aserz
1547 1836 1870 2011 den
560 1829 1306 2001 morgnin
505 1959 1540 2224 zu erstegen
3884 392 5490 674 Un eilsten August.
3438 560 6160 849 Volkig zwars als wir aufwgihfen
3596 732 5968 1007 von beschloß, daß nur der Paga
3633 863 6160 1110 ohne ans de Casterze beteigen
3561 1024 6174 1275 sollte. Kaum war er dreusen, so begenn
3503 1186 6153 1451 as in Krömen zuwegenn. Wir blieben im
3537 1337 6026 1581 Better Nach Verlauh von einer halben
3517 1482 6201 1729 Stunde trat der Paga wieder herei
3530 1629 4235 1863 und sprach.
3616 1757 5558 2018 Zu den Volken, stehts geschrieben.
3651 1904 5871 2159 Nimmer gehst de ohlie deine Lieben!
3455 2042 6212 2289 Wie ihr seht, fuhr er in bester. Prose
3479 2179 6229 2430 fort, "regnet es tüchtig. Folglich werden
3506 2334 6119 2619 wir heute umd zwar sogleich nach
3479 2468 5070 2771 Lienz zurückkehren.
3981 2616 5562 2870 "Lauter Zubelruf erschell!
3499 2716 6163 3004 Vir zogen uns warm an= den PackLebens¬
3496 2918 6212 3173 mittel nahmen wir in den Wagen hinein
3517 3052 6181 3338 und polterten nach Dillach, – denn fahren
3558 3211 6112 3434 kann man des dist nennen. Könner
3585 3362 5961 3572 eine habe Stinde von dem Fäße des
3503 3479 6122 3726 Goßtglotkners entferet, - o Dsicksalstücke¬
3534 3633 6016 3898 da verstreuten sich diie Volken, und ein
