6264 4168
1054 375 2586 661 den hechsten August.
239 529 2884 827 Nachdem wir aufgestanden waren,
272 691 2880 955 giengen wir zu in Bäsnhofaldbrauste
279 845 2796 1106 der Zug heran, welcher uns nach Jens¬
217 981 2726 1242 brick in einer Stundtbrachte. Dort
253 1150 2726 1370 mietheten wir uns zwei großze, schöne
298 1282 2862 1539 Zimmer im Hotel Eedope. Wir machten
279 1418 2836 1690 dann einen Spaziergang durch die Stadt¬
283 1561 2843 1837 da sich der Himmel noch nicht ganz
327 1705 2700 1991 auf gehuterhatte, so erblickten
257 1859 2832 2109 wir nur wenige von den hohen
272 2002 2796 2285 Bergen, die im Umkreis von
206 2153 2814 2403 der Hauptstadl. Lirols liegen. Dafürs
272 2303 2803 2528 betrach teten wir uns die Stadt selbst
261 2447 2866 2708 Genouer. Wir Bewunderten sienicht alein
331 2601 2866 2866 ihreRschöne Lage sondern auch der schän
283 2752 2726 2998 und, hohen Gelaude, sondern an und
261 2891 2810 3123 der breifens geräumigen Strosen
309 3027 2686 3270 wegen. Ba gingen Paga und
261 3152 2869 3361 Mama in ein Wauenbed. Hieruf
298 3303 2869 3556 dinirter wir im  Hotel Ewge tobledkt
231 3453 2843 3703 Nach Tische legten wir uns schlafen und
224 3600 2759 3894 dnn S. Gigensahr k giengen
3222 320 6176 602 Wun Berg hat, u dan z ee.
3211 514 6018 738 gen. Eiine halbe stunde dauertees,
3248 632 5874 900 bis wir. Den Gipfel erreicht hatten
3295 779 5874 1043 Frotz der geringen Höhe eröffnete sich
3317 937 5926 1176 unsern Augen eine grachtvolle Aussist
3306 1084 5951 1323 Links lag die Martinswand. Sie ist es
3310 1223 5885 1455 von der die Pagi erzählt, daß einst
3332 1363 5985 1627 dlaximilian, der Setzt- Ritter hindus¬
3314 1539 5885 1774 gestiegen sei und ihneur en Engel
3365 1668 5790 1892 hatte hinunterführen können.
3354 1815 5878 2061 Auf einem Gebirgssattel erhebt sich ein
3339 1943 5918 2193 Felsen einder Gestalt eines Pferdes, auf
3321 2105 5962 2359 dem eine Frau sitzt. Der Volksmint
3365 2234 6106 2458 giebt dies als die Frau Hitt aus, die in Ke¬
3365 2377 5922 2667 Folge ihres Stolzes zu Sein geworden
3376 2550 6021 2799 sei.- Unten liegt die schöne Stadt
3299 2686 5944 2924 Zinsbruck: und we wir da alle
3369 2836 6014 3057 Berge und thäler sehen, da erwacht
3384 2957 5981 3192 in und die Prinuerung an Andreas
3365 3090 6010 3369 Hofer und Speckbacher, welche dunten im
3299 3229 5794 3461 Friedhofe begraben sein sollen
4633 3373 4996 3512 tae
5422 3391 5816 3582 2¬
3567 3376 5367 3626 dri vende
3328 3523 5907 3828 Stadt waren, umzog sich der
