<?xml version="1.0" encoding="UTF-8" standalone="yes"?>
<PcGts xmlns="http://schema.primaresearch.org/PAGE/gts/pagecontent/2013-07-15" xmlns:xsi="http://www.w3.org/2001/XMLSchema-instance" xsi:schemaLocation="http://schema.primaresearch.org/PAGE/gts/pagecontent/2013-07-15 http://schema.primaresearch.org/PAGE/gts/pagecontent/2013-07-15/pagecontent.xsd">
    <Metadata>
        <Creator>prov=READ-COOP:name=PyLaia@TranskribusPlatform:version=2.7.0:model_id=50870:lm=none:date=22_01_2024_17:59</Creator>
        <Created>2023-09-27T14:36:33.886+02:00</Created>
        <LastChange>2024-01-22T17:59:54.433+01:00</LastChange>
        <TranskribusMetadata docId="1589040" pageId="60123955" pageNr="36" tsid="145631101" status="IN_PROGRESS" userId="40391" imgUrl="https://files.transkribus.eu/Get?id=IJFQACMVSFQEYBFPBRUIFGTR&amp;fileType=view" xmlUrl="https://files.transkribus.eu/Get?id=ICYKZGVULFAYTPXNILBXFOUS" imageId="48549033"/>
    </Metadata>
    <Page imageFilename="1589040_0036.jpg" imageWidth="6488" imageHeight="4104">
        <ReadingOrder>
            <OrderedGroup id="ro_1711792244135" caption="Regions reading order">
                <RegionRefIndexed index="0" regionRef="tr_1"/>
                <RegionRefIndexed index="1" regionRef="tr_2"/>
            </OrderedGroup>
        </ReadingOrder>
        <TextRegion orientation="0.0" id="tr_1" custom="readingOrder {index:0;}">
            <Coords points="357,353 357,3867 3316,3867 3316,353"/>
            <TextLine id="tr_1_tl_1" custom="readingOrder {index:0;}">
                <Coords points="1759,465 1870,458 1918,434 1939,444 2005,409 2026,413 2022,316 1974,333 1956,319 1856,333 1755,326"/>
                <Baseline points="1777,417 1802,417 1828,417 1854,417 1879,417 1905,417 1931,417 1956,417 1982,419 2008,421 2034,423"/>
                <TextEquiv>
                    <Unicode>30</Unicode>
                </TextEquiv>
            </TextLine>
            <TextLine id="tr_1_tl_2" custom="readingOrder {index:1;}">
                <Coords points="631,642 739,701 826,669 957,715 1020,680 1183,732 1325,638 1495,711 1991,617 2296,718 2439,642 2695,663 3011,604 3170,638 3212,624 3219,472 3108,454 2914,513 2602,444 2373,520 2310,486 2137,524 1880,451 1537,472 1405,548 1211,461 982,513 635,489"/>
                <Baseline points="650,638 778,636 907,632 1035,632 1164,626 1292,629 1421,627 1549,622 1678,621 1806,608 1935,608 2064,602 2192,602 2321,596 2449,590 2578,595 2706,584 2835,584 2963,577 3092,569 3221,572"/>
                <TextEquiv>
                    <Unicode>Unten lag Lienz, und es gefel uns von</Unicode>
                </TextEquiv>
            </TextLine>
            <TextLine id="tr_1_tl_3" custom="readingOrder {index:2;}">
                <Coords points="631,860 874,794 1054,839 1172,794 1408,812 1485,853 2054,753 2137,798 2615,774 2726,850 2789,812 3139,836 3306,784 3306,635 3125,610 3035,652 2824,617 2522,676 2439,638 2300,718 1991,617 1689,642 1516,711 1287,642 1176,732 635,676"/>
                <Baseline points="650,787 783,779 916,776 1049,781 1183,780 1316,775 1449,779 1583,769 1716,764 1849,765 1983,756 2116,751 2249,751 2382,742 2516,739 2649,745 2782,745 2916,736 3049,727 3182,742 3316,757"/>
                <TextEquiv>
                    <Unicode>oben viel besser als von unten, sehr frundlich</Unicode>
                </TextEquiv>
            </TextLine>
            <TextLine id="tr_1_tl_4" custom="readingOrder {index:3;}">
                <Coords points="635,989 694,1023 902,933 1190,964 1388,916 1603,968 1672,909 2158,957 2244,916 2411,961 2723,891 2872,923 3195,881 3264,930 3268,812 2980,857 2789,812 2744,850 2612,774 2515,829 2050,756 1807,787 1741,839 1446,853 1412,812 1166,798 638,836"/>
                <Baseline points="656,930 786,930 917,930 1048,929 1179,920 1310,918 1441,912 1572,906 1703,906 1834,901 1965,892 2095,888 2226,882 2357,886 2488,888 2619,884 2750,882 2881,882 3012,882 3143,879 3274,882"/>
                <TextEquiv>
                    <Unicode>lagen de üpgigen Kornfelder under uns</Unicode>
                </TextEquiv>
            </TextLine>
            <TextLine id="tr_1_tl_5" custom="readingOrder {index:4;}">
                <Coords points="3007,975 3032,975 3042,961 3066,968 3115,944 3157,957 3170,950 3198,971 3222,971 3247,950 3264,950 3261,881 3236,888 3209,881 3184,895 3146,895 3136,885 3108,895 3087,881 3059,909 3004,909"/>
                <Baseline points="3024,936 3049,938 3074,939 3099,941 3124,943 3149,944 3174,946 3199,948 3224,948 3249,948 3274,948"/>
                <TextEquiv>
                    <Unicode>su</Unicode>
                </TextEquiv>
            </TextLine>
            <TextLine id="tr_1_tl_6" custom="readingOrder {index:5;}">
                <Coords points="624,1065 885,1065 1086,1176 1453,1054 1655,1134 1731,1058 1887,1054 1995,1148 2237,1034 2341,1075 2425,1034 2837,1048 2928,1124 3105,1020 3274,1068 3278,989 3073,961 2959,891 2681,975 2498,940 2341,978 2244,916 2040,964 1675,905 1603,968 1388,919 1100,989 874,954 690,1023 628,992"/>
                <Baseline points="644,1061 776,1072 908,1064 1040,1050 1172,1049 1304,1049 1436,1047 1568,1043 1700,1043 1832,1039 1965,1042 2097,1037 2229,1036 2361,1031 2493,1031 2625,1028 2757,1025 2889,1017 3021,1014 3153,1017 3286,1026"/>
                <TextEquiv>
                    <Unicode>oben auf den Selhen sah man weite Schnei¬</Unicode>
                </TextEquiv>
            </TextLine>
            <TextLine id="tr_1_tl_7" custom="readingOrder {index:6;}">
                <Coords points="572,1329 805,1211 992,1276 1120,1211 1235,1245 1398,1197 1675,1200 1786,1266 1960,1197 2043,1245 2556,1176 2851,1294 3025,1190 3094,1228 3098,1048 3018,1051 2938,1124 2837,1048 2737,1072 2640,1023 2466,1079 2227,1044 2005,1166 1828,1054 1655,1131 1394,1103 1183,1183 1127,1148 1082,1176 888,1061 576,1103"/>
                <Baseline points="590,1228 715,1204 841,1204 967,1210 1093,1213 1219,1210 1345,1193 1470,1193 1596,1193 1722,1193 1848,1193 1974,1196 2100,1189 2226,1181 2351,1178 2477,1175 2603,1175 2729,1175 2855,1175 2981,1168 3107,1157"/>
                <TextEquiv>
                    <Unicode>Felder, — wärlich – dieser Aublick ist</Unicode>
                </TextEquiv>
            </TextLine>
            <TextLine id="tr_1_tl_8" custom="readingOrder {index:7;}">
                <Coords points="336,1433 392,1464 527,1394 718,1467 853,1370 1072,1433 1176,1384 1492,1363 1551,1394 2147,1356 2210,1398 2348,1349 2498,1384 2775,1339 3122,1367 3122,1263 2907,1245 2844,1297 2407,1186 1998,1235 1724,1332 1381,1311 1311,1259 1214,1318 1110,1228 992,1276 832,1211 610,1311 517,1263 340,1329"/>
                <Baseline points="357,1383 495,1380 634,1376 773,1364 911,1360 1050,1360 1189,1366 1327,1366 1466,1364 1605,1360 1744,1360 1882,1354 2021,1354 2160,1347 2298,1346 2437,1349 2576,1344 2714,1340 2853,1331 2992,1330 3131,1330"/>
                <TextEquiv>
                    <Unicode>ich uhrbend. In einigen Stunde warei</Unicode>
                </TextEquiv>
            </TextLine>
            <TextLine id="tr_1_tl_9" custom="readingOrder {index:8;}">
                <Coords points="541,1575 659,1526 791,1578 829,1544 1568,1509 1672,1606 1804,1502 1984,1606 2276,1519 2494,1599 2671,1481 2983,1551 3091,1471 3160,1492 3164,1332 2931,1401 2751,1356 2640,1415 2439,1394 2230,1457 1946,1356 1599,1398 1440,1367 1339,1433 1207,1394 1124,1453 1013,1394 832,1460 545,1450"/>
                <Baseline points="560,1521 690,1519 820,1515 951,1520 1081,1515 1211,1509 1342,1505 1472,1503 1602,1500 1733,1503 1863,1502 1993,1514 2124,1517 2254,1516 2384,1494 2515,1485 2645,1478 2775,1469 2906,1461 3036,1458 3167,1467"/>
                <TextEquiv>
                    <Unicode>wir au der Zitze angelange</Unicode>
                </TextEquiv>
            </TextLine>
            <TextLine id="tr_1_tl_10" custom="readingOrder {index:9;}">
                <Coords points="548,1710 659,1727 808,1665 867,1703 1401,1720 1533,1658 1904,1707 1977,1655 2147,1710 2251,1662 2504,1665 2581,1731 2702,1689 2834,1734 3077,1679 3170,1700 3174,1485 3073,1481 2987,1551 2674,1481 2508,1596 2407,1610 2300,1578 2130,1606 2036,1561 1956,1589 1814,1516 1679,1613 1571,1509 1353,1540 1242,1603 1162,1540 1089,1582 1044,1544 836,1544 770,1596 552,1571"/>
                <Baseline points="572,1664 702,1664 832,1664 963,1665 1093,1670 1223,1663 1354,1658 1484,1658 1614,1658 1745,1658 1875,1646 2005,1657 2136,1662 2266,1648 2396,1645 2527,1640 2657,1638 2787,1628 2918,1622 3048,1622 3179,1634"/>
                <TextEquiv>
                    <Unicode>Wo wi r uns drch uen Peibiß¬</Unicode>
                </TextEquiv>
            </TextLine>
            <TextLine id="tr_1_tl_11" custom="readingOrder {index:10;}">
                <Coords points="614,1897 725,1849 815,1877 905,1804 1228,1842 1356,1807 1457,1845 1582,1797 1915,1793 1974,1852 2060,1804 2158,1842 2206,1800 2421,1783 2612,1842 2827,1786 2983,1825 3132,1766 3271,1804 3274,1599 2987,1717 2740,1700 2567,1748 2459,1665 2341,1658 2168,1714 2071,1682 1890,1752 1832,1700 1627,1748 1488,1672 1401,1720 1207,1727 1117,1679 1006,1710 784,1665 617,1720"/>
                <Baseline points="638,1807 770,1801 902,1801 1034,1801 1166,1803 1298,1802 1430,1793 1562,1794 1694,1795 1826,1795 1959,1789 2091,1785 2223,1783 2355,1783 2487,1776 2619,1778 2751,1778 2883,1780 3015,1771 3147,1762 3280,1759"/>
                <TextEquiv>
                    <Unicode>stärkten. Dann gings bergen, - wir</Unicode>
                </TextEquiv>
            </TextLine>
            <TextLine id="tr_1_tl_12" custom="readingOrder {index:11;}">
                <Coords points="663,1963 1159,1939 1301,2022 1443,1956 1734,1967 1783,1932 2265,1963 2758,1918 2862,1963 2990,1908 3174,1929 3177,1814 3021,1852 2806,1793 2681,1852 2428,1779 2352,1832 2262,1793 1974,1852 1915,1790 1675,1793 1360,1852 1030,1804 930,1859 663,1870"/>
                <Baseline points="680,1950 811,1941 943,1938 1074,1938 1206,1938 1337,1944 1469,1944 1600,1934 1732,1926 1863,1924 1995,1920 2126,1920 2258,1916 2389,1914 2521,1914 2652,1907 2784,1902 2915,1902 3047,1902 3179,1902"/>
                <TextEquiv>
                    <Unicode>verließen. Stiol und waren in</Unicode>
                </TextEquiv>
            </TextLine>
            <TextLine id="tr_1_tl_13" custom="readingOrder {index:12;}">
                <Coords points="673,2151 815,2119 954,2175 1072,2081 1318,2140 1714,2088 1835,2140 1967,2071 2171,2133 2241,2088 2303,2133 2504,2054 2837,2112 2955,2060 3302,2106 3302,1995 3191,1946 3028,1939 2945,1988 2681,1918 2515,1988 2373,1932 2085,2033 1904,1981 1616,1977 1381,2054 1159,1939 1103,1981 1058,1942 676,1963"/>
                <Baseline points="697,2087 827,2087 958,2087 1088,2081 1219,2081 1350,2091 1480,2099 1611,2081 1742,2078 1872,2075 2003,2069 2134,2074 2264,2069 2395,2060 2526,2049 2656,2040 2787,2041 2918,2046 3048,2046 3179,2052 3310,2063"/>
                <TextEquiv>
                    <Unicode>Cärnkhen. In einer Stunde waren</Unicode>
                </TextEquiv>
            </TextLine>
            <TextLine id="tr_1_tl_14" custom="readingOrder {index:13;}">
                <Coords points="673,2244 1540,2217 1665,2258 1752,2220 1995,2251 2334,2210 2536,2241 2622,2199 2758,2241 2824,2203 2987,2262 3129,2203 3129,2102 3000,2060 2442,2151 2005,2088 1821,2171 1578,2161 1502,2095 1401,2164 1294,2123 1214,2164 1068,2085 954,2175 826,2130 676,2178"/>
                <Baseline points="691,2236 813,2236 935,2230 1057,2230 1180,2224 1302,2222 1424,2223 1547,2218 1669,2217 1791,2219 1914,2215 2036,2219 2158,2213 2280,2204 2403,2201 2525,2200 2647,2195 2770,2195 2892,2187 3014,2183 3137,2189"/>
                <TextEquiv>
                    <Unicode>Wirt, unten in dem lieblich</Unicode>
                </TextEquiv>
            </TextLine>
            <TextLine id="tr_1_tl_15" custom="readingOrder {index:14;}">
                <Coords points="753,2400 839,2439 957,2376 1065,2435 1162,2376 1485,2376 1568,2421 1769,2362 1866,2393 2106,2359 2189,2404 2511,2352 2612,2435 2896,2348 2976,2390 3098,2352 3188,2380 3188,2217 3087,2210 2886,2289 2619,2199 2373,2282 2074,2217 1998,2262 1856,2217 1675,2289 1610,2289 1533,2213 1186,2286 1086,2227 975,2276 756,2269"/>
                <Baseline points="775,2374 896,2374 1017,2374 1138,2374 1259,2374 1380,2370 1501,2362 1622,2360 1743,2356 1864,2356 1986,2356 2107,2356 2228,2361 2349,2356 2470,2351 2591,2349 2712,2344 2833,2344 2954,2336 3075,2328 3197,2332"/>
                <TextEquiv>
                    <Unicode>drfcher- Wieklertei, angelangt. dort</Unicode>
                </TextEquiv>
            </TextLine>
            <TextLine id="tr_1_tl_16" custom="readingOrder {index:15;}">
                <Coords points="805,2539 985,2511 1127,2563 1176,2522 1408,2515 1481,2574 1658,2577 1942,2501 2952,2522 3181,2480 3181,2376 3098,2355 2952,2432 2685,2393 2591,2445 2386,2355 2234,2466 1942,2355 1589,2466 1297,2452 1159,2380 1068,2432 961,2376 805,2432"/>
                <Baseline points="823,2517 941,2511 1059,2505 1178,2508 1296,2511 1415,2516 1533,2511 1651,2502 1770,2499 1888,2496 2007,2498 2125,2499 2243,2494 2362,2491 2480,2499 2599,2497 2717,2489 2835,2481 2954,2481 3072,2485 3191,2475"/>
                <TextEquiv>
                    <Unicode>rihten wir duns Les. von der</Unicode>
                </TextEquiv>
            </TextLine>
            <TextLine id="tr_1_tl_17" custom="readingOrder {index:16;}">
                <Coords points="732,2685 978,2709 1176,2661 1318,2713 1453,2650 1762,2702 1981,2643 2279,2681 2338,2640 2591,2667 2633,2636 2785,2692 2876,2636 3111,2678 3219,2643 3219,2563 2789,2581 2674,2498 2518,2532 2060,2504 1887,2574 1481,2574 1419,2522 1290,2570 1172,2518 1072,2560 999,2511 732,2563"/>
                <Baseline points="751,2666 874,2666 998,2661 1122,2663 1246,2655 1370,2653 1493,2648 1617,2660 1741,2660 1865,2655 1989,2637 2112,2642 2236,2636 2360,2636 2484,2636 2608,2636 2731,2636 2855,2636 2979,2635 3103,2630 3227,2642"/>
                <TextEquiv>
                    <Unicode>vertunden.  Wir bedurften am</Unicode>
                </TextEquiv>
            </TextLine>
            <TextLine id="tr_1_tl_18" custom="readingOrder {index:17;}">
                <Coords points="1485,2841 2154,2792 2296,2813 2439,2900 2563,2792 2709,2830 2837,2785 2966,2872 3105,2789 3191,2862 3285,2848 3288,2647 3049,2647 2938,2720 2865,2664 2778,2692 2633,2640 2386,2713 2331,2667 2085,2654 1890,2730 1485,2674"/>
                <Baseline points="1503,2809 1592,2797 1681,2791 1771,2791 1860,2797 1950,2791 2039,2791 2129,2791 2218,2791 2308,2791 2397,2779 2486,2779 2576,2779 2665,2791 2755,2791 2844,2785 2934,2779 3023,2779 3113,2773 3202,2767 3292,2779"/>
                <TextEquiv>
                    <Unicode>denn um 12 Uhlr setzten</Unicode>
                </TextEquiv>
            </TextLine>
            <TextLine id="tr_1_tl_19" custom="readingOrder {index:18;}">
                <Coords points="985,2830 1030,2834 1079,2813 1127,2830 1169,2806 1190,2824 1249,2810 1287,2834 1339,2820 1329,2671 1245,2678 1169,2657 1089,2692 1037,2688 975,2709"/>
                <Baseline points="1002,2803 1028,2801 1055,2799 1081,2798 1108,2798 1135,2800 1161,2802 1188,2803 1214,2805 1241,2807 1268,2809 1294,2816 1321,2825 1348,2833"/>
                <TextEquiv>
                    <Unicode>Ruse</Unicode>
                </TextEquiv>
            </TextLine>
            <TextLine id="tr_1_tl_20" custom="readingOrder {index:19;}">
                <Coords points="600,2987 964,2962 1086,3021 1384,2955 1637,2980 1759,2945 1904,2990 2071,2938 2404,3014 2515,2945 2713,2973 2806,2942 3098,3032 3302,2959 3306,2883 3115,2799 3007,2872 2820,2896 2636,2792 2563,2792 2449,2889 2210,2886 2067,2834 1956,2883 1835,2817 1616,2879 1440,2772 1325,2824 1166,2806 1103,2855 1009,2827 850,2914 690,2844 600,2893"/>
                <Baseline points="620,2952 754,2955 889,2958 1023,2958 1158,2952 1292,2952 1427,2958 1561,2949 1696,2940 1830,2937 1965,2934 2099,2931 2234,2940 2368,2940 2503,2940 2637,2940 2772,2940 2906,2934 3041,2928 3175,2931 3310,2940"/>
                <TextEquiv>
                    <Unicode>wir uns in einen Sitzigenunge</Unicode>
                </TextEquiv>
            </TextLine>
            <TextLine id="tr_1_tl_21" custom="readingOrder {index:20;}">
                <Coords points="614,3143 770,3202 909,3105 1030,3146 1183,3101 1530,3098 1634,3146 1922,3091 1998,3143 2328,3111 2421,3146 2595,3091 2647,3125 3049,3077 3125,3153 3233,3098 3233,3028 3098,3039 2976,2976 2872,3000 2778,2938 2685,2994 2622,2945 2452,2938 2192,2983 1984,2948 1894,2990 1734,2945 1554,3011 1401,2959 1207,3028 1041,3018 964,2959 617,2990"/>
                <Baseline points="632,3119 762,3107 892,3107 1023,3101 1153,3101 1283,3101 1414,3101 1544,3095 1674,3092 1805,3089 1935,3083 2065,3088 2196,3095 2326,3095 2456,3087 2587,3079 2717,3078 2847,3074 2978,3072 3108,3072 3239,3072"/>
                <TextEquiv>
                    <Unicode>kosten die Kärntnersleten die darauf</Unicode>
                </TextEquiv>
            </TextLine>
            <TextLine id="tr_1_tl_22" custom="readingOrder {index:21;}">
                <Coords points="1065,3320 1159,3327 1221,3271 1388,3344 1467,3285 1762,3333 1988,3254 2185,3344 2380,3236 2674,3288 2792,3236 3077,3229 3188,3271 3236,3247 3240,3132 3143,3174 3039,3087 2928,3181 2820,3205 2688,3153 2432,3174 2328,3111 1884,3157 1623,3146 1526,3094 1068,3115"/>
                <Baseline points="1085,3280 1193,3262 1301,3254 1409,3250 1517,3254 1625,3251 1733,3244 1841,3237 1949,3233 2057,3237 2165,3239 2273,3232 2381,3227 2489,3230 2597,3228 2705,3233 2813,3239 2921,3234 3029,3227 3137,3227 3245,3233"/>
                <TextEquiv>
                    <Unicode>stolzg zu sein scheine:, Agen</Unicode>
                </TextEquiv>
            </TextLine>
            <TextLine id="tr_1_tl_23" custom="readingOrder {index:22;}">
                <Coords points="697,3476 857,3406 992,3496 1186,3424 1349,3444 1568,3396 2033,3431 2109,3389 2168,3420 2289,3386 2598,3382 2678,3420 2827,3379 2983,3417 3195,3389 3195,3261 3028,3226 2910,3309 2806,3236 2674,3292 2553,3236 2383,3236 2171,3347 1949,3254 1731,3333 1467,3281 1388,3344 1273,3323 1214,3379 912,3261 697,3309"/>
                <Baseline points="715,3406 839,3400 963,3400 1088,3400 1212,3400 1337,3400 1461,3394 1585,3394 1710,3395 1834,3397 1959,3388 2083,3388 2207,3388 2332,3382 2456,3382 2581,3376 2705,3378 2829,3382 2954,3382 3078,3370 3203,3382"/>
                <TextEquiv>
                    <Unicode>ihm heen Bamm Wegen bei. Ders</Unicode>
                </TextEquiv>
            </TextLine>
            <TextLine id="tr_1_tl_24" custom="readingOrder {index:23;}">
                <Coords points="673,3587 905,3590 982,3549 1224,3601 1360,3542 1707,3576 1863,3535 2220,3573 2265,3542 2314,3583 2376,3538 2477,3594 2716,3517 2955,3580 3004,3538 3177,3542 3177,3420 3052,3438 2865,3375 2227,3396 2185,3431 2106,3389 1960,3469 1724,3399 1582,3486 1446,3413 1374,3451 1297,3413 982,3493 857,3406 780,3476 676,3483"/>
                <Baseline points="691,3567 815,3552 940,3549 1065,3547 1189,3543 1314,3542 1439,3534 1563,3531 1688,3525 1813,3525 1938,3519 2062,3525 2187,3525 2312,3525 2436,3525 2561,3525 2686,3516 2810,3518 2935,3518 3060,3517 3185,3525"/>
                <TextEquiv>
                    <Unicode>Kollerte sinab mit uns, daß wir</Unicode>
                </TextEquiv>
            </TextLine>
            <TextLine id="tr_1_tl_25" custom="readingOrder {index:24;}">
                <Coords points="683,3715 989,3684 1329,3746 1637,3677 2040,3666 2206,3760 2314,3694 2556,3767 2775,3666 2817,3701 3184,3656 3278,3705 3309,3597 2716,3517 2480,3594 2178,3552 2015,3632 1821,3545 1471,3642 992,3549 683,3646"/>
                <Baseline points="703,3686 833,3679 964,3674 1094,3673 1225,3668 1356,3675 1486,3680 1617,3674 1748,3665 1878,3662 2009,3666 2140,3662 2270,3666 2401,3662 2532,3662 2662,3658 2793,3655 2924,3650 3054,3650 3185,3659 3316,3668"/>
                <TextEquiv>
                    <Unicode>meintes, alle Ullsere nerbran</Unicode>
                </TextEquiv>
            </TextLine>
            <TextLine id="tr_1_tl_26" custom="readingOrder {index:25;}">
                <Coords points="638,3934 839,3899 891,3930 1252,3826 1623,3882 1932,3812 2029,3812 2137,3892 2314,3878 2432,3920 2692,3802 2959,3885 3039,3958 3111,3902 3236,3927 3240,3691 3167,3660 2994,3708 2775,3666 2525,3764 2317,3698 2206,3760 1967,3663 1922,3701 1641,3673 1429,3760 950,3684 760,3715 680,3788 638,3764"/>
                <Baseline points="656,3835 785,3826 914,3823 1044,3817 1173,3817 1303,3817 1432,3817 1562,3804 1691,3803 1821,3804 1950,3799 2079,3805 2209,3805 2338,3805 2468,3809 2597,3800 2727,3799 2856,3799 2986,3798 3115,3793 3245,3787"/>
                <TextEquiv>
                    <Unicode>entzwei. Mit der hei aber zog</Unicode>
                </TextEquiv>
            </TextLine>
            <TextEquiv>
                <Unicode></Unicode>
            </TextEquiv>
        </TextRegion>
        <TextRegion orientation="0.0" id="tr_2" custom="readingOrder {index:1;}">
            <Coords points="3543,461 3543,3786 6346,3786 6346,461"/>
            <TextLine id="tr_2_tl_1" custom="readingOrder {index:0;}">
                <Coords points="3524,583 4027,586 4194,503 4471,486 4842,645 4943,565 5082,534 5231,576 5363,534 5529,586 5664,548 5869,572 5928,621 6192,531 6289,541 6289,465 6164,413 6046,451 5921,388 5779,468 5692,409 5581,447 5442,392 5116,468 4936,465 4794,406 4631,434 4516,402 4423,444 4194,385 4097,451 3819,382 3677,444 3524,402"/>
                <Baseline points="3543,566 3680,554 3818,554 3956,554 4094,558 4232,554 4369,554 4507,548 4645,545 4783,542 4921,538 5058,542 5196,542 5334,542 5472,537 5610,530 5747,530 5885,524 6023,524 6161,521 6299,518"/>
                <TextEquiv>
                    <Unicode>und die S1. p.t der Gegens von diesen</Unicode>
                </TextEquiv>
            </TextLine>
            <TextLine id="tr_2_tl_2" custom="readingOrder {index:1;}">
                <Coords points="3666,794 3795,753 3847,798 3954,725 4169,819 4384,722 4530,829 4690,735 4863,704 4929,753 4998,697 5304,735 5356,697 5616,690 5748,763 5935,697 6015,753 6181,687 6160,545 5984,624 5658,548 5338,649 5165,548 5002,638 4933,572 4842,645 4721,569 4537,638 4312,500 4124,649 3989,604 3850,656 3670,631"/>
                <Baseline points="3686,715 3817,709 3949,700 4080,703 4212,703 4343,703 4475,711 4606,710 4738,697 4869,697 5001,692 5132,693 5264,690 5395,678 5527,667 5658,659 5790,683 5921,680 6053,677 6185,668"/>
                <TextEquiv>
                    <Unicode>prosaischen Gedanken ab- zuerst</Unicode>
                </TextEquiv>
            </TextLine>
            <TextLine id="tr_2_tl_3" custom="readingOrder {index:2;}">
                <Coords points="3722,895 4045,864 4156,909 4315,867 4485,926 4645,885 4790,947 4964,846 5207,895 5425,832 5803,822 5997,864 6102,829 6105,725 5997,753 5932,694 5758,774 5619,694 5446,728 5356,697 5266,746 5096,690 4933,753 4690,735 4534,822 4447,774 4166,819 3954,722 3847,798 3725,739"/>
                <Baseline points="3740,864 3858,863 3977,869 4096,858 4214,854 4333,842 4452,850 4570,844 4689,847 4808,841 4927,841 5045,841 5164,841 5283,841 5401,835 5520,829 5639,825 5757,823 5876,821 5995,813 6114,817"/>
                <TextEquiv>
                    <Unicode>sih man silberhell die Möll der</Unicode>
                </TextEquiv>
            </TextLine>
            <TextLine id="tr_2_tl_4" custom="readingOrder {index:3;}">
                <Coords points="3729,1030 4131,975 4298,1061 4381,996 4496,989 4842,1068 4978,978 5279,989 5363,1044 5553,975 5661,1016 5807,964 6140,982 6140,826 6102,819 5814,919 5529,846 5207,895 5026,843 4894,867 4790,950 4551,881 4409,919 4315,867 4131,916 4013,860 3930,902 3864,871 3732,954"/>
                <Baseline points="3752,990 3871,978 3991,978 4111,973 4231,978 4351,983 4471,984 4591,984 4711,984 4831,988 4951,980 5070,978 5190,982 5310,974 5430,966 5550,966 5670,966 5790,966 5910,956 6030,948 6150,942"/>
                <TextEquiv>
                    <Unicode>das reizende Thal fließen, das</Unicode>
                </TextEquiv>
            </TextLine>
            <TextLine id="tr_2_tl_5" custom="readingOrder {index:4;}">
                <Coords points="3601,1183 4211,1138 4776,1245 5096,1120 5501,1214 5637,1166 5907,1218 5994,1200 5997,985 5765,975 5616,1058 5501,989 5373,1048 5193,982 5064,1020 4978,978 4846,1068 4544,989 4426,989 4312,1061 4221,1020 4145,1072 3968,989 3816,1034 3601,1006"/>
                <Baseline points="3620,1133 3739,1123 3858,1121 3977,1121 4097,1121 4216,1121 4335,1127 4455,1127 4574,1127 4693,1125 4813,1121 4932,1121 5051,1119 5170,1115 5290,1115 5409,1115 5528,1111 5648,1109 5767,1109 5886,1109 6006,1115"/>
                <TextEquiv>
                    <Unicode>Wetter bliebres nach wie vor günstig</Unicode>
                </TextEquiv>
            </TextLine>
            <TextLine id="tr_2_tl_6" custom="readingOrder {index:5;}">
                <Coords points="3642,1346 3968,1294 4176,1325 4277,1398 4482,1322 4856,1349 5026,1290 5196,1318 5227,1287 5318,1329 5446,1276 5612,1335 5810,1263 6272,1318 6296,1190 5991,1186 5925,1231 5769,1183 5661,1228 5595,1183 5484,1231 5307,1162 5162,1224 5030,1197 4780,1245 4513,1176 4305,1221 4232,1148 4072,1200 3812,1138 3746,1186 3646,1172"/>
                <Baseline points="3662,1306 3793,1294 3925,1294 4057,1288 4189,1288 4321,1288 4453,1290 4584,1294 4716,1288 4848,1288 4980,1288 5112,1288 5244,1281 5376,1272 5507,1277 5639,1278 5771,1269 5903,1258 6035,1270 6167,1267 6299,1270"/>
                <TextEquiv>
                    <Unicode>hohe Berge enragten uns von</Unicode>
                </TextEquiv>
            </TextLine>
            <TextLine id="tr_2_tl_7" custom="readingOrder {index:6;}">
                <Coords points="5828,1335 5876,1342 5932,1329 5970,1346 5994,1335 6008,1349 6025,1339 6060,1349 6098,1332 6133,1342 6154,1325 6178,1329 6181,1276 6119,1270 6063,1294 5952,1276 5900,1290 5869,1270 5828,1283"/>
                <Baseline points="5845,1330 5871,1328 5897,1326 5923,1324 5949,1324 5975,1324 6001,1324 6028,1323 6054,1321 6080,1319 6106,1318 6132,1318 6158,1318 6185,1318"/>
                <TextEquiv>
                    <Unicode>wen sie</Unicode>
                </TextEquiv>
            </TextLine>
            <TextLine id="tr_2_tl_8" custom="readingOrder {index:7;}">
                <Coords points="4801,1512 5033,1433 5217,1530 5387,1433 5432,1474 5553,1422 6292,1422 6292,1342 6209,1322 5661,1360 5616,1329 5567,1363 5432,1276 5311,1329 5279,1294 5085,1398 4950,1325 4804,1339"/>
                <Baseline points="4825,1437 4898,1429 4972,1426 5046,1431 5119,1431 5193,1427 5267,1425 5340,1427 5414,1430 5488,1425 5562,1420 5635,1415 5709,1411 5783,1408 5856,1413 5930,1413 6004,1409 6077,1404 6151,1401 6225,1401 6299,1401"/>
                <TextEquiv>
                    <Unicode>Oft sah mans von</Unicode>
                </TextEquiv>
            </TextLine>
            <TextLine id="tr_2_tl_9" custom="readingOrder {index:8;}">
                <Coords points="3583,1453 3691,1467 3850,1429 3999,1478 4239,1446 4239,1297 4034,1308 3954,1342 3802,1304 3712,1394 3670,1374 3583,1405"/>
                <Baseline points="3602,1443 3634,1436 3666,1434 3698,1432 3731,1430 3763,1427 3795,1425 3827,1425 3860,1425 3892,1425 3924,1427 3956,1430 3989,1432 4021,1434 4053,1436 4085,1435 4118,1430 4150,1426 4182,1425 4214,1425 4247,1425"/>
                <TextEquiv>
                    <Unicode>allen 1.</Unicode>
                </TextEquiv>
            </TextLine>
            <TextLine id="tr_2_tl_10" custom="readingOrder {index:9;}">
                <Coords points="3625,1606 3982,1592 4072,1627 4190,1571 4416,1620 4454,1589 4665,1668 4957,1571 5352,1648 5567,1575 5748,1668 5869,1606 5980,1655 6129,1561 6310,1610 6313,1433 6258,1412 6150,1478 5945,1408 5880,1443 5547,1426 5217,1533 4946,1464 4853,1519 4700,1453 4534,1526 4326,1453 4107,1530 4017,1485 3628,1537"/>
                <Baseline points="3644,1592 3777,1588 3911,1586 4044,1582 4178,1574 4312,1570 4445,1574 4579,1574 4713,1580 4846,1574 4980,1568 5114,1565 5247,1568 5381,1571 5515,1568 5648,1565 5782,1556 5916,1556 6049,1556 6183,1553 6317,1556"/>
                <TextEquiv>
                    <Unicode>einer ungeheuren Höhe sich Wässerlalt</Unicode>
                </TextEquiv>
            </TextLine>
            <TextLine id="tr_2_tl_11" custom="readingOrder {index:10;}">
                <Coords points="3632,1807 3750,1727 4121,1724 4270,1766 4329,1724 4960,1748 5415,1707 5664,1766 5800,1700 5886,1738 6004,1696 6254,1710 6254,1644 6192,1620 5751,1668 5571,1575 5349,1651 4860,1585 4738,1679 4443,1606 4104,1672 3850,1603 3632,1641"/>
                <Baseline points="3650,1735 3780,1728 3911,1723 4041,1722 4172,1721 4303,1716 4433,1708 4564,1706 4695,1714 4825,1711 4956,1717 5087,1712 5217,1706 5348,1706 5479,1705 5609,1700 5740,1695 5871,1704 6001,1693 6132,1685 6263,1688"/>
                <TextEquiv>
                    <Unicode>schäumend In di unendliche tiefe</Unicode>
                </TextEquiv>
            </TextLine>
            <TextLine id="tr_2_tl_12" custom="readingOrder {index:11;}">
                <Coords points="5737,1870 5824,1835 5855,1863 5911,1828 5973,1859 6039,1832 6095,1859 6185,1849 6181,1724 6140,1731 6088,1693 6029,1731 5956,1710 5925,1741 5893,1741 5807,1700 5734,1734"/>
                <Baseline points="5756,1837 5781,1835 5807,1834 5832,1832 5858,1830 5883,1828 5909,1827 5935,1825 5960,1825 5986,1825 6011,1825 6037,1827 6063,1830 6088,1834 6114,1837 6139,1843 6165,1849 6191,1855"/>
                <TextEquiv>
                    <Unicode>toden</Unicode>
                </TextEquiv>
            </TextLine>
            <TextLine id="tr_2_tl_13" custom="readingOrder {index:12;}">
                <Coords points="3660,1953 3795,1873 4006,1967 4173,1852 4256,1918 4364,1863 4541,1901 4724,1852 5005,1911 5325,1870 5408,1925 5592,1915 5727,1991 5980,1932 6136,1946 6133,1877 6050,1835 5762,1859 5581,1727 5307,1783 5040,1752 4874,1804 4638,1727 4475,1797 4110,1720 4010,1786 3760,1727 3656,1783"/>
                <Baseline points="3674,1849 3797,1857 3921,1856 4044,1855 4168,1849 4291,1854 4415,1857 4538,1857 4662,1849 4785,1851 4909,1855 5032,1855 5156,1852 5279,1849 5403,1867 5526,1887 5650,1896 5773,1905 5897,1908 6020,1903 6144,1914"/>
                <TextEquiv>
                    <Unicode>sürzten. Übr den sein: Gr Bäschache</Unicode>
                </TextEquiv>
            </TextLine>
            <TextLine id="tr_2_tl_14" custom="readingOrder {index:13;}">
                <Coords points="3666,2043 3826,2026 3979,2109 4145,2008 4187,2047 4419,2026 4565,2116 4804,2008 4926,2057 5002,2012 5231,2029 5276,1995 5703,2071 5890,1995 6282,1988 6282,1866 6223,1849 6098,1946 6056,1904 5904,1963 5821,1922 5748,1974 5359,1884 4936,1925 4849,1974 4749,1887 4634,1866 4322,1956 4124,1873 4006,1963 3795,1873 3666,1942"/>
                <Baseline points="3686,2016 3816,2002 3946,1998 4076,1996 4206,1992 4336,1999 4466,2000 4596,1999 4726,2004 4856,2004 4986,1998 5116,1998 5246,1992 5376,1992 5506,1992 5636,1992 5766,1998 5896,1994 6026,1985 6156,1977 6287,1974"/>
                <TextEquiv>
                    <Unicode>brausten Bäche, mit Gewalt über</Unicode>
                </TextEquiv>
            </TextLine>
            <TextLine id="tr_2_tl_15" custom="readingOrder {index:14;}">
                <Coords points="3660,2192 3798,2147 3996,2234 4180,2144 4454,2158 4558,2217 4631,2158 4828,2189 5044,2133 5269,2168 5373,2137 5606,2171 5751,2130 5869,2182 6077,2151 6167,2206 6337,2175 6341,2001 6008,1995 5716,2106 5269,1991 5207,2026 5002,2012 4881,2078 4679,2054 4554,2119 4437,2043 4183,2099 4045,2081 3986,2123 3809,2043 3663,2043"/>
                <Baseline points="3680,2147 3813,2145 3946,2153 4079,2149 4213,2141 4346,2141 4479,2142 4613,2143 4746,2141 4879,2137 5013,2130 5146,2135 5279,2135 5412,2132 5546,2129 5679,2132 5812,2123 5946,2123 6079,2123 6212,2132 6346,2141"/>
                <TextEquiv>
                    <Unicode>die gewaltigen Kiels und Steinwasser</Unicode>
                </TextEquiv>
            </TextLine>
            <TextLine id="tr_2_tl_16" custom="readingOrder {index:15;}">
                <Coords points="3649,2348 3777,2376 3850,2317 3892,2345 4135,2303 4239,2380 4648,2289 4752,2317 4901,2282 4957,2314 5200,2282 5307,2324 5411,2289 5651,2348 5800,2286 5932,2334 6247,2310 6247,2185 5897,2220 5651,2151 5474,2217 5307,2147 4849,2164 4690,2217 4554,2217 4433,2151 4221,2265 3958,2227 3819,2154 3649,2199"/>
                <Baseline points="3668,2278 3797,2287 3926,2302 4055,2302 4184,2302 4313,2300 4442,2291 4572,2290 4701,2286 4830,2289 4959,2281 5088,2278 5217,2278 5346,2278 5476,2278 5605,2278 5734,2281 5863,2286 5992,2277 6121,2269 6251,2260"/>
                <TextEquiv>
                    <Unicode>Bas.: Jetr Nicht konnten wir</Unicode>
                </TextEquiv>
            </TextLine>
            <TextLine id="tr_2_tl_17" custom="readingOrder {index:16;}">
                <Coords points="3583,2477 3753,2442 3906,2484 4024,2435 4232,2473 4624,2428 4697,2477 4835,2435 4919,2480 5085,2428 5207,2473 5356,2428 5633,2428 5706,2470 5907,2418 6296,2445 6296,2338 6136,2300 5959,2338 5904,2310 5779,2366 5706,2317 5599,2366 5442,2324 5335,2362 5030,2348 4901,2282 4756,2341 4676,2303 4239,2380 4017,2303 3868,2383 3583,2334"/>
                <Baseline points="3602,2445 3737,2437 3872,2428 4007,2429 4142,2438 4277,2433 4412,2433 4548,2425 4683,2410 4818,2399 4953,2430 5088,2425 5223,2421 5358,2421 5494,2421 5629,2415 5764,2415 5899,2418 6034,2421 6169,2415 6305,2427"/>
                <TextEquiv>
                    <Unicode>münde werden, im nur und immer</Unicode>
                </TextEquiv>
            </TextLine>
            <TextLine id="tr_2_tl_18" custom="readingOrder {index:17;}">
                <Coords points="5980,2570 6011,2553 6074,2584 6108,2563 6133,2581 6140,2570 6157,2577 6181,2602 6213,2595 6251,2563 6289,2567 6282,2435 6244,2442 6216,2425 6192,2439 6181,2428 6129,2439 6088,2425 6077,2439 6029,2442 5997,2421 5970,2432"/>
                <Baseline points="6000,2547 6026,2549 6053,2551 6079,2552 6106,2554 6133,2556 6159,2558 6186,2559 6213,2561 6239,2563 6266,2565 6293,2570"/>
                <TextEquiv>
                    <Unicode>Mir</Unicode>
                </TextEquiv>
            </TextLine>
            <TextLine id="tr_2_tl_19" custom="readingOrder {index:18;}">
                <Coords points="3604,2633 3746,2577 3809,2633 4159,2588 4381,2678 4509,2678 4638,2602 4926,2584 4926,2470 4835,2435 4554,2494 4162,2445 3982,2445 3885,2515 3725,2445 3608,2480"/>
                <Baseline points="3626,2576 3691,2576 3756,2576 3822,2580 3887,2584 3952,2588 4018,2583 4083,2582 4148,2581 4214,2576 4279,2576 4344,2579 4410,2581 4475,2577 4540,2576 4606,2574 4671,2570 4736,2575 4802,2573 4867,2569 4933,2565"/>
                <TextEquiv>
                    <Unicode>diese Naturschönheiten</Unicode>
                </TextEquiv>
            </TextLine>
            <TextLine id="tr_2_tl_20" custom="readingOrder {index:19;}">
                <Coords points="5103,2674 5179,2633 5203,2647 5248,2622 5255,2633 5283,2608 5470,2626 5481,2473 5442,2466 5394,2491 5349,2473 5325,2494 5252,2491 5220,2515 5186,2504 5144,2518 5113,2504"/>
                <Baseline points="5124,2606 5149,2601 5175,2596 5200,2591 5226,2588 5251,2588 5277,2588 5302,2588 5328,2586 5353,2585 5379,2583 5404,2582 5430,2582 5455,2582 5481,2582"/>
                <TextEquiv>
                    <Unicode>zui des</Unicode>
                </TextEquiv>
            </TextLine>
            <TextLine id="tr_2_tl_21" custom="readingOrder {index:20;}">
                <Coords points="4811,2754 4950,2747 5033,2796 5266,2726 5533,2720 5623,2761 5699,2713 6140,2768 6254,2744 6258,2654 6084,2636 6008,2570 5897,2619 5630,2574 5515,2640 5352,2612 5134,2664 4933,2584 4815,2612"/>
                <Baseline points="4831,2732 4902,2723 4974,2716 5045,2714 5117,2715 5189,2720 5260,2720 5332,2716 5403,2714 5475,2714 5547,2714 5618,2709 5690,2708 5761,2708 5833,2708 5905,2708 5976,2708 6048,2708 6119,2710 6191,2715 6263,2720"/>
                <TextEquiv>
                    <Unicode>Kinden in Döllach ein,</Unicode>
                </TextEquiv>
            </TextLine>
            <TextLine id="tr_2_tl_22" custom="readingOrder {index:21;}">
                <Coords points="3583,2775 3861,2740 4083,2785 4183,2730 4329,2796 4437,2740 4645,2758 4676,2636 4603,2615 4506,2681 4381,2678 4260,2602 4152,2678 3961,2695 3757,2577 3587,2647"/>
                <Baseline points="3602,2737 3655,2734 3709,2732 3763,2732 3816,2732 3870,2732 3924,2732 3977,2732 4031,2732 4085,2732 4139,2732 4192,2728 4246,2726 4300,2726 4353,2726 4407,2726 4461,2722 4514,2720 4568,2720 4622,2718 4676,2714"/>
                <TextEquiv>
                    <Unicode>Ramen dt</Unicode>
                </TextEquiv>
            </TextLine>
            <TextLine id="tr_2_tl_23" custom="readingOrder {index:22;}">
                <Coords points="3632,2948 3777,2889 3840,2931 3934,2889 4395,2872 4530,2921 4679,2865 4863,2938 5127,2962 5342,2879 5488,2976 6282,2862 6254,2758 5869,2765 5710,2713 5508,2803 5300,2723 5179,2803 5016,2813 4596,2740 4353,2803 4166,2799 4090,2754 3895,2796 3812,2744 3722,2803 3632,2792"/>
                <Baseline points="3650,2875 3781,2875 3913,2878 4045,2875 4177,2875 4309,2875 4441,2869 4572,2859 4704,2857 4836,2862 4968,2871 5100,2875 5232,2863 5364,2867 5495,2869 5627,2865 5759,2864 5891,2866 6023,2863 6155,2854 6287,2857"/>
                <TextEquiv>
                    <Unicode>wo man fütterte. )i Gastzimmer</Unicode>
                </TextEquiv>
            </TextLine>
            <TextLine id="tr_2_tl_24" custom="readingOrder {index:23;}">
                <Coords points="3632,3108 3906,3042 4225,3063 4374,3018 4489,3063 4745,3063 4811,3018 5203,3059 5703,3000 5921,3070 6077,3028 6171,3087 6282,3056 6282,2907 6060,2865 5893,2942 5488,2976 5349,2886 5245,2969 5085,2948 5005,2990 4870,2928 4745,2962 4499,2893 4322,2983 4267,2928 4197,2945 4058,2883 3777,2886 3632,2938"/>
                <Baseline points="3650,3030 3781,3012 3913,3015 4045,3018 4177,3012 4309,3012 4441,3012 4572,3012 4704,3016 4836,3017 4968,3016 5100,3012 5232,3012 5364,3012 5495,3000 5627,3000 5759,3000 5891,2997 6023,3000 6155,3000 6287,3024"/>
                <TextEquiv>
                    <Unicode>saß ein Bauer mit einer Sfeif¬</Unicode>
                </TextEquiv>
            </TextLine>
            <TextLine id="tr_2_tl_25" custom="readingOrder {index:24;}">
                <Coords points="5384,3098 5453,3094 5467,3108 5488,3101 5498,3111 5540,3087 5571,3094 5599,3087 5633,3098 5633,3018 5609,3014 5599,3025 5550,3028 5512,3000 5446,3056 5408,3035 5384,3039"/>
                <Baseline points="5404,3078 5430,3078 5457,3078 5483,3078 5510,3078 5536,3078 5563,3078 5589,3078 5616,3078 5643,3078"/>
                <TextEquiv>
                    <Unicode>den</Unicode>
                </TextEquiv>
            </TextLine>
            <TextLine id="tr_2_tl_26" custom="readingOrder {index:25;}">
                <Coords points="3576,3205 3944,3174 4062,3229 4152,3170 4357,3240 4437,3202 4690,3243 4797,3198 4940,3268 5071,3164 5359,3205 5644,3164 5824,3209 5886,3157 6004,3205 6129,3191 6174,3181 6178,3087 6091,3042 5952,3077 5873,3032 5661,3118 5540,3084 5290,3111 5002,3014 4853,3046 4808,3014 4697,3098 4617,3077 4523,3125 4110,3025 3972,3108 3850,3052 3580,3105"/>
                <Baseline points="3596,3173 3725,3170 3854,3167 3984,3173 4113,3168 4243,3167 4372,3167 4502,3174 4631,3179 4761,3149 4890,3152 5019,3155 5149,3149 5278,3154 5408,3155 5537,3160 5667,3155 5796,3147 5926,3142 6055,3137 6185,3143"/>
                <TextEquiv>
                    <Unicode>wir hielten isn für einen Wirte</Unicode>
                </TextEquiv>
            </TextLine>
            <TextLine id="tr_2_tl_27" custom="readingOrder {index:26;}">
                <Coords points="3608,3365 4006,3330 4294,3417 4520,3330 4610,3410 4690,3410 4759,3351 5047,3382 5238,3361 5328,3302 6067,3358 6171,3337 6174,3229 6043,3191 5696,3264 5553,3222 5290,3261 5061,3160 4943,3271 4780,3195 4433,3292 4378,3250 3944,3264 3840,3174 3611,3209"/>
                <Baseline points="3626,3322 3753,3321 3881,3322 4008,3322 4136,3315 4264,3310 4391,3316 4519,3317 4647,3305 4774,3306 4902,3314 5030,3310 5157,3307 5285,3304 5413,3304 5540,3299 5668,3298 5796,3298 5923,3290 6051,3280 6179,3280"/>
                <TextEquiv>
                    <Unicode>Aich- wenig erhläupf waren wie</Unicode>
                </TextEquiv>
            </TextLine>
            <TextLine id="tr_2_tl_28" custom="readingOrder {index:27;}">
                <Coords points="3614,3500 3718,3476 3823,3542 3934,3472 4374,3458 4520,3469 4745,3573 4867,3486 5023,3458 5231,3462 5269,3500 5505,3455 5675,3486 5716,3448 5817,3479 6074,3448 6240,3507 6303,3479 6303,3354 6195,3313 6067,3361 5765,3309 5429,3316 5224,3396 5130,3344 4971,3396 4815,3347 4641,3413 4516,3333 4447,3403 4360,3382 4315,3420 3944,3327 3614,3365"/>
                <Baseline points="3632,3453 3773,3459 3914,3459 4055,3459 4196,3469 4337,3459 4478,3456 4619,3465 4760,3461 4901,3459 5042,3454 5183,3453 5324,3453 5465,3453 5606,3446 5747,3441 5888,3441 6029,3441 6170,3435 6311,3429"/>
                <TextEquiv>
                    <Unicode>deshalb, als sich undt das räthse-</Unicode>
                </TextEquiv>
            </TextLine>
            <TextLine id="tr_2_tl_29" custom="readingOrder {index:28;}">
                <Coords points="3625,3677 3847,3594 3882,3628 4169,3618 4284,3698 4336,3649 4707,3590 5144,3646 5210,3601 5456,3642 5758,3583 5900,3646 5991,3580 6209,3587 6209,3469 6143,3490 6043,3441 5436,3517 5075,3451 4773,3562 4374,3458 4090,3517 3934,3472 3823,3542 3628,3507"/>
                <Baseline points="3644,3596 3772,3593 3901,3591 4029,3597 4158,3596 4286,3599 4415,3597 4543,3591 4672,3591 4800,3590 4929,3589 5058,3596 5186,3594 5315,3585 5443,3585 5572,3585 5700,3578 5829,3569 5957,3567 6086,3567 6215,3573"/>
                <TextEquiv>
                    <Unicode>hafte Resen als ein Doktor</Unicode>
                </TextEquiv>
            </TextLine>
            <TextLine id="tr_2_tl_30" custom="readingOrder {index:29;}">
                <Coords points="3601,3764 3791,3757 3902,3843 3982,3781 4253,3746 4565,3854 4783,3812 4835,3854 4960,3816 5057,3857 5505,3746 5821,3864 6004,3777 6174,3833 6296,3784 6296,3618 6077,3576 5914,3642 5744,3580 5456,3642 5227,3594 5061,3660 4901,3594 4686,3601 4280,3694 4173,3618 3847,3597 3601,3691"/>
                <Baseline points="3620,3716 3754,3722 3888,3728 4022,3728 4157,3734 4291,3746 4425,3758 4559,3734 4694,3734 4828,3722 4962,3728 5096,3722 5231,3728 5365,3728 5499,3728 5633,3722 5768,3722 5902,3722 6036,3722 6170,3719 6305,3728"/>
                <TextEquiv>
                    <Unicode>kundgab.- „Ich muß oft in das Goldberg</Unicode>
                </TextEquiv>
            </TextLine>
            <TextEquiv>
                <Unicode></Unicode>
            </TextEquiv>
        </TextRegion>
    </Page>
</PcGts>
