6520 4088
1586 125 1840 282 9
500 386 3205 682 „Aber ween wir jetzt schon in der
304 557 3076 836 O. Mähe des Wasserfall's sind. fiel. ich in
304 693 3172 993 V. rasendsten Fransto drem. Während
307 854 3140 1143 in meine Aigen funkelten, "warem
568 979 3058 1283 sollen wir nicht hingesen?
475 1136 3151 1479 "Ober i bitt Isna, begann der Herr
554 1304 3147 1543 Dektor von Döllach zum Dritten
507 1425 3144 1733 Mal und geriet auch schon ins Seuer,
354 1583 3222 1840 " das rurige Mol sobi ane dicke Inplän¬
350 1736 3180 1990 u derin über die Brück hinübergtrohen
511 1883 2897 2136 die Ist im Anfang nit wollen
522 2022 3044 2254 ober dann warsie mir donkbo sag.
668 2147 2972 2404 na, mein Tahterl de, di set
668 2261 3087 2540 oa die gest immer vörn und
572 2479 1936 2747 is ihr nin ros gschefen.
597 2615 3262 2894 jetzt half mits mehr, wir ginge
561 2758 3247 3044 auf dem Wige fragte mit der verbauerte
536 2897 3169 3140 Docior einige Marische Poclabeln, - da ich
582 3029 3215 3322 wüßte dass Sohn sig sieße, erhob
582 3197 3169 3447 er mich mit seinen Lobsprechen
611 3340 3194 3612 in alle sieben Himmel und
575 3469 3269 3780 machte, aedlei Hapen und Faxen
600 3612 2990 3919 agaifragt ohne was es jetifur
3630 343 4948 643 krankheiten gebe.
3715 518 6284 804 typhes, sagte er, Ripuensellentzändung¬
3662 689 6320 915 Lung enentzündung, - Heurition. Meningit
3612 815 6341 1057 Vir kamen indie Nuse des Wasserfalles¬
3601 961 6230 1190 Nur über eine enge Brunone
3612 1086 6291 1372 Geländer gingen rir, das Rauschen
3669 1258 6216 1508 und Brausen i erabstürzenden
3608 1408 6098 1676 Wassers machte der Mame Augst.
3723 1550 6330 1822 und nur Saga ging zum Tirkeck
3705 1715 4062 1865 Pall
3680 1840 6241 2079 aNachdem: wir zurückgekommen.
3680 1986 6134 2229 fragte aya den Doctor, irn
3662 2133 5591 2379 viel er jährlich, bekomme.
3655 2272 6241 2483 tweiundert Gulden antworteter.
3612 2404 6266 2629 dann habe er auch drei Sparren¬
3680 2561 6241 2794 en Ganzen belaufte sich sein
3626 2704 6295 2944 Einkommen auf zwö Ehindert Gulden
3626 2847 6348 3108 im, Jesu. Man beköme hier kann
3637 3004 6080 3219 Wilch nur er bekomme es von
3630 3151 6091 3419 Der Gemeinde aus Gnadh für
3619 3294 6338 3565 seines 3 Kinder. Auch Fleisch bekäprt
3644 3433 5255 3673 man sehr selten.
5312 3440 6363 3690 eine Wohnung
3651 3576 5812 3830 koste iste jährlich 40 Gulden
