2872 3480
883 423 2454 570 cher uns vor den blendenden Strahlen der
881 546 2658 714 d heissen Sonne schützte,hatten wir bald pas-
599 667 2656 826 sirt, und wir betraten nunmehr eine Wiese, von der sie.
580 795 2679 980 uns ein unbesshreiblich reizender Anblick darbot. Vor
583 920 2656 1103 uns lag das Dörfchen Gneim; ganz im Hintergrunde rag-
585 1064 2629 1234 ten gewaltige Bergriesen hervor. Auf der entgegenge-
575 1181 2663 1362 setzten Seite erblickten wir den felsigen Hphenstauf-
565 1294 2656 1477 fen und Untersberg,weiter nach hinten war die Zwiesel
559 1424 2622 1605 zu sehen. Von allen Seiten umschlossen uns die mäch-
554 1581 2609 1738 tigen Bergkolosse. Die Wiese, auf der wir standen,er-
559 1702 2564 1864 streckte sich noch sehr,sehr weit,und wir gingen an
546 1837 2561 2013 ihr fort. Das Panorama wechselte überall,wo wir uns
541 1952 2517 2135 auch hin wandten,nirgends blieb sich das liebliche
533 2094 2512 2264 Bild gleich. Da uns aber die grosse Hitze plagte,
528 2222 2543 2412 so bogen wir (nun) in den Wald ein. Der Papa plau-
515 2345 2585 2533 derte mit Herrn Eichler und in ihr Gespräch vertieft
518 2494 2470 2674 kamen sie unbewusst von dem Wege ab. Wir folgten
520 2598 2575 2789 ihnen natürlich, und als wir alle in Gedanken versun-
515 2713 2478 2888 ken fortspazierten waren wir nicht wenig erstaunt,
518 2815 2520 3019 fals) wir auf einmal bemerkten, wie kein andrer Weg
494 2980 2483 3168 uns durchzulassen Miene machte, als eben ein Sumpf.
