6040 4120
1818 242 2118 501 50-
821 640 3000 940 Den sechzehnten August,
524 810 1461 1018 in der Fruse
1195 967 2608 1260 langten wir glücklich
947 1522 1594 1808 Vien
1529 1900 1801 2043 ann.
998 2663 2281 3003 rthen Schnitzler
439 3320 3102 3579 Reisebeschreibung, angefangen den 17. August,
1413 3463 1900 3664 bekendet
2046 3494 3119 3722 den 14. September.
4032 449 4886 729 Inhalt
4450 678 4900 834 und
3517 725 4467 1042 Übersicht.
3228 1042 5969 1314 Fort von Vien. — Neulengbach und Schloßliechten
3218 1236 5928 1468 Tem. - Linz.- der Traunstein und die schöne
3242 1396 5911 1617 Griechin. — Der Mönchsberg; Salzburg. - Reichensoll.¬
3289 1532 5877 1733 der Cargarten und die vielen Bekannten. - Die
3245 1655 5874 1886 Teigs allen. - Der Hohenstaufsen, der Unterberg, die Zwiesel¬
3211 1822 5853 2029 zu das Plaudern führt. - Die Ierfahrt durch die Sümpfe¬¬
3221 1958 5894 2176 die Reichenhaller Kutschpartin. - Das Gedicht. - das Gewitter¬
3218 2097 5877 2332 Einmal ja und einial nein. - Ein blick auf die Fahr¬
3211 2251 4529 2486 ordnung.- Hotel Europe.
3194 2384 5901 2595 4 Wozu die Schläfrigkeit eines Büblein nützt. - ellax Waldstein,
3248 2509 5788 2751 r Kister von Gottes Gnaden. - Die Rette. - In Rosen seine
3211 2683 5754 2901 Der Conducteur und unser clagen. - Der Hohe des Schicksalt:
3204 2819 5823 3054 as gute Essen inkufstein. - Jehenbach. - Frau dr. Ausspitz.¬
3225 2983 5877 3204 Weg zum Achensee.- Die Lage des Achensen. — Die Scholastika¬
3201 3105 3769 3351 Gehenkirch.
3289 3255 5829 3497 das ungnädige Vetter. - Das Schiff und die Furchtsamkeit
3228 3371 5744 3633 eama._. das Abenteuen. - Der Herr Offenseim.
3218 3538 5802 3783 Aus und Themistokles. - Die Pertisau. - Buchau. - Die
3187 3681 4450 3926 esten Betten in Jenbach.
