6456 4056
109 262 2700 634 n würd um keinen Kreis im Tagenkeite
68 447 2628 777 Und das war auch ganz richtig: - keinen
95 597 2536 971 Seis gab man Wind sie blieb im
85 699 2584 1128 Wagen.- Bald warn wid in Toblag
92 924 2553 1227 angelangt; der Zug brauste heran und
78 1029 2632 1377 trachte uns nach Lienz an des Rege
95 1190 2584 1578 ist. schweif zu schilderfe; er fwar sehr
130 1336 2703 1704 schon, Emnan kahn sich san besten eine
119 1520 2638 1817 Vorstellung Javon suachen, wenn
143 1609 2659 1977 man sich die Schüfeik des Susterthals
1517 1766 2355 1929 romantischten.
160 1810 2662 2148 der Weg war wild; in einem engen
136 1895 2645 2294 thale in dem Ufer der drau führen
157 2038 2608 2383 wir immer; – zulienz nahmen
177 2199 2730 2557 Lienz ist ein kleines Cörschen und kann
218 2328 2703 2717 sich nicht zu den reinlichsten Zäflen.
262 2468 2683 2792 doch waren wir schon zu mide.
262 2618 2812 2945 uhn uns die Umgebung zu betrachten
184 2768 2751 3129 und wir beschlossen; uns das auf
181 3013 1807 3296 zmorgen zu lassen.
4240 433 5693 689 den nuen August
3450 576 6146 804 regnnte es en erfort und wir aug¬
3576 733 4039 910 Milte
4537 726 6102 961 sehr.- Natürlich ist von
3460 866 4414 1118 diesem Tage
4534 883 5672 1128 nichts zuagen.
4551 1101 5563 1384 1den Augi2.
3381 1278 4680 1537 In der Nacht hatte
5134 1302 6265 1548 upsen bekommente
3453 1449 4527 1657 In der Fruhe
4646 1473 6033 1667 war wunderbare
3474 1595 4537 1790 Witter. Am
4704 1609 6166 1854 seihs Uhr machten wir
3463 1749 6207 1933 und von Lienzauf. Dir waren alles
3456 1888 6091 2148 eso güten Mitit und waren von der
3477 2028 6218 2304 son eit der Gegen, ganz entzückt¬
3456 2178 6040 2430 Frischg fallner Dien Tag auf ien Gipteln
3446 2318 6136 2594 er Berge, gleich dnaten erblickte
3439 2485 6027 2724 man saftiges Grün. Wir fingen
3439 2625 6051 2867 an zu steigen. Der Weg ist nit zu
3487 2761 5887 2989 arin; wir kamen urdenge¬
3433 2880 6044 3163 Wasserstraßen. dirch Geröll unterbrachen
3429 3054 4881 3289 Wir woteten im Wa¬
4987 3068 5941 3317 er und unsere
3470 3184 5993 3467 Sehe murien türt, qnoß. Naf langt
3460 3341 5955 3566 waren wir Nicht eben nich
3460 3491 4469 3678 angekommen
4680 3514 4953 3664 als
5307 3518 6112 3678 uns schon
3392 3613 5972 3903 käme wuederbar- Aussicht eröfhfnete
