6232 4088
132 357 2656 624 In dem schön gelegenem St Pölten an dem g.
160 510 2836 777 Stift Melk führte unser Wegdahin. Die Schönse
139 624 2653 877 der Gegend entwickelte sich immer mehr
114 787 2653 1044 Bald nach Linz, Nachmittags erblickten
135 919 2875 1214 wir den Sraunstein und die schöne Giie
104 1068 2739 1307 Johe Berge, welche den Gmündneiseef, den
101 1210 2660 1491 wir übrigens nicht sahen) einschließen.
128 1359 2833 1609 Endlich, nach acht langen Stunden, sa man
101 1508 2843 1800 den Ednchsberg und balf darauf Flangten
114 1644 1609 1918 wer in Jalrburg an.
121 1789 2829 2077 diese Stadt zeichnet sich durch ihre prachtvolle
121 1931 2854 2230 Lage aus. Von mächtigen Bergen umschloßen
309 2094 2823 2337 gs sie in einem soreizendem Thale, so
201 2240 2788 2510 E sie ich Bezug auf ihre Lage den schäßten
222 2375 2764 2698 tters Kßerreichs beigerseardn Narn
322 2535 2701 2764 Hotel Nellöck nahmen wir einen
277 2694 2840 2951 inen Imbist eins der uns nihtsdestoweniger
274 2836 2621 3041 Zudee Kostete.), und dannsühren wir
298 2961 2816 3166 sündigem Aufenthaltet nach Reichenhall
191 3093 2836 3377 Zeit der Bahn. Der Weg gesibt uns vonglech
163 3249 2597 3464 mehr als der nach Pallburg; denn wirk
163 3384 2805 3637 wurden nicht mehr so sehr von der drückenden
257 3526 2701 3800 itze klästigt. Hinter demn Untersberg trat
3197 420 5978 687 der Obendstern hervor; bald war der ganze klare
3287 593 5891 818 Himmel mit Sternen bedeckt, welche
3301 714 5936 988 mitihrein hellem uchte die freuedeile Ge¬
3305 853 5978 1103 gend beleuesten. Der Himmel war so trein.
3308 1002 5995 1304 wie wir ihn auf der weiteren Reise
3308 1151 5981 1404 leider nurmehr selten erblückten sollten.
3280 1311 5940 1602 die Gipsel der Berge ragten hoch ins Blaue
3294 1460 5836 1723 hinein, auch nicht das klunste Völkchen
3308 1595 5926 1841 trübte den Horizont. Drum waren wir
3298 1758 5971 2018 auch sehr freudig gestimmt, als wir in
3315 1893 6016 2146 dem lieblichen Reichenhall eintrafen, wo
3332 2028 6009 2292 wir im Hötel Burkurt 2 Zimmer fan¬
3291 2195 5909 2431 den, die unsern Ansprüchen vollkommen
3332 2320 6075 2608 entsprochen. Wir legten und schlofen:
3325 2445 5961 2732 bis. zum Morgen schliefen wir sehr
3301 2625 5142 2906 gut, ohne zu erwahen.
