2856 3464
1500 512 2488 673 tüchtig seimutzif zu ma-
1486 656 2416 772 galung uns beides. Jetzt
429 681 1406 814 chen unternahmen wirs. Ee
1295 800 2541 944 intersteigen. Wir waren sehr er-
598 803 1201 955 ten wir steil h.
733 913 2629 1063 as» wir zweige fanden, auf welche wir uns stützen-
501 1021 2469 1173 onnten, sonst wären wir erbärmlich ausgerutacht. So
437 1162 2657 1345 gient es gegen eine Stunde fort. Als wir endlich "fosten
437 1287 2621 1464 Bedon" erreicht hatten, so bezeigte uns der Himmel seine
437 1417 2546 1591 Freude darüber auf solche Weise, dass er die Sonne auf
440 1541 2549 1727 uns herabbrennen liess, bis wir endlich i. Reichenhall
446 1647 2435 1851 ein schützendes lach fanden, unter welchem wir auch
443 1802 2518 1951 die vortreftliche tüble dhötes, welche uns erwartete
446 1932 2582 2070 sehr gut schm-cken liessen. Herr lichler ehtschuldigte
446 2029 2588 2225 sich vielmals als Urheber dieser Uerfahrt. Das ist die
462 2225 1613 2330 wunderbare Geschichte von der
659 2336 1810 2452 leichenhaller lutschpartie.-
457 2444 2679 2604 wahrend meines engeblichen Schlafes am Haclmittag,mach-
465 2571 2646 2740 te ich ein Gesicht,"Sohnsucht" betitelt. Abends verfin-
462 2704 2579 2867 sterte sich der immel, Kölken zogen sich zusammen, und
473 2826 2516 2994 (ekne-41e1-Federlesene) es begann auf eine sehr an-
470 2970 2397 3158 ständiga. Weise, zu donnern, zu blitzen und zu regne
