2856 3496
781 453 1515 562 Den vierten August
507 489 2574 757 Diese Annehmlichkeit war, dass uns das Zimmer mit den
1913 682 2509 794 „Wir gingen so-
518 708 1876 854 zwei Betten an sechs Gulden kostet.
523 812 2532 1023 gleich zur Bahn,wo wir frühstückten. Dann fuhren wir
518 921 2540 1103 mit dem Zug fort. Zugleich mit uns fuhr der Journa-
523 1046 2470 1249 list und Dichter Max Waldstein,der meine Gedichte
534 1208 2545 1398 einer nicht allzustrengen Kritik unterwarf. Es war
531 1325 2566 1507 noch immer ein fürchterlicher Regen. "Heute wird's
534 1450 2550 1647 noch schön“, behauptete siegesmutig Papa. Herr Wald-
544 1575 2639 1772 stein sagte entschieden das Gegentheil. Man sah nicht
625 1744 2457 1879 lel von der Gegend; drum kann ich sie nicht be-
567 1822 2618 2040 schreiben. In Rosenhe im angekommen,mussten wir über-
861 1988 2574 2165 ; der Zug hatte sich verspätet; Papa fragte,
687 2111 2537 2272 lange noch Aufenthalt sei, denn wir wollten un-
612 2230 2623 2389 derm Magen für sein fünfstündiges Fasten Genugthuung
586 2384 2582 2540 verschaffen. "Weiss nicht“, war die lakonische Ant-
578 2496 2608 2662 wort des groben Conducteurs. Dies verdross uns sehr,
575 2623 2530 2795 und unser Magen knurrte vor lauter Unwillen. Zehn
573 2759 2524 2902 Minuten hielten wir's aus; da sprang. Papa aus dem
580 2881 2636 3063 Waggon; denn er wollte doch ein Stück Hendäl kaufen.
