2824 3448
1648 376 2655 572 Abend nach langem Hinund-
1471 533 2557 681 weiterzufahren. Die Kellner
1537 673 2491 806 sse Nacht noch dableiben
551 739 790 845 ber sa
1399 800 2600 933 angenehm, bei solchem Sturm und
496 859 803 986 denn es
1505 938 2594 1065 a sitzen. Durch dieses Zure-
504 988 737 1100 Wettei
1275 1041 2512 1192 Papa den Entschluss, dazubleiben.
504 1094 1028 1235 den bewogen,f
1267 1169 2560 1312 aber brachten wir ihn zum Wanken.
501 1232 1002 1344 Durch unser:
506 1312 2555 1473 Er wollte fort. "Zurück kutscher“ rief der Portier
514 1420 2576 1598 diesem zu, da er schon sich bereit gemacht hatte, nach
517 1566 2647 1746 Hause zu fahren. Aber auf einmal fiel es dem Papä wie-
522 1691 2581 1847 der ein dazubleiben. Da fiel sein Blick zufällig auf
2298 1823 2621 1998 Jenbach
522 1847 2218 2003 die Fahrordnung; er sah,dass morgen nach
519 1972 2552 2125 kein andrer Zug gehe,- eingesetzt,zur Eisenbahn ge-
535 2096 2478 2250 fahren,gleich war's geschehen. Wir stiegen in den
535 2210 2661 2380 Waggon, da wir aber wegen der Schläfrigkeit des zarten
535 2348 2600 2491 Juliuschen die Nacht nicht durchfahren wollten,stie-
538 2454 2531 2639 gen wir schon in Salzburg aus, nahmen dort im Hotel
541 2602 2602 2764 Europe ein Zimmer und schliefen allsogleich ein. Was
538 2730 2639 2910 wie wir am nächsten Morgen erfuhren die Schläfrigkeit
535 2843 2528 3018 des Julius uns für Annehmlichkeiten bereitet hatte.
538 3024 1897 3159 soll das nächste Kapitel erzählen.
562 3185 705 3278 de
