6344 4088
424 329 3159 661 Stück blauen. Himmels ober dem Großplakner
493 551 3015 804 zwinkerte den Sopa recht söhnisch an
493 705 3145 962 und schien zsagen: „Vargethan und nachbe¬
1109 859 3135 1099 at maichem schon viel Lei¬
435 852 815 1027 dach t
459 979 3094 1249 gebracht Paga ergerte sich auch und
698 1136 3056 1413 war Setwas degisch gestimmt.
476 1304 1109 1544 sch sagte.
613 1420 2793 1694 In der Sonne stehts geschrieben,
541 1585 2789 1769 Värst der doch noch derk geblieben.
517 1708 3169 1975 Aber, – hie ist hin, und Roxa kehrte
435 1824 3142 2122 zieht am mit dem Wagen; hanrefort
483 2012 3097 2255 gings am Staubbacher Wasserfall vorüber,
507 2160 3121 2385 am Ufer des reißtenden Flüßes der
517 2296 3190 2519 tobte und raste über Stak undStein,
517 2440 3053 2670 als ober noch desselben Tages aus
476 2587 2981 2865 der Welt sinaus müss. In 1ach
465 2741 3118 2991 kem uns der Herr Doktor entgegen
530 2885 3094 3128 und freute sich sehr, als ihn der Dektor
517 3032 3063 3306 Ich, nitzer Einlud, mit uns gabel zu¬
524 3180 3087 3429 frufstuckien. Eine Flasche Rotiwem
513 3323 3166 3559 wrlede hergebracht, und unsere Vordte
472 3477 3121 3727 ausgepockt und wacker geschmaush.
513 3611 3008 3885 det Sr. kom etter empfahl sich
3590 404 6123 678 sehr söllch und fort kuarrte unser
3607 558 6089 821 Ragen nach Winklern, wo wir
3638 729 6116 962 ankamm erfreut endlich aus
3597 866 6205 1105 der mehrsoch erwähnten Marrknack¬
3600 1006 6249 1273 maschinlern herauszusteigen. und unseren
3618 1170 6202 1424 Gliedern ihr gewöhnlichen Plätze ver¬
3642 1304 6208 1547 leisen zu können, sowie auch unser
3511 1448 6160 1704 Gehörorgan, das durch die Knackmaschine.
3556 1602 6226 1834 gänflich in eine seitlose Verwiere
3532 1749 6226 2002 geweten war, in Ordnung zu bringen,
3539 1889 6034 2125 Nun machten wir und eich, hinauf
3669 2026 6164 2303 ustzigen auh den Ihetsberg: eide¬
3659 2177 6164 2430 ehrerin metnehmende Ve a
3501 2317 6116 2577 in Tirol nicht selten ist; selbst den
3457 2457 6147 2728 Wig nicht wüßte. Wieder überschritten
3511 2608 6133 2871 wir. Körnthens Grenze, – wir waren
3501 2759 6068 3015 in Tirol angelaugt und gingen
3464 2902 6215 3149 den IseSberg hieüber; wir schlugen
3511 3049 6126 3275 aber einen andern Weg alsden, den
3511 3203 6212 3464 wir hinaufgestöhet warden. Er war auch
3539 3351 6157 3583 miherabel, welches fron den Tirdler Rege
3477 3488 6229 3703 im Allgemeinen galt. In einem unhrer
3460 3621 6157 3895 Keigesandbücher stand: der 22g führt
