6248 4072
1771 282 2029 437 44-
410 390 3048 699 Doch keine Curasch? Also wohlan, ich geb
464 588 3017 850 Ihnen noch eies drauf, und um
464 739 3048 988 sechzt g Kreuzer. C Vieman d.? bei de
1267 877 1539 1005 n
1529 904 3058 1109 fünfzig Kreuzer
494 921 1539 1092 zusomen ob
430 1032 3000 1284 daß sie bekommen Kurasch, ein
430 1176 3128 1431 Beuteln Gald zwanzig. Kreier
440 1327 3064 1593 So gang es fört; aber zum Beutele
433 1485 3024 1714 Geli, worunter er natürlich
507 1630 3048 1855 Portemon eies Verstand,fanden
514 1771 2003 2003 sehr geringer Absatz.
460 1908 3091 2160 Nach drei Stunden führen wir fort. Es war
514 2053 3064 2298 schiner geworden. Die Eisenbahr führe
487 2197 2953 2449 imme inn dem Wörtheosendahin
447 2349 3048 2604 dieser Gesiel uns sehr. Er hat eine schöne
403 2473 2846 2735 grüne: Farbe – ist aber nicht so
400 2638 3024 2900 sehr von Bergen eingeschlossen wie
454 2782 3051 3024 der Achensen, – er hat überhaupt
457 2940 3061 3175 einen ganz andern Carakter Ain
454 3078 3014 3333 seinem Eede, liegt klagerfurt
433 3212 3091 3478 das kleine Hauptstädtchen von Kärnth
413 3377 3118 3595 ein recht lieben Ort und wirkamen
430 3511 2980 3763 gerade zur erstheten Mlittag szeit
484 3659 2970 3911 an und das vortreffliche Esen
3384 373 6075 685 mundete und nach der Heiligenblüter
3437 581 6021 786 Kost wie Amibrosia un d. Wnktar
3488 716 6129 971 Nach Viernockerle oder Topfenpalatcin¬
3484 843 5971 1089 Uid billig wars! Wir affen
3511 1005 6031 1236 sehr sein, Torte, Braten u. dergl.
3511 1159 5883 1394 und es kostete und zw ei
3538 1304 6082 1546 Gulden und etliche, Kreuger. Nach
3528 1445 6145 1704 Tisch sehen wirund die Stadt an. Gester
3511 1616 6112 1814 um diese Zet sanken wir ver¬
3568 1740 6082 1989 schmachtend in dölsach wieder umd
3518 1898 6129 2140 jetzt giengen wir im Wehbesogen
3444 2016 6129 2271 über das köstliche Peisen schmungeln
3504 2164 6014 2402 fröhlich in dem hübschen Klagen . rt
3515 2308 4224 2527 spaz: eren
4180 2325 6095 2547 sehir, schliefen & in der
3447 2460 6135 2691 & Nacht löstlich, woran die trockenen
3521 2607 5870 2863 Betten besonders Schul d
3457 2732 4092 2943 tregen
