3352 4168
2584 416 2704 610 21
911 584 2834 811 Anna: Ob dies nicht ein Wink des Schick-
1069 804 1518 967 sals war?
936 883 2745 1115 Med: Auf diese Art von Winken bin ich
1079 1089 1995 1263 nicht eingerichtet.
998 1232 2273 1421 :Der Tisch wird gedeckt:
952 1355 2965 1551 Alt.Herr: Ist Ihnen denn schon etwas Nähe-
1100 1531 2982 1727 res über die Dispositionen des Regiments
1105 1753 1503 1870 bekannt?
962 1839 2875 2036 Med: Ich weiss nicht mehr, als dass ich
1120 2010 2919 2163 mich morgen Mittag bei meinem Obersten
480 2023 967 2235 Hunden
1138 2161 2982 2352 in St.Pölten zu melden habe. Es ist mög-
309 2181 862 2421 Marbrittle.
742 2276 893 2493 e
1125 2294 3008 2467 lich, dass es noch am selben Tage weiter
298 2329 735 2556 vom Tei
1102 2452 3044 2656 geht,- ich hoffe, dass ich nicht lange zu
1161 2597 2868 2778 warten habe. Jede Stunde, in der ich
1151 2755 3000 2975 nicht zeigen kann, was ich bin, ist für
1156 2949 2161 3135 meinen Ruhm verloren.
1544 3110 2169 3253 :Ein Einwurf:
1036 3197 2883 3426 Med: Mutter, Mutter, ich schwör's dir!
1033 3345 3090 3579 Mutter: Schwör's immerzu. Es kostet ja den
1189 3488 3036 3735 Kopf nicht, wenn du den Schwur brichst.
