3320 4136
2566 428 2693 544 62
1213 503 2914 738 So eine Gemeinheit - so eine Gemein¬
696 624 1138 757 Ein Weib:
1127 682 2981 923 heit! Ich find immer, so einen Vattern
1199 912 2895 1050 ja, so einen Vattern sollt' man ein-
1146 997 2754 1235 sperren! Meiner Seel', das is doch
1141 1207 2332 1378 gradsogut wie ein Mörder.
1135 1348 2920 1561 Bitte sehr, ich möchte vielmehr sagen:
735 1401 1028 1564 Einer:
1166 1536 2202 1688 unglückseliger Zufall.
1290 1652 2961 1829 No freilich, man kann’s ja nicht im
738 1693 1216 1867 Eine Frau:
1171 1793 2970 1989 Vorhinein wissen. Es gehen Viele nicht
1177 1986 1702 2155 ins Wasser.
751 2100 2972 2304 Uralter Herr: Valentin Rebenhalter, geboren am
1180 2260 2884 2464 ersten Mai siebzehnhundertzwei, ver¬
1180 2398 2956 2594 storben am achtzehnten Mai siebenzehn-
1169 2591 3030 2768 hundertsechsundneunzig.- Was? I:Zu dem
1188 2735 2920 2937 kleinen Mädchen:  Zwei von sechsund¬
1177 2895 3033 3066 neunzig macht vierundnennzig - oha! der
1188 3019 2986 3204 hat’s ja weiter gebracht wie ich!Nein,
2340 3160 2890 3285 wart and, I
1204 3177 3080 3392 so was! Setzt sich: | hol die schon ein¬
1290 3332 2942 3519 Ja, freilich is es so! Wohin sollt'
779 3409 1224 3566 Der Mann:
1199 3481 3017 3705 man denn kommen, wenn nicht der Unter-
1224 3630 3030 3909 schied aufrechterhalten würde. Da kann
