3368 4152
2448 489 2589 615 10
448 666 967 881 Eschenbach
1131 668 1392 813 :Der
1681 683 2729 886 :kommt: Guten Abend
921 762 1612 947 Der alte Herr:
413 807 891 982 Bruder de
1137 888 2643 1106 :Die Mädchen schrecken zusammen:
385 909 911 1200 Frau Berger
225 921 400 1091 be
944 1043 2931 1245 Der alte Herr: Ich bin’s, nur ich. Ob ihr
1096 1169 2992 1382 nun gelacht oder geweint oder geplaudert
1091 1336 2878 1572 habt,- lasst euch nicht stören. Guten
1109 1448 3007 1714 Abend, guten Abend! Ist die Mutter nicht
1114 1676 1926 1845 zuhause, Agathe?
982 1812 2407 2017 Agathe: Sie wird bald kommen.
987 1952 2944 2167 Der alte Herr: Sie besorgt wol noch Etli-
1131 2124 2321 2248 ches für unsern Offizier?
997 2258 3035 2481 Agathe: Ja freilich, es fehlt noch Manchea
1149 2379 3030 2577 Onkel. Wie die Geschäftsleute nun einmal
1159 2531 2992 2719 sind: man kann sich garnicht verlassen.
1154 2708 3068 2913 Am Nachmittag erst sind die neuen Hemden
1162 2888 2924 3124 gekommen. Sehen Sie, Onkel, ich merke
1172 3078 1635 3200 sie eben.
1030 3179 2787 3405 Der alte Herrn: Um Mitternacht heute?
1040 3377 2379 3577 Agathe: Ja, um Mitternacht,
1045 3496 3012 3741 Der alte Herr: Ich bin wol nicht der Ein-
1192 3665 2622 3855 zige, der hier auf ihn wartet?
