3336 4168
2702 460 2823 578 23
1201 637 2882 800 te und den Mägden Ingwer und Pfeffer
1213 756 2892 933 verkaufen. Mutter, Schwester! glaubt
1201 955 2954 1080 nicht, dass ich prahle, glaubt nicht,
1223 1093 3027 1243 ich käme mir vor wie Einer, der was Be-
1228 1240 3104 1428 sonderes vorhat. Ich bin nun einmal, wie
1223 1398 3064 1553 ich bin, und ein anderes Leben kann ich
1221 1583 2038 1706 mir nicht denken.
1090 1708 3054 1868 Anna: vor ihn hin: Medardus, Medardu¬
1231 1858 3096 2006 Sie sind, was Sie sein wollen. Ich glau-
1240 1996 3116 2171 be an Sie, auch wenn Gott Ihnen bestimmt
1243 2181 2934 2348 hat, von der ersten Kugel zu fallen.
1115 2321 3094 2501 Mutter: Genug der Tollheit! Wir werden ja
1260 2488 3138 2626 bald genug erfahren, wie sich’s draussen
1258 2604 3148 2789 macht. Im übrigen, Medardus, denke, dass
1282 2752 3049 2944 es eine Feldpost giebt, und gieb Nach-
1275 2922 3121 3101 richt, so oft du kannst.- Aber nun will
1297 3067 3118 3254 ich auftragen lassen.- Sie bleiben doch
1297 3244 2976 3392 auch auf einen Bissen, Herr Thomann?
1157 3404 2789 3574 Alt.Herr: Nicht doch. Ich wollte -
1172 3500 3145 3734 Med: Bleiben Sie, Herr Thomann, ich bitte
