3432 4216
2346 414 2485 576 37
1064 597 1795 787 der keinen hat.
924 726 2963 922 Mutter: Dass sie so spät nachts abmarschie-
1069 967 1292 1094 ren!
932 1021 2945 1249 Alt.H: Es ist alles eilig, eilige. Ich den¬
1082 1201 2795 1399 ke, man hat sich bisher zu viel Zeit
1087 1442 1533 1566 gelassen.
957 1495 2942 1704 Agathe: Wie herrlich die Luft! Gern möcht
1117 1686 2866 1856 ich noch ein wenig ins Freie, auf den
1104 1836 2762 2003 Basteien ein wenig spazieren gehen.
970 1993 2737 2160 Franz: Wenn's die Mutter erlaubt -?
970 2120 2935 2318 Mutter: Man könnte ja auch, wenn’s gefäl-
1130 2331 2287 2473 lig ist, Herr Thomann...
990 2397 3034 2620 Alt.H: Lasst sie doch! Nun kann ja Niemand
1132 2579 2986 2770 was dran finden. Wir wollen doch lieber
1148 2737 2975 2975 am Fenster stehen, Frau Berger, und be-
1165 2914 2496 3102 quem die gute Luft einatmen.
1013 3085 1711 3265 Franz: Wohin?
1026 3168 3067 3384 Agathe: Nur ein Tuch nehmen, dass es nicht
1178 3387 2138 3575 zu kühl wird. : ab:
1028 3476 3016 3755 Fra z: Ich danke Ihnen recht sehr für al-
1186 3722 2143 3912 les, liebste Mutter.
