3384 4168
2322 448 2454 567 14
950 557 2956 798 Alt.Herr: Mut? Nun, was so die jungen Mäd-
1109 736 2939 927 chen Mut nennen, so mit dem Degen drauf
1109 893 2936 1096 los, und am liebsten Einer gegen zehn,
1124 1042 2951 1233 und eine gefangene Prinzessin befreien,
994 1186 2941 1405 oder das Vaterland retten... hm, wenn ich
1129 1325 3043 1569 mir’s recht überlege: das war meine Sach
1149 1609 1447 1718 nicht.
1004 1621 2921 1860 Mutter: im Zimmer beschäftigt:
1166 1803 2956 2024 ihn reden, Anna. Er hat bessern Mut ge¬
1164 1977 3073 2158 habt, als ihr junges Volk versteht. Bist
1174 2118 2270 2342 du bald fertig, Agathe?
1049 2310 1641 2509 Agathe: Ja.
1052 2432 2434 2633 Mutter: Wo ist der Handsack?
1069 2556 2956 2792 Anna: Bereiten Sie ihm alles, Frau Ber¬
1228 2837 1435 2964 ger?
1079 2889 3071 3103 Mutter: Gewiss, er kümmert sich um nichts
1231 3013 3155 3252 heut. Wenn man's bedenkt: heut Nacht geht
1251 3195 2959 3399 er fort, und woh in, wohin? und lasst
1263 3356 3158 3553 sich den ganzen Tag nicht sehen. Wir wer¬
1273 3511 3028 3719 den noch froh sein müssen, wenn er zu
1273 3677 2280 3886 Abend mit uns speist,
