3464 4184
2651 538 2792 690 52
769 676 2972 885 :Lärm. Rufe: Was giebt's? Was wollen die Leute?
724 854 2879 1090 Erste: Was ist denn da draussen vor der Türe?
733 1000 2961 1245 Wirt: Ach, es ist wol nichts Besonderes.- Wenn
1164 1175 2970 1366 sich die Herrschaften nur nicht stören
1166 1316 2840 1519 wollen. Was ist gefällig? Noch eine
1181 1474 2916 1660 Flasche? - Acuh Kuchen sind gebacken.
766 1600 2829 1845 Stimme draussen: Es ist unser gutes Recht -
1197 1800 2076 1998 warum denn nicht?
772 1907 2871 2155 Andere Stimme draussen: Muss es denn gerade
1209 2130 1764 2302 hierher -?
792 2200 2972 2465 Erste Stimme: Es war das nächste Haus - macht
1228 2417 2375 2623 doch keine Umstände!
811 2510 2970 2733 Wirt: Das Fremdenzimmer aufgemacht! Dort sol¬
2432 2750 2524 2854 De
1248 2727 1967 2927 len sie hinein!
828 2846 3096 3082 Leibold: Donnerwetter! was soll's? was giebt' s?
1321 3023 2302 3232 :Oeffnet das Fenster:
854 3175 3023 3356 Der Fischer: :draussen: : Die Treppe hinauf?
1276 3361 1879 3581 warum? wozu?
1335 3457 3040 3730 Donnerwetter! was für ein Getuschle!
876 3482 1271 3719 Rabenau:
1305 3604 2575 3866 Sagt endlich, was es giebt!
