3368 4120
2492 498 2620 649 65
1391 558 2962 822 Ich mein' nämlich, weil s' so ei-
765 663 1354 854 Das Mädchen:
1198 794 2956 1007 nen Brief hinterlassen hab'n, sie wol-
1201 953 2939 1144 len gemeinschaftlich begraben werd'n.
671 1075 2956 1326 2. Mädchen: Liegen sie am End' in einem Sarg?
831 1249 2612 1454 :Vielleicht eine Freundin der 'Agathe:
782 1417 2979 1633 Ein Mädchen: Aber du hörst doch: zwei Leichen-
1209 1565 2973 1772 züg' - jeder extra. Nur in einem Grab
1229 1727 1969 1929 sind s' zusamm'.
1238 1869 3004 2063 :vom Tor her: Das is aber sonderbar!
805 1898 1144 2085 Jemand:
1235 2046 2270 2230 das is aber g'spassig!
1235 2159 2512 2370 Was denn? was giebt’s denn?
808 2230 1155 2376 Einige:
1240 2319 2953 2504 Denken S' sich: der eine Zug geht so
811 2418 1158 2546 Dieser:
1238 2464 2939 2680 herum, und der andre kommt so herum.
1255 2660 2205 2839 Was heisst denn das?
814 2694 1169 2859 Einige:
1255 2799 2999 2982 Nicht zusammen - nicht hintereinander
828 2879 1169 3064 Dieser:
1252 2930 3004 3110 zugleich werden sie da sein. Der eine
1260 3095 2634 3309 von da, der andre von dorten.
839 3243 3019 3437 Der Aristokrat von früher: Natürlich, so muss
1275 3388 3141 3636 es auch sein! Rechts kommen die adeligen
1272 3556 2415 3790 Leut’, links die Andern.
