3368 4168
2987 430 3101 547 16
1035 600 2321 767 Anna: Wo mag er denn sein?
1045 651 2908 919 Mutter: Medardus? Er hat doch wol noch
1187 909 3098 1104 mancherlei zu ordnen, nimmt Abschied von
1190 1068 3096 1245 Freunden, wird wol auch dem Hofrat seine
1197 1195 2815 1405 Aufwartung machen und addio sagen.
1066 1372 1934 1554 Anna: Dem Hofrat?
1071 1529 2972 1742 Agathe: Durch dessen Fürsprache bei dem
1210 1686 3063 1838 Erzherzog er zu dem Regiment kommt, das
1235 1810 3121 2033 wol als erstes vor dem Feind stehen wird.
1099 1990 2997 2195 Anna: Oh Gott, dass er's nicht erwarten
1235 2192 1488 2339 kann!
1099 2258 3139 2488 Mutter: Sieh, Anna, sieh, ich bin doch die
1233 2440 3101 2630 Mutter und greine nicht wie du und fass
1250 2595 3098 2802 mir ein Herz, Denn ich sage: will Einer
1261 2777 3179 2936 was, so mag er's als ein Ganzer beginnen.
1278 2870 3167 3086 Will Einer Soldat sein, so sei er bereit
1273 3040 3156 3243 zur ersten Gefahr und zur grössten. Ver-
1283 3215 3073 3412 dreht Einer den Weibern den Kopf, gut,
1288 3369 3159 3549 so mag er's auch leicht nehmen. Aber ei-
1301 3534 3118 3701 nen Degen an der Seiten tragen und hin-
1314 3701 3151 3873 ten stehen im letzten Glied und mit dem
