3448 4200
2912 244 3054 454 40
568 692 2044 954 Ein Wirtshaus in den Donauauen.
574 766 2973 1078 Eine Gesellschaft von jungen Offizieren und Frauen-
596 997 2072 1238 zimmern sitzt an Tischen herum.
602 1133 2998 1383 Ein Frauenzimmer: Und du - was bringst du mir mit?
618 1275 2905 1550 Winter: Wirst du nicht froh sein, wenn ich mich
244 1223 574 1460 Liederte
191 1420 537 1590 dienach
216 1448 2705 1846 Akademie selber heil und gesund nach Hause bringe?
204 1519 546 1695 rücken
624 1646 1914 1859 Erste: Wenn das alles ist
645 1772 1661 2007 Rabenau: Zu mir her!
645 1886 3047 2152 Zweite: Ist auch schon was wert! Obzwar, ich hatte
815 2007 3032 2288 eine Freundin in Krakau, die war verliebt in ei-
824 2174 3115 2467 nen Kerl, der mit einem hölzernen Bein daherging.
818 2356 3131 2603 Aber reich war er freilich. War selber dabei, wie
837 2516 3094 2760 er ihr einen Sack voll Gold in die Truhe leerte.
701 2618 3146 2986 Erste: Da lass ich das Gold lieber fahren, nur heil
868 2800 2556 3060 sei mein Liebster an Leib und Seele!
726 2967 3143 3214 Rabenau: Kümmsterst du dich gar um deines Liebsten
883 3220 1198 3375 Seele?
753 3223 3189 3572 Dritte: Ach, wisst ihr nicht, wie from Renate ist?
898 3492 1433 3708 Wahrhaftig!
