3288 4120
2379 395 2468 539 6
914 517 2724 761 Agathe: (Du sollst nicht mehr fragen.)
917 723 2798 898 Anna: Heilige Maria! hat dir dein Franz
1063 936 1637 1053 was angetan?
922 1072 2796 1190 Agathe: Er? mein Lieber, mein Einziger,
1056 1192 2772 1357 mein Franz mir was Böses? Kennst ihn
1065 1319 1606 1510 denn nicht?
924 1508 2762 1652 Anna: Ich denk' wol, er hat dich immer
1082 1709 1568 1829 sehr lieb.
938 1846 2863 1972 Agathe: Lieb?... Merk' wohl, was ich dir
1082 2004 2868 2121 sag' : Solang' die Welt steht, hätt' es
1080 2140 2863 2262 kein glücklicher Paar gegeben, als wir
1094 2279 2231 2458 sein dürften undkönnten.
922 2456 2731 2631 Anna: Es wird ja bald werden,- nicht?
1087 2604 2983 2746 Muisst eben noch ein wenig warten. Er ist
1092 2791 1944 2899 noch kaum zwanzig.
960 2861 2851 3083 Agathe: Wir warten gern. Wenn’s nur das
1106 3078 2841 3200 wär’! Auch noch zwei oder drei Jahre.
1106 3215 2896 3363 Aber was soll s Warten, wenn auch das
1111 3411 1740 3533 nichts nützt?
974 3464 2872 3689 Anna: Warten hilft immer, wenn man jung
1123 3741 1329 3840 ist.
