3320 4152
2422 385 2547 520 21
1183 518 3042 724 die Kutsche kommt, lasst den Sack hinun-
1191 696 2955 872 terschaffen, der Kutscher weiss schon,
1173 859 2361 992 wo er mich abzuholen hat.
1035 1012 2410 1145 Mutter: Ist's ein Geheimnis?
1046 1165 2741 1300 Anna: Da möchte man wol dabei sein.
1035 1346 2978 1522 Med: Hätten Sie wol Lust, Aennchen, sich
1193 1487 3060 1647 in eine Gesellschaft von (zehn oder zwölf
1193 1617 2991 1805 jungen Offizieren zu begeben, die sich
1193 1780 3037 2032 zu einem Scheidetrunk Stelldichein gege-
1198 1961 1701 2083 ben haben?
1061 2104 2876 2252 Alt.Herr: Gehen Alle den gleichen Weg?
2366 2183 2593 2280 klirle
1061 2264 2897 2440 Med: Nein. Drei gehen nach Ungarn, die
1209 2402 2950 2576 Andern alle nach Mailand, nur ich und
551 2417 1117 2604 am 3 Uhr früh
1380 2512 1706 2614 nent
553 2527 943 2731 bien tout
1209 2558 2963 2744 Friedrich fahren nach Neustadt; zwei
1214 2739 1948 2848 bleiben zurück.
1076 2820 3126 3004 Anna: O, wie missen sich die Mutter freuen!
1081 3006 2981 3167 Med: Das mag wol sein,- aber die beiden
1229 3170 3052 3346 selbst freut es wenig. Der Eine ist der
592 3142 961 3402 Ränner
1237 3340 3024 3504 junge Baron Weidenholz, und der wollte
365 3374 1048 3562 Berch komert
1229 3483 2935 3629 mir gleich sein Schloss in Pressburg
405 3501 1002 3672 teut mich
1239 3649 2927 3845 schenken, wenn ich mit ihm tauschte.
360 3624 1066 3863 in sur Reise
