3352 4088
529 315 2372 618 M eriter Bild konnte nicht
547 532 2295 816 in Napolen der Rede sein?
408 714 1942 990 Anne bringt kunde...
421 826 2539 1141 Auch wel m lievaichs:  Le Witte
371 1089 1911 1339 neht ihn für Rächer auf
448 1271 2768 1565 Thomsum huit in de lvisteren
439 1432 2570 1760 der Lauftsche Beimsprechen: —
486 1605 2749 1899 Thorenn - Eschenbach, eine Person. -
482 1769 2975 2094 per Vater M.6 in B. 901 gefeller.
182 2047 931 2233 Der heilige Feuer-
260 2134 1413 2335 fait de treue blancier
408 2168 2489 2496 mit über den Valer alias,
498 2360 2557 2694 erlebt in Wahn, die Krass
458 2635 2446 2922 Tauhreits & errages -
396 2885 2703 3232 Agette spricht, ne lat tous heeres
476 3074 2690 3423 ulern, wie er u der Stephan
421 3371 2270 3665 and byl speelte.
1896 3541 2561 3794 Schwess
807 3593 1874 3878 Avit to be die
