3384 4152
2481 386 2619 559 17
1099 585 3023 788 Frauenzimmer scharmieren und dabei Tränen
1121 758 2855 903 im Aug haben - nein, Solches will mir
1116 906 2963 1074 nicht gefallen! Und so auch, wenn Einem
607 956 815 1154 all
1129 1039 2868 1237 das Los geworden, und er sitzt in der
1121 1199 3013 1365 Kanzelei - jawol, auch der soll mit Leib
1136 1372 2948 1565 und Seele im Amt sein, wie’s mein gott-
1139 1555 2810 1686 seliger Philipp war, für den's kein
1136 1673 2842 1836 grösseres Vergnügen gegeben hat, als
1139 1806 2975 1997 Acta durchzustudieren. Vielleicht wär's
1141 1997 2940 2153 besser für uns Alle, wenn der Medardus
1146 2178 2978 2308 anders wär'. Da er aber jetzund so ist,
1154 2290 2767 2466 so gefällt er mir, je toller er es
1159 2449 3026 2597 treibt. Und da wir nun eben davon reden,
1157 2612 2880 2775 Anna, ich will’s Ihnen schon ehrlich
1167 2740 2960 2928 sagen: Wie man vernimmt, hat sich Herr
607 2772 956 3023 kusser
1159 2920 2948 3093 Fridolin Mattus um Ihre Hand beworben.
1179 3081 3083 3226 Ich rate Ihnen, schlagen Sie ein und war-
1179 3219 2780 3392 ten Sie auf meinen Medardus nicht.
1034 3327 3051 3530 Anna: Frau Berger, das ist nun, denk' ich,
1177 3517 2990 3715 meine Sache allein. Wenn ich warte, so
1194 3668 3018 3881 spürt wol kein Andrer mein Weh als ich.
