3352 4200
2360 450 2491 586 38
833 627 1797 790 Mutter: Warum Dank?
843 767 2725 951 Franz: Nun ja, es liegt mir so sehr auf
996 906 2846 1072 der Seele, dass Ihr immer so gütig wart,
964 1049 2866 1238 mir vertrautet,- seht, ihr durftet doch.
866 1210 2687 1419 Agathe: Da bin ich. Leb' wohl, Mutter.
873 1366 2894 1537 Mutter: Ei, willst du mich küssen, weil du
1012 1487 2936 1711 auf ein Viertelstündchen ins Freie gehst?
1739 1610 2524 1746 Dans cet né van Vater
881 1698 2763 1849 Agathe: Ich denke, vom Vater muss ich's
1022 1819 2798 2010 haben, dass ich so leicht gerührt bin.
878 1970 2828 2207 Alt.H: An Frühlingsabenden begreift sich
1029 2169 1580 2330 mancherlei.
901 2310 2733 2499 Agathe: Auf Wiedersehen, Herr Thomann!
903 2448 2919 2660 Franz: Nun komm, Agathe, monst wird es gar
1054 2609 2305 2796 dunkle Nacht. :Beide ab:
1968 2806 2109 2947 G.C.P.
