3368 4104
773 560 3021 669 I. Akt. Wasserglacis. Eventuell Prater oder Para-
770 744 1310 840 deisgarten.
767 897 1419 998 Spaziergänger.
762 1047 2689 1128 Thomas und Frau Berger mit ihrer Tochter.
765 1192 2643 1278 Bekannte. Gespräch über die Kriegsläufe.
753 1365 2732 1434 Medardus, als Student, kommt mit Freunden.
767 1515 3021 1598 Der Vater Medaridus' ist im Jahre 1805 gefallen.
767 1673 1434 1757 Rachegedanken
767 1792 2986 1890 Der Marquis und seine Tochter. Sie sind aus dem
765 1973 1685 2069 Wagen ausgestiegen.
765 2100 2899 2193 Thomas grusst. Man fragt, wer das ist. Es ist
773 2256 2920 2366 der Marquis und seine Tochter; dies der Fürst,
765 2441 1440 2513 ihr Verlobter.
765 2571 2972 2674 Er ist ein entfernter Verwandter der Bourbonen,
770 2738 3084 2822 bildet sich Ansprüche auf den Tron von Frankreich
765 2879 2974 2977 ein. Ist etwas wahnsinnig, hält förmlichen Hof.
765 3064 2940 3153 Die Proklamation Napoleons trifft ein. :Siehe
765 3211 3078 3286 Les Casas: "In wenigen Wochen werden wir in Wien
759 3352 2276 3445 sein....“ Grosse Bewegung, etzt
