<?xml version="1.0" encoding="UTF-8" standalone="yes"?>
<PcGts xmlns="http://schema.primaresearch.org/PAGE/gts/pagecontent/2013-07-15" xmlns:xsi="http://www.w3.org/2001/XMLSchema-instance" xsi:schemaLocation="http://schema.primaresearch.org/PAGE/gts/pagecontent/2013-07-15 http://schema.primaresearch.org/PAGE/gts/pagecontent/2013-07-15/pagecontent.xsd">
    <Metadata>
        <Creator>prov=READ-COOP:name=TrHtr:version=2.1.0:model_id=51170:date=29_07_2023_02:51</Creator>
        <Created>2023-05-10T12:19:07.099+02:00</Created>
        <LastChange>2023-07-29T02:51:49.474+02:00</LastChange>
        <TranskribusMetadata docId="1428192" pageId="55400360" pageNr="28" tsid="131391755" status="IN_PROGRESS" userId="64420" imgUrl="https://files.transkribus.eu/Get?id=IDMAQYKNUMUHXWOKXWJVIKAJ&amp;fileType=view" xmlUrl="https://files.transkribus.eu/Get?id=KEQDMNWNAXXCHOHVPEIWBIBI" imageId="44675184"/>
    </Metadata>
    <Page imageFilename="1428192_0028.jpg" imageWidth="3384" imageHeight="4168">
        <ReadingOrder>
            <OrderedGroup id="ro_1711797241212" caption="Regions reading order">
                <RegionRefIndexed index="0" regionRef="tr_1"/>
                <RegionRefIndexed index="1" regionRef="tr_2"/>
            </OrderedGroup>
        </ReadingOrder>
        <TextRegion id="tr_1" custom="readingOrder {index:0;}">
            <Coords points="925,472 2940,472 2940,1846 925,1846"/>
            <TextLine id="tr_1_tl_1" custom="readingOrder {index:0;}">
                <Coords points="2709,550 2743,550 2776,565 2817,529 2834,526 2834,418 2820,418 2798,437 2786,437 2767,425 2733,452 2709,454"/>
                <Baseline points="2722,522 2767,525 2812,522 2839,525"/>
                <TextEquiv>
                    <Unicode>19</Unicode>
                </TextEquiv>
            </TextLine>
            <TextLine id="tr_1_tl_2" custom="readingOrder {index:1;}">
                <Coords points="1053,796 1185,779 1211,800 1245,776 1303,772 1385,805 1471,769 1498,774 1500,671 1471,663 1389,673 1363,697 1293,659 1156,687 1058,687"/>
                <Baseline points="1065,770 1098,767 1143,767 1188,761 1233,758 1277,755 1322,755 1367,752 1412,752 1457,752 1501,752"/>
                <TextEquiv>
                    <Unicode>spielten.</Unicode>
                </TextEquiv>
            </TextLine>
            <TextLine id="tr_1_tl_3" custom="readingOrder {index:2;}">
                <Coords points="911,933 1074,971 1252,913 1486,947 1719,892 2240,923 2248,800 1644,808 1252,865 918,808"/>
                <Baseline points="925,928 949,928 994,925 1039,922 1083,922 1128,919 1173,916 1218,916 1262,910 1307,910 1352,907 1397,904 1442,901 1486,901 1531,898 1576,895 1621,892 1666,892 1710,886 1755,886 1800,883 1845,880 1889,877 1934,874 1979,874 2024,868 2069,865 2113,865 2158,865 2203,865 2248,868"/>
                <TextEquiv>
                    <Unicode>Anna: Spielt's noch einmal.</Unicode>
                </TextEquiv>
            </TextLine>
            <TextLine id="tr_1_tl_4" custom="readingOrder {index:3;}">
                <Coords points="928,1115 1031,1086 1274,1108 1356,1074 1404,1096 1709,1055 1774,1091 1781,971 1082,1022 935,995"/>
                <Baseline points="943,1086 976,1080 1021,1080 1065,1077 1110,1071 1155,1068 1200,1068 1245,1068 1289,1065 1334,1065 1379,1062 1424,1056 1468,1056 1513,1053 1558,1050 1603,1047 1648,1047 1692,1044 1737,1042 1782,1044"/>
                <TextEquiv>
                    <Unicode>At.Herr: :spielt:</Unicode>
                </TextEquiv>
            </TextLine>
            <TextLine id="tr_1_tl_5" custom="readingOrder {index:4;}">
                <Coords points="930,1260 2449,1166 2786,1202 2793,1065 937,1156"/>
                <Baseline points="946,1236 955,1233 1000,1233 1044,1230 1089,1227 1134,1224 1179,1221 1224,1224 1268,1215 1313,1212 1358,1212 1403,1209 1448,1206 1492,1206 1537,1203 1582,1200 1627,1197 1671,1194 1716,1197 1761,1194 1806,1188 1851,1188 1895,1185 1940,1182 1985,1179 2030,1176 2075,1173 2119,1173 2164,1167 2209,1167 2254,1164 2298,1164 2343,1164 2388,1158 2433,1152 2478,1149 2522,1146 2567,1146 2612,1143 2657,1140 2702,1140 2746,1140 2791,1143"/>
                <TextEquiv>
                    <Unicode>Anna: Wisst ihr, wie mir ist? Die Töne,</Unicode>
                </TextEquiv>
            </TextLine>
            <TextLine id="tr_1_tl_6" custom="readingOrder {index:5;}">
                <Coords points="1079,1397 2916,1349 2940,1216 1084,1305"/>
                <Baseline points="1092,1376 1104,1376 1149,1373 1194,1373 1239,1370 1283,1370 1328,1370 1373,1367 1418,1364 1462,1361 1507,1358 1552,1358 1597,1355 1642,1352 1686,1352 1731,1349 1776,1346 1821,1346 1866,1340 1910,1337 1955,1334 2000,1331 2045,1328 2089,1325 2134,1322 2179,1322 2224,1316 2269,1316 2313,1313 2358,1313 2403,1310 2448,1304 2493,1304 2537,1298 2582,1298 2627,1298 2672,1292 2716,1289 2761,1289 2806,1286 2851,1283 2896,1280 2940,1283"/>
                <TextEquiv>
                    <Unicode>die ihr spielt, wollen ein ander Instru-</Unicode>
                </TextEquiv>
            </TextLine>
            <TextLine id="tr_1_tl_7" custom="readingOrder {index:6;}">
                <Coords points="1082,1546 1409,1584 1589,1522 2514,1507 2716,1454 2719,1389 1603,1413 1262,1478 1086,1433"/>
                <Baseline points="1095,1534 1110,1534 1155,1528 1200,1528 1245,1525 1289,1522 1334,1522 1379,1519 1424,1516 1468,1513 1513,1510 1558,1510 1603,1507 1648,1504 1692,1501 1737,1498 1782,1495 1827,1495 1872,1492 1916,1489 1961,1486 2006,1483 2051,1480 2095,1477 2140,1474 2185,1474 2230,1471 2275,1468 2319,1468 2364,1462 2409,1462 2454,1459 2499,1457 2543,1454 2588,1451 2633,1451 2678,1448 2722,1448"/>
                <TextEquiv>
                    <Unicode>ment. Es sehnt sich nach Drommeten-</Unicode>
                </TextEquiv>
            </TextLine>
            <TextLine id="tr_1_tl_8" custom="readingOrder {index:7;}">
                <Coords points="1091,1709 2755,1618 2817,1659 2935,1627 2940,1529 1099,1589"/>
                <Baseline points="1107,1689 1149,1686 1194,1680 1239,1680 1283,1677 1328,1674 1373,1671 1418,1668 1462,1666 1507,1666 1552,1663 1597,1660 1642,1657 1686,1657 1731,1654 1776,1651 1821,1651 1866,1648 1910,1648 1955,1645 2000,1639 2045,1639 2089,1636 2134,1633 2179,1630 2224,1627 2269,1624 2313,1621 2358,1618 2403,1621 2448,1615 2493,1612 2537,1609 2582,1609 2627,1606 2672,1603 2716,1600 2761,1597 2806,1597 2851,1597 2896,1594 2940,1594"/>
                <TextEquiv>
                    <Unicode>und Pfeifenklang und möchte am liebsten</Unicode>
                </TextEquiv>
            </TextLine>
            <TextLine id="tr_1_tl_9" custom="readingOrder {index:8;}">
                <Coords points="1106,1848 1159,1873 1207,1846 1577,1858 1817,1803 1940,1844 2050,1820 2055,1736 1644,1738 1401,1779 1322,1740 1111,1776"/>
                <Baseline points="1122,1836 1164,1836 1209,1836 1253,1833 1298,1830 1343,1827 1388,1827 1433,1824 1477,1824 1522,1821 1567,1818 1612,1815 1657,1812 1701,1809 1746,1806 1791,1803 1836,1803 1880,1800 1925,1800 1970,1797 2015,1794 2060,1800"/>
                <TextEquiv>
                    <Unicode>ein Kriegslied sein.</Unicode>
                </TextEquiv>
            </TextLine>
        </TextRegion>
        <TextRegion id="tr_2" custom="readingOrder {index:1;}">
            <Coords points="982,1857 3051,1857 3051,3249 982,3249"/>
            <TextLine id="tr_2_tl_1" custom="readingOrder {index:0;}">
                <Coords points="966,2026 2476,1930 2618,1978 2860,1933 2865,1858 2550,1827 971,1935"/>
                <Baseline points="982,2000 988,2000 1033,2000 1077,2000 1122,1997 1167,1997 1212,1994 1256,1991 1301,1988 1346,1985 1391,1982 1436,1979 1480,1976 1525,1976 1570,1973 1615,1970 1660,1967 1704,1964 1749,1964 1794,1961 1839,1958 1883,1955 1928,1955 1973,1949 2018,1949 2063,1946 2107,1943 2152,1940 2197,1937 2242,1937 2287,1934 2331,1931 2376,1931 2421,1925 2466,1922 2510,1919 2555,1919 2600,1916 2645,1916 2690,1913 2734,1910 2779,1907 2824,1907 2869,1907"/>
                <TextEquiv>
                    <Unicode>Alt.Herr: Du magst wol Recht haben. Ein</Unicode>
                </TextEquiv>
            </TextLine>
            <TextLine id="tr_2_tl_2" custom="readingOrder {index:1;}">
                <Coords points="1111,2190 2017,2106 2848,2113 2868,1995 1115,2091"/>
                <Baseline points="1125,2155 1170,2149 1215,2146 1259,2146 1304,2143 1349,2140 1394,2137 1439,2134 1483,2134 1528,2128 1573,2125 1618,2125 1663,2122 1707,2119 1752,2116 1797,2116 1842,2113 1886,2110 1931,2107 1976,2104 2021,2104 2066,2098 2110,2098 2155,2098 2200,2095 2245,2092 2290,2092 2334,2089 2379,2086 2424,2084 2469,2078 2513,2075 2558,2072 2603,2069 2648,2066 2693,2066 2737,2063 2782,2063 2827,2063 2872,2069"/>
                <TextEquiv>
                    <Unicode>Kriegslied will es sein. Du hörst wol</Unicode>
                </TextEquiv>
            </TextLine>
            <TextLine id="tr_2_tl_3" custom="readingOrder {index:2;}">
                <Coords points="1130,2322 2642,2269 2877,2226 2882,2130 1135,2235"/>
                <Baseline points="1143,2307 1179,2304 1224,2301 1268,2301 1313,2298 1358,2295 1403,2295 1448,2290 1492,2290 1537,2287 1582,2284 1627,2281 1671,2281 1716,2278 1761,2278 1806,2272 1851,2269 1895,2263 1940,2263 1985,2260 2030,2257 2075,2254 2119,2254 2164,2251 2209,2248 2254,2245 2298,2245 2343,2242 2388,2239 2433,2236 2478,2233 2522,2230 2567,2230 2612,2230 2657,2230 2702,2227 2746,2221 2791,2218 2836,2215 2881,2215"/>
                <TextEquiv>
                    <Unicode>auch, wenn du ins Träumen kommst, die</Unicode>
                </TextEquiv>
            </TextLine>
            <TextLine id="tr_2_tl_4" custom="readingOrder {index:3;}">
                <Coords points="1130,2488 2493,2428 2497,2322 1135,2394"/>
                <Baseline points="1143,2460 1158,2460 1203,2460 1248,2457 1292,2451 1337,2451 1382,2448 1427,2445 1471,2445 1516,2442 1561,2439 1606,2439 1651,2436 1695,2433 1740,2430 1785,2427 1830,2424 1875,2421 1919,2418 1964,2415 2009,2412 2054,2412 2098,2409 2143,2406 2188,2403 2233,2400 2278,2397 2322,2397 2367,2394 2412,2391 2457,2391 2501,2397"/>
                <TextEquiv>
                    <Unicode>Drommeten und Pfeifen selbst.</Unicode>
                </TextEquiv>
            </TextLine>
            <TextLine id="tr_2_tl_5" custom="readingOrder {index:4;}">
                <Coords points="1002,2622 2764,2570 2930,2546 2933,2471 1007,2536"/>
                <Baseline points="1015,2624 1056,2621 1101,2618 1146,2618 1191,2615 1236,2615 1280,2615 1325,2615 1370,2609 1415,2606 1459,2606 1504,2600 1549,2597 1594,2594 1639,2591 1683,2588 1728,2585 1773,2585 1818,2582 1863,2576 1907,2573 1952,2573 1997,2570 2042,2567 2086,2564 2131,2561 2176,2558 2221,2558 2266,2555 2310,2552 2355,2549 2400,2546 2445,2546 2490,2543 2534,2540 2579,2540 2624,2540 2669,2534 2713,2528 2758,2528 2803,2525 2848,2522 2893,2519 2937,2519"/>
                <TextEquiv>
                    <Unicode>Anna: Ei, mehr noch! Ich sehe ein ganzes</Unicode>
                </TextEquiv>
            </TextLine>
            <TextLine id="tr_2_tl_6" custom="readingOrder {index:5;}">
                <Coords points="1144,2786 3043,2726 3053,2560 1618,2707 1151,2690"/>
                <Baseline points="1161,2767 1170,2767 1215,2764 1259,2764 1304,2764 1349,2761 1394,2761 1439,2755 1483,2755 1528,2752 1573,2749 1618,2746 1663,2740 1707,2740 1752,2737 1797,2734 1842,2731 1886,2728 1931,2725 1976,2722 2021,2719 2066,2719 2110,2716 2155,2713 2200,2713 2245,2710 2290,2705 2334,2705 2379,2702 2424,2702 2469,2699 2513,2696 2558,2693 2603,2693 2648,2687 2693,2684 2737,2681 2782,2681 2827,2678 2872,2675 2917,2672 2961,2669 3006,2669 3051,2666"/>
                <TextEquiv>
                    <Unicode>Regiment, strahlend in Waffen, der Erdbo-</Unicode>
                </TextEquiv>
            </TextLine>
            <TextLine id="tr_2_tl_7" custom="readingOrder {index:6;}">
                <Coords points="1159,2937 1800,2916 1913,2880 2163,2904 2243,2894 2248,2820 2110,2796 1704,2841 1615,2810 1161,2870"/>
                <Baseline points="1173,2919 1176,2919 1221,2919 1265,2917 1310,2917 1355,2914 1400,2914 1445,2908 1489,2908 1534,2905 1579,2902 1624,2899 1668,2899 1713,2896 1758,2890 1803,2887 1848,2884 1892,2881 1937,2881 1982,2875 2027,2872 2072,2872 2116,2869 2161,2869 2206,2869 2251,2872"/>
                <TextEquiv>
                    <Unicode>den zittert und dröhnt.</Unicode>
                </TextEquiv>
            </TextLine>
            <TextLine id="tr_2_tl_8" custom="readingOrder {index:7;}">
                <Coords points="1022,3094 2800,3048 2901,3026 2906,2918 2659,2863 2286,2964 1026,3007"/>
                <Baseline points="1036,3087 1071,3084 1116,3084 1161,3081 1206,3078 1250,3075 1295,3072 1340,3072 1385,3069 1430,3066 1474,3063 1519,3060 1564,3057 1609,3051 1654,3051 1698,3048 1743,3048 1788,3042 1833,3042 1877,3039 1922,3036 1967,3033 2012,3030 2057,3027 2101,3024 2146,3021 2191,3018 2236,3018 2281,3015 2325,3015 2370,3012 2415,3009 2460,3006 2504,3003 2549,3003 2594,3000 2639,2997 2684,2994 2728,2991 2773,2988 2818,2988 2863,2991 2908,2997"/>
                <TextEquiv>
                    <Unicode>Alt.Herr: Und ist doch nur ein Spinett,</Unicode>
                </TextEquiv>
            </TextLine>
            <TextLine id="tr_2_tl_9" custom="readingOrder {index:8;}">
                <Coords points="1175,3281 2394,3180 2567,3264 2716,3223 2726,3077 2358,3079 2233,3130 1921,3091 1779,3154 1351,3175 1185,3134"/>
                <Baseline points="1191,3239 1203,3236 1248,3233 1292,3230 1337,3224 1382,3221 1427,3218 1471,3215 1516,3212 1561,3209 1606,3209 1651,3206 1695,3203 1740,3197 1785,3197 1830,3194 1875,3191 1919,3191 1964,3188 2009,3185 2054,3182 2098,3179 2143,3179 2188,3173 2233,3173 2278,3170 2322,3164 2367,3161 2412,3161 2457,3158 2501,3158 2546,3155 2591,3152 2636,3149 2681,3149 2725,3152"/>
                <TextEquiv>
                    <Unicode>und überdies erheblich verstimmt.</Unicode>
                </TextEquiv>
            </TextLine>
        </TextRegion>
    </Page>
</PcGts>
