3400 4120
2528 395 2677 592 66
735 658 2145 844 Ein sentimentales Liebespaar:
764 789 3063 1041 Er: Im selben Grab! Ach, sehen Sie, wenn uns das
1187 978 1979 1170 beschieden wäre!
455 1047 744 1284 früher.
1338 1072 2966 1310 Und hab'n S' das schon gehört? Das
795 1147 1273 1347 Irgendwer:
1190 1250 3052 1481 hat mir heut erst Einer im Café Tarroni
1213 1404 3014 1639 erzählt. Bitte sehr, der eigene Bruder
1210 1559 3066 1808 hat sie zuallererst g’ sehn - der Bruder
1233 1770 1716 1948 vom Mädel.
807 1910 1819 2096 Einer: Der Medardus?
852 2056 2405 2242 :Etwa Einiges über den Medardus:
812 2162 3052 2408 Der Frühere: Ja, er geht grad an der Donau spa¬
1230 2342 2894 2588 zieren, mit Frauenz immer natürlich,
1256 2488 2969 2720 da haben sie sie herausgezogen - vor
1258 2683 1890 2886 seinen Augen.
1264 2837 1988 3020 Jessas! Tessas!
852 2851 1190 2980 Weiber:
852 2957 2974 3172 Ein Mädchen: Und der tote Herr Graf, hat der
1276 3126 2377 3346 nicht auch Geschwister?
858 3283 1965 3478 Ein Weib: Na freilich!
878 3426 3112 3646 Irgendwer: Die Comtess' Julia - die schöne Com-
1310 3581 1882 3738 tess’ Julia.
