3352 4184
2798 468 2938 606 25
1238 579 3096 807 der nur auf seine Art Herr über die Men-
1250 782 3052 967 schen ist. Einer, wie Sie es damals wa-
1248 925 3140 1110 ren, Herr Tomann, als Sie Konzerte gaben
1252 1080 3040 1255 Ja, wenn ich auch von den Dingen wenig
1255 1262 3050 1393 verstehe, das fühl' ich doch, dass Sie
1252 1383 2929 1548 zu jener Zeit so viel waren als ein
1269 1548 3103 1686 Prinz.- Aber um auf dich zurückzukommen
1255 1722 3001 1877 Agathe, und auf unsern jungen Grafen:
1272 1846 3052 2020 Ist unsere Familie so gering, dass der
581 1739 984 1950 letit inbe
356 1863 1071 2088 der alte kamer
332 1986 967 2168 wie weiter von
1279 2025 3091 2195 alte Bärenburg nur einen Augenblick zö-
354 2049 938 2289 Brnstoner al
845 2042 1206 2284 urdies.
1277 2180 2968 2338 gern durfte, weil wir arm sind? weil
298 2212 770 2418 sluit -?
274 2294 1073 2524 reur gelst bleibt
1286 2343 2737 2485 unser Vater nicht von Adel war?
286 2398 1090 2597 sein weisen nicht.
1143 2490 3091 2648 Mutter: Schweig' doch, Medardus! Agathen
298 2570 824 2718 Nepoléon.
1294 2636 3089 2810 sind die Tränen nah. Soll es nicht wer¬
245 2699 1066 2883 neu wir hapolen
1296 2747 3094 2938 den, so tröstet sie sich bald, das ist
237 2817 1153 2985 schlagen kein Frausern
250 2912 1100 3106 Vater König werde
1298 2919 3072 3127 gewies. Und wird’s,- nun, wozu das Ge-
220 3045 1056 3195 sagt byathe in into
1308 3067 3106 3282 schwätz?- Warum schütteln Sie den Kopf
300 3142 855 3287 verlocht.
317 3266 778 3411 ce été en
1315 3253 1715 3433 Thomas?
337 3341 875 3556 alle lester
1168 3416 2873 3585 Alt.H: Ich muss mich eben erinnern.
1177 3571 1907 3740 Agathe: Woran?
