3320 4120
927 649 2987 858 Agathe: Du weisst nicht, Anna, wie bös d»
1066 841 2791 987 Menschen sind. Es mag wol sein, dass
311 834 848 1053 Ceur aux
642 937 858 1119 du
1073 937 2970 1185 über eine Stunde alle Hoffnung auf ewige
291 983 642 1228 soi c'il
1079 1136 1907 1311 Zeit vorüber ist.
305 1209 470 1450 P.
954 1242 3010 1470 Anna : Nein, nein, ich kann's nicht glauben!
947 1434 2904 1629 Agathe: Nun höre, Anna, da ich dir schon
1106 1579 2791 1762 so viel anvertraut habe,-nicht wahr,
1109 1695 2904 1901 wenn es so kommt und der Bruder ist im
1099 1881 2914 2083 Feld und die Mutter ist allein,- (nicht
1116 2043 2636 2222 wahr, Anna, du kommst jeden Tag,
1119 2212 2927 2364 scheust den Weg nicht? Es werden jetzt
1116 2374 2874 2540 die Tage länger, im Frühjahr sind die
1086 2536 2891 2679 Abende schön, man kann's wol wagen, al-
1129 2675 2464 2834 lein über's Glacis zu gehen.
358 2815 3023 3106 weise der Anna: Agathe - Agathe – da du schon an die
371 2838 732 3040 Zellert
1132 2944 2993 3149 Mutter denkst, wie kann's dir nur durch
1139 3099 2917 3288 den Sinn gehen... Nicht wahr, es ist
1142 3268 3053 3470 nicht ernst gewesen, Agathe? Du lächelst
1156 3440 2351 3642 ja... es ist nicht ernst.
1023 3560 2791 3798 Agathe: Ach nein, nicht so ganz. Man
