<?xml version="1.0" encoding="UTF-8" standalone="yes"?>
<PcGts xmlns="http://schema.primaresearch.org/PAGE/gts/pagecontent/2013-07-15" xmlns:xsi="http://www.w3.org/2001/XMLSchema-instance" xsi:schemaLocation="http://schema.primaresearch.org/PAGE/gts/pagecontent/2013-07-15 http://schema.primaresearch.org/PAGE/gts/pagecontent/2013-07-15/pagecontent.xsd">
    <Metadata>
        <Creator>prov=READ-COOP:name=TrHtr:version=2.1.0:model_id=51170:date=29_07_2023_02:51</Creator>
        <Created>2023-05-10T12:19:14.511+02:00</Created>
        <LastChange>2023-07-29T02:51:59.039+02:00</LastChange>
        <TranskribusMetadata docId="1428192" pageId="55400555" pageNr="60" tsid="131391787" status="IN_PROGRESS" userId="64420" imgUrl="https://files.transkribus.eu/Get?id=KVDGAVCZIDEXLMEALDOPSGFK&amp;fileType=view" xmlUrl="https://files.transkribus.eu/Get?id=RLXDDGEXCDCONZNRYLGAEJMG" imageId="44675378"/>
    </Metadata>
    <Page imageFilename="1428192_0060.jpg" imageWidth="3320" imageHeight="4088">
        <ReadingOrder>
            <OrderedGroup id="ro_1711797270737" caption="Regions reading order">
                <RegionRefIndexed index="0" regionRef="tr_1"/>
                <RegionRefIndexed index="1" regionRef="tr_2"/>
            </OrderedGroup>
        </ReadingOrder>
        <TextRegion id="tr_1" custom="readingOrder {index:0;}">
            <Coords points="802,439 3058,439 3058,2388 802,2388"/>
            <TextLine id="tr_1_tl_1" custom="readingOrder {index:0;}">
                <Coords points="2591,506 2625,510 2659,490 2684,506 2716,504 2716,395 2698,397 2691,404 2684,399 2677,402 2666,390 2648,392 2627,377 2591,386"/>
                <Baseline points="2604,489 2649,489 2694,492 2721,489"/>
                <TextEquiv>
                    <Unicode>50</Unicode>
                </TextEquiv>
            </TextLine>
            <TextLine id="tr_1_tl_2" custom="readingOrder {index:1;}">
                <Coords points="1218,744 1370,776 1559,672 2648,681 2648,610 2559,585 1221,594"/>
                <Baseline points="1232,674 1265,674 1309,674 1354,674 1399,674 1444,671 1488,671 1533,668 1578,671 1623,668 1668,668 1712,668 1757,665 1802,665 1847,665 1891,665 1936,662 1981,662 2026,662 2070,659 2115,662 2160,659 2205,659 2249,656 2294,653 2339,650 2384,650 2428,647 2473,647 2518,647 2563,647 2607,650 2652,644"/>
                <TextEquiv>
                    <Unicode>Bürgerstöchtern den Hof mache.</Unicode>
                </TextEquiv>
            </TextLine>
            <TextLine id="tr_1_tl_3" custom="readingOrder {index:2;}">
                <Coords points="1259,839 2114,817 2271,873 2362,814 2922,817 2981,801 2986,660 2346,672 1978,769 1261,762"/>
                <Baseline points="1271,826 1286,826 1330,826 1375,826 1420,826 1465,826 1509,823 1554,820 1599,820 1644,820 1688,820 1733,820 1778,817 1823,820 1867,817 1912,817 1957,814 2002,814 2046,811 2091,811 2136,808 2181,808 2226,808 2270,805 2315,805 2360,805 2405,802 2449,802 2494,802 2539,802 2584,799 2628,799 2673,799 2718,799 2763,799 2807,796 2852,793 2897,790 2942,787 2986,781"/>
                <TextEquiv>
                    <Unicode>Soll übrigens ein weichliches Bürsch-</Unicode>
                </TextEquiv>
            </TextLine>
            <TextLine id="tr_1_tl_4" custom="readingOrder {index:3;}">
                <Coords points="790,846 914,880 978,846 1096,842 1150,869 1191,858 1191,771 1132,753 1098,771 1021,758 1005,774 982,762 939,774 921,760 867,778 790,769"/>
                <Baseline points="802,835 838,835 883,835 928,832 972,835 1017,835 1062,832 1107,832 1151,832 1196,829"/>
                <TextEquiv>
                    <Unicode>Leibold:</Unicode>
                </TextEquiv>
            </TextLine>
            <TextLine id="tr_1_tl_5" custom="readingOrder {index:4;}">
                <Coords points="1236,996 2856,948 3004,989 3006,892 2850,876 1826,892 1690,939 1239,892"/>
                <Baseline points="1250,978 1265,981 1309,981 1354,981 1399,981 1444,981 1488,978 1533,978 1578,975 1623,978 1668,978 1712,975 1757,975 1802,975 1847,972 1891,972 1936,972 1981,969 2026,966 2070,966 2115,966 2160,963 2205,960 2249,960 2294,960 2339,960 2384,957 2428,957 2473,957 2518,957 2563,957 2607,954 2652,954 2697,951 2742,951 2787,948 2831,948 2876,948 2921,945 2966,945 3010,945"/>
                <TextEquiv>
                    <Unicode>chen sein. In einer Kadettenschule war</Unicode>
                </TextEquiv>
            </TextLine>
            <TextLine id="tr_1_tl_6" custom="readingOrder {index:5;}">
                <Coords points="1225,1155 2870,1130 2963,1118 2965,987 2534,1069 2074,1060 1985,1010 1366,1107 1227,1073"/>
                <Baseline points="1241,1133 1268,1136 1312,1139 1357,1136 1402,1133 1447,1133 1491,1130 1536,1130 1581,1127 1626,1127 1671,1127 1715,1130 1760,1127 1805,1127 1850,1124 1894,1124 1939,1121 1984,1121 2029,1121 2073,1118 2118,1118 2163,1115 2208,1115 2252,1118 2297,1118 2342,1118 2387,1118 2431,1118 2476,1115 2521,1113 2566,1113 2610,1113 2655,1110 2700,1110 2745,1107 2789,1107 2834,1104 2879,1104 2924,1101 2969,1098"/>
                <TextEquiv>
                    <Unicode>er, hat doch nichts getaugt, weil ihn</Unicode>
                </TextEquiv>
            </TextLine>
            <TextLine id="tr_1_tl_7" custom="readingOrder {index:6;}">
                <Coords points="1227,1314 2963,1275 2963,1202 2888,1191 1829,1243 1230,1207"/>
                <Baseline points="1241,1292 1268,1289 1312,1286 1357,1286 1402,1286 1447,1283 1491,1280 1536,1280 1581,1283 1626,1280 1671,1283 1715,1283 1760,1280 1805,1280 1850,1277 1894,1274 1939,1274 1984,1274 2029,1271 2073,1271 2118,1271 2163,1271 2208,1268 2252,1268 2297,1268 2342,1268 2387,1268 2431,1271 2476,1268 2521,1268 2566,1265 2610,1265 2655,1262 2700,1262 2745,1262 2789,1259 2834,1259 2879,1256 2924,1253 2969,1244"/>
                <TextEquiv>
                    <Unicode>das Leben zu sehr hernahm, spielt die</Unicode>
                </TextEquiv>
            </TextLine>
            <TextLine id="tr_1_tl_8" custom="readingOrder {index:7;}">
                <Coords points="1230,1527 1479,1527 1611,1441 2133,1457 2271,1425 2321,1459 2416,1427 2416,1386 2264,1345 1475,1388 1232,1361"/>
                <Baseline points="1244,1441 1259,1438 1303,1438 1348,1438 1393,1438 1438,1438 1483,1438 1527,1438 1572,1435 1617,1435 1662,1432 1706,1432 1751,1429 1796,1429 1841,1429 1885,1429 1930,1429 1975,1426 2020,1426 2064,1426 2109,1426 2154,1423 2199,1423 2243,1423 2288,1420 2333,1420 2378,1420 2422,1423"/>
                <TextEquiv>
                    <Unicode>Flöte und das Pianoforte.</Unicode>
                </TextEquiv>
            </TextLine>
            <TextLine id="tr_1_tl_9" custom="readingOrder {index:8;}">
                <Coords points="1227,1663 1502,1663 1624,1590 2271,1624 2369,1575 2616,1670 2734,1586 2997,1570 2999,1502 1230,1527"/>
                <Baseline points="1241,1602 1256,1599 1300,1599 1345,1599 1390,1596 1435,1596 1480,1593 1524,1596 1569,1593 1614,1590 1659,1590 1703,1587 1748,1587 1793,1587 1838,1584 1882,1581 1927,1581 1972,1581 2017,1578 2061,1581 2106,1578 2151,1578 2196,1578 2240,1575 2285,1575 2330,1575 2375,1575 2419,1572 2464,1569 2509,1572 2554,1572 2599,1572 2643,1569 2688,1569 2733,1566 2778,1566 2822,1563 2867,1563 2912,1560 2957,1560 3001,1560"/>
                <TextEquiv>
                    <Unicode>Ei, wie lieb' ich solche jungen Leute!</Unicode>
                </TextEquiv>
            </TextLine>
            <TextLine id="tr_1_tl_10" custom="readingOrder {index:9;}">
                <Coords points="810,1627 867,1652 951,1629 1021,1636 1123,1668 1150,1663 1150,1543 1060,1525 1028,1531 998,1513 898,1538 880,1529 810,1538"/>
                <Baseline points="823,1611 844,1608 889,1605 933,1605 978,1605 1023,1605 1068,1605 1113,1602 1157,1608"/>
                <TextEquiv>
                    <Unicode>Zweite:</Unicode>
                </TextEquiv>
            </TextLine>
            <TextLine id="tr_1_tl_11" custom="readingOrder {index:10;}">
                <Coords points="1243,1770 2856,1740 2927,1652 1246,1674"/>
                <Baseline points="1259,1748 1274,1748 1318,1748 1363,1748 1408,1748 1453,1745 1497,1745 1542,1742 1587,1742 1632,1742 1676,1739 1721,1739 1766,1739 1811,1736 1856,1736 1900,1736 1945,1733 1990,1733 2035,1733 2079,1730 2124,1730 2169,1730 2214,1730 2258,1730 2303,1727 2348,1724 2393,1724 2437,1724 2482,1721 2527,1721 2572,1718 2616,1718 2661,1718 2706,1715 2751,1715 2795,1712 2840,1712 2885,1709 2930,1706"/>
                <TextEquiv>
                    <Unicode>Ich kannte Einen, der das Pianoforte</Unicode>
                </TextEquiv>
            </TextLine>
            <TextLine id="tr_1_tl_12" custom="readingOrder {index:11;}">
                <Coords points="1241,1976 1352,1985 1504,1899 2738,1890 2741,1792 1243,1831"/>
                <Baseline points="1256,1903 1268,1903 1312,1906 1357,1903 1402,1903 1447,1900 1491,1900 1536,1897 1581,1894 1626,1894 1671,1891 1715,1894 1760,1891 1805,1891 1850,1888 1894,1888 1939,1885 1984,1885 2029,1885 2073,1882 2118,1882 2163,1882 2208,1879 2252,1879 2297,1879 2342,1876 2387,1876 2431,1876 2476,1873 2521,1873 2566,1870 2610,1870 2655,1867 2700,1867 2745,1870"/>
                <TextEquiv>
                    <Unicode>spielte wie der Herrgott selbst!</Unicode>
                </TextEquiv>
            </TextLine>
            <TextLine id="tr_1_tl_13" custom="readingOrder {index:12;}">
                <Coords points="1291,2067 3049,2040 3054,1894 2654,1981 1293,1967"/>
                <Baseline points="1303,2052 1312,2052 1357,2052 1402,2052 1447,2049 1491,2049 1536,2049 1581,2046 1626,2046 1671,2046 1715,2046 1760,2044 1805,2044 1850,2041 1894,2041 1939,2038 1984,2038 2029,2038 2073,2038 2118,2035 2163,2035 2208,2035 2252,2035 2297,2032 2342,2032 2387,2032 2431,2029 2476,2029 2521,2026 2566,2026 2610,2026 2655,2026 2700,2023 2745,2020 2789,2020 2834,2020 2879,2017 2924,2017 2969,2017 3013,2014 3058,2011"/>
                <TextEquiv>
                    <Unicode>Wo hörst denn du den Herrgott spielen?</Unicode>
                </TextEquiv>
            </TextLine>
            <TextLine id="tr_1_tl_14" custom="readingOrder {index:13;}">
                <Coords points="824,2087 842,2080 885,2096 960,2067 1014,2092 1202,2090 1202,1978 1143,1967 1055,1999 996,2001 982,1987 942,1994 873,1962 824,1967"/>
                <Baseline points="835,2064 850,2064 895,2061 939,2061 984,2061 1029,2061 1074,2058 1118,2058 1163,2061 1208,2061"/>
                <TextEquiv>
                    <Unicode>Rabenau:</Unicode>
                </TextEquiv>
            </TextLine>
            <TextLine id="tr_1_tl_15" custom="readingOrder {index:14;}">
                <Coords points="1239,2221 2543,2219 2795,2187 2797,2130 1241,2151"/>
                <Baseline points="1253,2208 1280,2208 1324,2208 1369,2208 1414,2205 1459,2205 1503,2202 1548,2202 1593,2202 1638,2202 1682,2199 1727,2199 1772,2196 1817,2196 1861,2196 1906,2193 1951,2193 1996,2193 2041,2193 2085,2190 2130,2187 2175,2187 2220,2187 2264,2184 2309,2181 2354,2181 2399,2181 2443,2181 2488,2178 2533,2178 2578,2178 2622,2175 2667,2175 2712,2175 2757,2175 2801,2178"/>
                <TextEquiv>
                    <Unicode>Kommt er auf Besuch zum Teufel?</Unicode>
                </TextEquiv>
            </TextLine>
            <TextLine id="tr_1_tl_16" custom="readingOrder {index:15;}">
                <Coords points="1243,2400 1751,2357 2310,2405 2546,2339 2974,2384 3040,2373 3045,2207 2430,2187 1801,2314 1246,2278"/>
                <Baseline points="1256,2366 1259,2366 1303,2363 1348,2360 1393,2357 1438,2360 1483,2357 1527,2357 1572,2357 1617,2357 1662,2357 1706,2354 1751,2351 1796,2351 1841,2348 1885,2348 1930,2345 1975,2348 2020,2345 2064,2345 2109,2342 2154,2342 2199,2342 2243,2342 2288,2336 2333,2336 2378,2333 2422,2336 2467,2336 2512,2333 2557,2333 2601,2333 2646,2330 2691,2327 2736,2324 2781,2324 2825,2324 2870,2321 2915,2321 2960,2327 3004,2327 3049,2330"/>
                <TextEquiv>
                    <Unicode>Ach du! Ich sage euch, wenn er das tat,</Unicode>
                </TextEquiv>
            </TextLine>
            <TextLine id="tr_1_tl_17" custom="readingOrder {index:16;}">
                <Coords points="826,2423 858,2437 887,2409 912,2416 978,2380 1166,2412 1168,2301 1053,2269 1037,2285 1010,2285 960,2260 828,2271"/>
                <Baseline points="841,2378 862,2375 907,2372 951,2369 996,2372 1041,2369 1086,2369 1130,2369 1175,2375"/>
                <TextEquiv>
                    <Unicode>Zweite:</Unicode>
                </TextEquiv>
            </TextLine>
        </TextRegion>
        <TextRegion id="tr_2" custom="readingOrder {index:1;}">
            <Coords points="919,2426 3103,2426 3103,3599 919,3599"/>
            <TextLine id="tr_2_tl_1" custom="readingOrder {index:0;}">
                <Coords points="1259,2557 1815,2566 2062,2498 2532,2484 2645,2521 2722,2477 3015,2525 3017,2412 2784,2348 2380,2425 1938,2380 1645,2432 1525,2378 1348,2457 1261,2425"/>
                <Baseline points="1271,2518 1277,2518 1321,2515 1366,2512 1411,2512 1456,2509 1500,2506 1545,2509 1590,2509 1635,2506 1679,2506 1724,2503 1769,2503 1814,2503 1858,2500 1903,2500 1948,2497 1993,2497 2038,2494 2082,2494 2127,2494 2172,2491 2217,2491 2261,2491 2306,2491 2351,2488 2396,2488 2440,2485 2485,2485 2530,2485 2575,2482 2619,2479 2664,2479 2709,2479 2754,2476 2798,2476 2843,2476 2888,2476 2933,2479 2977,2482 3022,2485"/>
                <TextEquiv>
                    <Unicode>da traten mir die Tränen in die Augen,</Unicode>
                </TextEquiv>
            </TextLine>
            <TextLine id="tr_2_tl_2" custom="readingOrder {index:1;}">
                <Coords points="1264,2684 2840,2686 2895,2677 2899,2566 2371,2514 2232,2577 1931,2539 1266,2595"/>
                <Baseline points="1277,2667 1289,2667 1333,2667 1378,2667 1423,2664 1468,2664 1512,2664 1557,2664 1602,2661 1647,2658 1691,2658 1736,2655 1781,2655 1826,2652 1870,2652 1915,2652 1960,2649 2005,2646 2049,2649 2094,2646 2139,2646 2184,2646 2229,2646 2273,2643 2318,2643 2363,2640 2408,2640 2452,2637 2497,2637 2542,2634 2587,2634 2631,2634 2676,2631 2721,2631 2766,2628 2810,2628 2855,2628 2900,2625"/>
                <TextEquiv>
                    <Unicode>so schön war's! Wenn der mich nicht</Unicode>
                </TextEquiv>
            </TextLine>
            <TextLine id="tr_2_tl_3" custom="readingOrder {index:2;}">
                <Coords points="1268,2836 2042,2859 2831,2788 3085,2852 3090,2698 1270,2759"/>
                <Baseline points="1280,2819 1303,2819 1348,2819 1393,2819 1438,2816 1483,2816 1527,2816 1572,2813 1617,2813 1662,2810 1706,2810 1751,2807 1796,2807 1841,2807 1885,2804 1930,2804 1975,2807 2020,2804 2064,2804 2109,2801 2154,2798 2199,2795 2243,2798 2288,2798 2333,2801 2378,2798 2422,2795 2467,2792 2512,2789 2557,2789 2601,2789 2646,2787 2691,2787 2736,2787 2781,2787 2825,2787 2870,2787 2915,2784 2960,2787 3004,2784 3049,2784 3094,2781"/>
                <TextEquiv>
                    <Unicode>verlassen hätte - ja, meiner Seel', nic</Unicode>
                </TextEquiv>
            </TextLine>
            <TextLine id="tr_2_tl_4" custom="readingOrder {index:3;}">
                <Coords points="1261,2986 1774,3011 1949,2958 2046,3002 2593,2958 2593,2909 2521,2879 2230,2915 2012,2879 1938,2922 1264,2888"/>
                <Baseline points="1274,2977 1300,2974 1345,2974 1390,2974 1435,2974 1480,2974 1524,2969 1569,2969 1614,2966 1659,2966 1703,2963 1748,2963 1793,2960 1838,2960 1882,2960 1927,2960 1972,2957 2017,2957 2061,2957 2106,2954 2151,2954 2196,2954 2240,2954 2285,2951 2330,2951 2375,2948 2419,2948 2464,2945 2509,2945 2554,2948 2599,2945"/>
                <TextEquiv>
                    <Unicode>nicht mit Euch säss’ ich da,</Unicode>
                </TextEquiv>
            </TextLine>
            <TextLine id="tr_2_tl_5" custom="readingOrder {index:4;}">
                <Coords points="1536,3156 3042,3122 3097,3110 3099,3024 2775,3004 2552,3061 2296,2997 2119,3063 1815,2997 1656,3061 1540,3040"/>
                <Baseline points="1551,3130 1581,3127 1626,3121 1671,3124 1715,3121 1760,3121 1805,3118 1850,3121 1894,3121 1939,3121 1984,3118 2029,3118 2073,3115 2118,3115 2163,3115 2208,3112 2252,3109 2297,3109 2342,3106 2387,3103 2431,3103 2476,3100 2521,3103 2566,3103 2610,3100 2655,3097 2700,3097 2745,3097 2789,3097 2834,3094 2879,3094 2924,3091 2969,3091 3013,3088 3058,3088 3103,3091"/>
                <TextEquiv>
                    <Unicode>:Streit, Entgegnungen. Vielleicht</Unicode>
                </TextEquiv>
            </TextLine>
            <TextLine id="tr_2_tl_6" custom="readingOrder {index:5;}">
                <Coords points="907,3213 964,3197 996,3213 1041,3203 1066,3219 1087,3201 1114,3206 1157,3183 1266,3185 1273,3083 1205,3097 1180,3081 1066,3131 1014,3110 976,3133 944,3110 914,3108"/>
                <Baseline points="919,3192 957,3189 1002,3189 1047,3183 1092,3180 1136,3177 1181,3174 1226,3171 1271,3171"/>
                <TextEquiv>
                    <Unicode>solite lute</Unicode>
                </TextEquiv>
            </TextLine>
            <TextLine id="tr_2_tl_7" custom="readingOrder {index:6;}">
                <Coords points="1545,3303 2262,3306 2475,3260 2695,3292 3011,3258 3038,3201 2865,3163 2691,3206 2557,3149 2219,3222 1545,3226"/>
                <Baseline points="1557,3273 1566,3273 1611,3276 1656,3273 1700,3273 1745,3273 1790,3273 1835,3270 1879,3270 1924,3267 1969,3267 2014,3267 2058,3267 2103,3267 2148,3267 2193,3264 2237,3264 2282,3264 2327,3261 2372,3261 2416,3258 2461,3258 2506,3258 2551,3258 2596,3255 2640,3252 2685,3252 2730,3249 2775,3252 2819,3249 2864,3246 2909,3243 2954,3243 2998,3240 3043,3234"/>
                <TextEquiv>
                    <Unicode>etwas Böses über den jungen Gra¬</Unicode>
                </TextEquiv>
            </TextLine>
            <TextLine id="tr_2_tl_8" custom="readingOrder {index:7;}">
                <Coords points="910,3294 1030,3294 1137,3342 1191,3312 1300,3333 1352,3310 1379,3321 1429,3310 1441,3188 1316,3169 1250,3219 917,3224"/>
                <Baseline points="922,3285 948,3282 993,3279 1038,3279 1083,3276 1127,3273 1172,3270 1217,3264 1262,3261 1306,3252 1351,3249 1396,3243 1441,3237"/>
                <TextEquiv>
                    <Unicode>laugen nichts.</Unicode>
                </TextEquiv>
            </TextLine>
            <TextLine id="tr_2_tl_9" custom="readingOrder {index:8;}">
                <Coords points="1500,3446 2012,3430 2094,3473 2657,3408 2961,3451 2963,3326 2541,3321 2180,3380 2021,3321 1502,3340"/>
                <Baseline points="1512,3431 1533,3428 1578,3431 1623,3431 1668,3434 1712,3431 1757,3431 1802,3431 1847,3431 1891,3431 1936,3428 1981,3425 2026,3425 2070,3425 2115,3425 2160,3425 2205,3422 2249,3422 2294,3419 2339,3416 2384,3416 2428,3413 2473,3413 2518,3413 2563,3410 2607,3410 2652,3407 2697,3407 2742,3407 2787,3404 2831,3401 2876,3401 2921,3398 2966,3398"/>
                <TextEquiv>
                    <Unicode>fen, Medardus, der seine Partei</Unicode>
                </TextEquiv>
            </TextLine>
            <TextLine id="tr_2_tl_10" custom="readingOrder {index:9;}">
                <Coords points="1554,3603 1645,3616 1677,3635 1699,3619 1738,3612 1763,3623 1804,3603 1851,3601 1849,3507 1783,3505 1717,3535 1695,3514 1645,3517 1611,3489 1552,3494"/>
                <Baseline points="1566,3586 1611,3586 1656,3586 1700,3586 1745,3586 1790,3589 1835,3589 1856,3589"/>
                <TextEquiv>
                    <Unicode>nimmt:</Unicode>
                </TextEquiv>
            </TextLine>
        </TextRegion>
    </Page>
</PcGts>
