3368 4168
2516 453 2651 595 30
1059 623 2110 822 Agathe: Franz! Franz!
414 770 1029 1019 Et est trillever
1049 790 1779 962 Franz: Agathe!
1056 932 2018 1134 Agathe: Rede, rede!
1064 1056 3034 1236 Franz: Gieb Acht! Zum Fenster vorerst ei-
1198 1213 2900 1447 nen Augenblick! - Da rollt er schon!
1076 1415 2217 1594 Mutter: Winkt er nicht?
1079 1520 2922 1721 Alt.Herr: Da steht das Aennchen an der
1218 1692 2419 1903 Strassenecke. Armes Kind!
1081 1816 3084 2058 Mutter: Fort! - Was es für ein wunderschö-
1231 2025 1968 2212 ner Aebend ist.
1094 2135 2932 2347 Alt.Herr: Ja, der Frühlingin der Luft.
1109 2322 2937 2516 Mutter: Dass mir das Eine doch bleibt.
1109 2434 2962 2656 Alt.Herr: Man riecht schon die Knospen
1248 2618 3004 2798 drüben im Garten, wenngleich sie noch
1251 2758 3087 2962 nicht zu sehen sind. Die Säfte quellen,
1273 2897 3122 3129 es ist eine wundersame Zeit. :Schauen
1271 3114 2200 3321 zum Fenster hinaus:
