3416 4136
263 209 367 326 FJ
2482 316 2604 499 61
776 518 2499 745 Erzählung über den General Lindenau:
752 672 2709 862 Verschiedene: Is ja nicht möglich! - Aber
1144 840 2757 1005 lassen S' sich nix einred'n! - Sie
1156 978 2918 1195 sind Einer, der Einem immer solche G'.
1161 1163 2025 1304 schichten erzählt!
1261 1268 2957 1426 Is achon gut - is schon gut! Wir er¬
737 1343 1178 1528 Der Mann:
1168 1443 2964 1614 leben’s das Jahr noch einmal, dass der
1183 1604 3013 1747 serität bekommen können.
1180 1796 1623 1984 ren geht.
1312 1896 3057 2042 Wer fragt denn jetzt um den Napoleon!
762 1952 1241 2100 Eine Frau;
1207 2052 2930 2200 Ich hab' 'glaubt, Sie wissen Näheres,
2636 2134 2928 2241 Klachte
1197 2222 2886 2361 wie das zugegangen is mit der Berger
1205 2375 2996 2509 Agath' und mit ihrem Grafen. Wie war’ s
1207 2519 2969 2675 denn? warum haben sie sich eigentlich
1222 2716 1760 2843 umgebracht?
569 2736 1047 2942 TJ.J.Fiderl
1132 2840 2884 3006 Warum?... warum?... Allweil die selbe
796 2896 1047 3025 Mann:
1227 2994 2994 3118 G schicht'! - Unglückliche Liebe, Der
1229 3154 2852 3300 alte Graf hat’s halt nicht zugeben
1244 3222 3076 3441 wollen, dass sein Herr Sohn eine solche
1239 3453 3057 3600 Mesalliance macht,- da sind s' ins Was-
1246 3648 1874 3870 ser gegangen.
