3352 4104
2516 384 2637 557 47
798 502 1251 702 Medardus:
1292 466 3013 686 Einen guten Abend, Bernburg! Hast du
1224 658 2129 820 dich dreingefunden?
801 812 1243 966 Bernburg:
1303 776 2993 949 Muss wol! Es geht mit dem Teufel zu!
1226 927 3007 1114 Sonst macht sich doch derlei leicht ge-
1213 1095 2870 1284 nug; es gab immer Leute, die lieber
1221 1243 3037 1421 daheimbleiben als ins Feld ziehen. Aber
1210 1410 2991 1613 meine Hoffnung ist, dass wir doch auch
1199 1561 3021 1748 bald dran müssen. Ich wollte, sie trie-
1213 1720 3040 1907 ben euch zurück bis vor die Mauern, und
1213 1858 3029 2041 wir müssten Euch helfen. Oder Euch Alle
1213 2011 3026 2206 holte der Teufel, und wir müssten nach!
782 2206 2982 2340 Leibold od.ein Anderer: Hm! und das Vaterland?
1226 2346 2253 2508 daran denkst du nicht?
1306 2483 3051 2664 Ich mach' mir verflucht wenig aus dem
793 2519 1224 2650 Bernburg:
1224 2637 2785 2810 Vaterland! Sieh, wenn sie um mich
1210 2749 2925 2950 schickten von den Franzosen und lies-
1213 2944 3037 3131 sen mir sagen: Hie r ist eine Compagnie
1210 3084 2856 3282 du sollst drauf und dran - hei! sie
1202 3238 2941 3432 hätten mich gleich mit Haut und Haar!
1207 3391 2966 3559 Vaterland!... Dort, wo man mich am be
1210 3539 2922 3737 sten brauchen kann, ist mein Vater-
1218 3748 1386 3893 1 a—
