3336 4104
1129 654 2977 859 spielt wol so. Es ist wol auch die Früh-
1111 837 2860 1011 lingsluft, die solche Gedanken weckt.
1114 982 1643 1169 Wahrhaftig!
962 1139 2957 1321 Anna: Das glaub' ich nun ganz sicher: der
1106 1276 2955 1481 Frühling ist’s - gewiss! Sieh, wie mir
1136 1451 2960 1628 s vor zwei Jahren war, da war ich eben
1114 1588 2880 1706 sechzehn geworden— ich denk's noch so
1101 1728 2910 1863 gut, hab' ich Blumen gepflückt auf der
1106 1906 2985 2063 Wiese im meinen Garten von meinem Onkel,
1121 2060 2882 2183 in Heiligenstadt, und es hat mir doch
1116 2188 3014 2330 wahrlich nichts gefehlt. War damals noch
1114 2355 3004 2517 kaum in einen jungen Herrn verliebt, der
1114 2502 2880 2677 jetzt gegen die Franzosen marschieren
1116 2640 3012 2792 will. Und mit ein Mal war mir so weh ums
1069 2755 2980 2985 Herz, dass ich die Blumen abfallen lassen
1109 2967 2887 3117 mich auf die Wiese hingelegt hab' und
1114 3119 2038 3289 bitterlich geweint.
977 3247 2832 3444 Agathe: Und hast nicht gewusst, warum?
977 3442 2980 3586 Anna: Nicht gewusst, warum. Ich hab' mich
1121 3576 2850 3756 nur gesehnt, sie möchten mich in den
1121 3709 3037 3884 Sarg legen mit dem schönen weissen Kleid,
