3368 4152
2470 413 2617 552 18
1784 471 2032 661 grad
1008 562 2891 785 Auch glaub' ich, dass für Einen, wie der
1014 775 2752 945 Medardus ist, trifft sich's gut, dass
1016 915 2896 1102 Eine lebt, die nur immer da ist, sich ge-
1019 1069 2840 1247 duldet und bereit ist, ihn aufzunehmen,
1031 1224 2772 1361 wie immer er zurückkommt und wo immer
986 1424 1196 1563 her.
899 1530 2843 1685 Mutter: Sie reden, wie man in Büchern re-
1044 1660 2873 1865 det, Anna. Man wird endlich des Wartens
1041 1834 2871 1997 müd. Und es ist gut so. — Lass' sehen,
1049 1986 2861 2184 Agathe, hast du auch wirklich ein M ge-
1054 2192 1358 2321 merkt?
917 2303 2939 2475 Agathe: Ich weiss doch wol, wie m###Bruder
1064 2506 1419 2650 heisst.
927 2574 2964 2780 Mutter: Nun, ich erinnere mich, dass dir's
1079 2787 2024 2934 neulich widerfahren
940 2881 2883 3079 Alt.Herr: :am Spinett:  Nun, wie klingt
1072 3086 1771 3248 diese Melodei?
958 3205 2420 3377 Anna: Was hat sie zu bedeuten?
963 3388 2932 3550 Alt.Herr: Muss sie durchaus was bedeuten?
970 3532 2997 3674 Anna: Nun, es ist Ihnen doch gewiss irgend-
1117 3661 2992 3864 was durch den Kopf gegangen, während sie
