3432 4216
2586 488 2731 618 36
1083 621 2810 843 sie für dich. Und meine Schwester -!
506 636 876 874 m ihr
1076 769 2954 996 Nein, ich bin Keiner von Jenen, die dar-
327 823 968 1058 schon früher.
1086 940 2892 1132 ben können. Auch ist alles wohlbedacht
1091 1094 2504 1283 und aufs Schönste vorbereitet.
963 1260 2374 1467 Agathe: Wie sollen wir's tun?
968 1392 2856 1615 Franz: Weisst du noch die Stelle, weit
1114 1510 2931 1748 unten an der Donau, wo wir im Kä letz-
1134 1686 3023 1901 ten Herbst immer spazieren gewandelt sind
1122 1863 2231 2072 Dort sollt’s geschehen.
994 2041 1674 2238 Agathe: Weit!
999 2144 2908 2399 Franz: Es wird ein wunderschönes A/bend-
1155 2340 2936 2537 spaziergang sein, bis dahin. Denke die
1150 2463 2948 2673 langen stillen weissen Alleen, wo wir
1160 2619 2680 2851 keinem Menschen begegnen werden.
1221 2793 2315 3002 :Drommeten und Pfeifen:
1042 2938 2047 3138 Agathe: Was ist das?
1042 3099 3097 3301 Alt.Herr: Kommen Sie! ein Regiment Husaren!
1048 3237 3099 3449 Mutter: Trügt mich nicht alles, so ist es
1201 3401 2987 3628 das, bei dem Medardus Offizier worden.
1109 3536 3135 3792 Alt.H: Tüchtig schreiten sie aus! Der Drom
1216 3669 3122 3940 metenton lügt Manchem Mut in die Knochen
