3384 4136
2505 310 2608 518 46.
671 484 2279 676 Zwei te: Wo hast du deine Liebste?
684 660 1918 810 Erste: Schläft wol schon?
684 816 2797 995 Dritte: Warum hast du sie nicht mitgebracht?
689 955 2805 1147 Medardus: Muss es eben die Liebste sein? Ihr
1113 1158 1876 1324 seid gut genug.
1152 1255 2971 1463 Hm, du kommst zu spät, Medardus! Alles
697 1297 1100 1476 Rabenau:
1131 1442 1934 1584 in festen Händen.
1350 1571 2226 1766 :Umarmungen, Lärm:
1087 1737 2747 1892 Denken Sie sich - Sie Neuer: dieser
724 1758 1013 1929 Erste:
1129 1892 2976 2102 Mensch, der mein Liebster war zehn Tage
1142 2039 2910 2205 lang - wissen Sie, was er mir aus dem
1145 2210 2936 2355 Kriege mitbringen wollte? Einen Toten-
1155 2347 3008 2513 schädel:- wie? das wäre Einer, der lies-
1158 2487 2863 2671 se sich die Sache nicht viel kosten!
1160 2794 2252 2989 Nachricht. Zeiten.
1392 2813 2868 3158 volk ent den Glais. -
