3448 4184
2531 364 2669 508 54
1196 528 3010 756 Es hat geregnet - wir können sie nicht
1205 694 2443 934 hier im Kot liegen lassen.
1222 793 2824 1058 Grässlich! wie ihre Haare triefen!
796 894 1112 1061 Erste:
1244 979 2926 1230 Ich lauf' davon! was geht’s mich an?
818 1010 1165 1216 Dritte:
1289 1137 2968 1397 Was giebt’s denn? was für Umstände?
821 1233 1250 1391 Medardus:
1255 1334 1828 1543 Lasst sehen!
877 1439 2550 1704 :Die Leichen werden hereingebracht:
1346 1586 3061 1839 Um Gotteswillen!.:Reisst Einem die
846 1687 1281 1854 Medardus:
1264 1752 2875 2000 Fackel aus der Hand: | Nein! nein!
1270 1899 3140 2155 sagt, es sieht Einer wie der Andere aus,
1289 2034 3041 2296 wenn er im Wasser gelegen! Es kann ja
1286 2254 2299 2471 nicht sein! - Agathe!
1337 2392 2435 2618 Es ist seine Schwester.
889 2454 1295 2604 Leibold:
897 2502 3168 2790 Medardus: Hier im Kot -? Herein! herein! helft
1318 2646 2878 2897 mir Alle! Es ist meine Schwester!
965 2827 3120 3075 :Die Wirtin und ein Frauenzimmer sind behilf-
925 2996 2818 3211 lich. Die Leichen werden hereingebracht:
937 3149 2102 3428 Rabenau: Der junge Graf
993 3292 3019 3560 :Bewegung, Aeusserungen, Verwirrung, Trost:
1007 3428 3171 3730 Medardus: Agathe! Agathe! Agathe: - Franz! So
1382 3611 3098 3865 haben sie gelogen! Ihr seht mich an
