3448 4184
2549 427 2687 580 39
1022 623 2948 748 Alt.H: Wir Alten wollen am Fenster blei-
1165 753 3059 947 ben.- Alt... Von denen, die da trompeten
1175 884 2629 1042 ist wol Mancher so alt wie wir.
1025 1035 2541 1253 Mutter: Wie mögt Ihr das sagen.
1032 1225 2913 1406 Alt.H: Nun, mancher von ihnen ist heute
1175 1351 2921 1549 über acht Tage tot. Nah dem Grab, das
1170 1499 2589 1660 heisst alt sein. - Die Kinder!
1037 1667 2958 1828 Mutter: Sie passen schön zusammen - was?
1032 1823 2087 2004 Alt.H: Will's meinen!
1037 1981 3029 2147 Mutter: Nun muss ich aber auch sagen: ich
1183 2125 3016 2318 bin sehr froh, dass es so gekommen ist.
1180 2290 2883 2469 Denn wäre heute Franz mit anderm Be-
1198 2469 3031 2622 scheid gekommen, morgen wär' ich selbst
1667 2559 1899 2667 Herrn
1190 2592 2900 2805 zum alten Grafen gegangen, hätt' ihm
1183 2742 2413 2953 meine Meinung wohl gesagt.
1055 2888 3076 3096 Alt.H: Wie Kinder, wahrlich, schreiten sie
1195 3059 3019 3240 dort über die Stufen hinauf zur Bastei.
1145 3227 2677 3455 Man meinte, sie gingen zum Balle
