3416 4184
2266 383 2388 538 55
1071 528 2744 764 ja, seht mich an! Eben erzählt' ich
1121 718 2753 911 euch: sie waren verlobt. Hatt' ich
1080 840 2841 1064 nicht Recht? Rasch haben sie Hochzeit
1098 983 2817 1239 gemacht! - O, ich versteh' Euch, ick
1112 1168 2857 1398 versteh' Euch! Er wollte, dass ich in
1112 1361 2873 1528 Ruhe ziehen sollte - mich dachten sie
1126 1486 2792 1691 schon draussen. Im Feld erst sollte
1135 1622 2910 1821 ich's erfahren - oder nie! - Mutter!
1133 1781 2841 1989 Mutter! unglückliche Frau! - Agathe!
1151 1945 2776 2155 Und ich schrei’ dich an, als wollt
1168 2063 3016 2275 ich dich zum Reden bringen! Nein, nicht
1165 2254 2841 2430 nötig! Was will ich noch wissen? Es
1172 2416 2898 2580 liegt klar zutage: du warst ihnen zu
1181 2534 3041 2764 gering! Hört Ihr? Dieses Mädchen da war
1214 2718 2813 2905 ihnen zu gering! Seht sie an! Eine
1209 2866 2880 3094 Fürstin, eine Königin - und sie war
1230 3083 1971 3230 ihnen zu gering!
1228 3120 2986 3362 Und dieser junge Bursch ist der Graf?
803 3233 1151 3427 Zweite:
1232 3323 2284 3540 Ein Kind - wahrhaftig!
817 3457 1131 3607 Erste:
1258 3473 3090 3710 Warum seid Ihr denn nicht lieber davon?
826 3623 1038 3775 Med:
1255 3632 3027 3870 musstet Ihr Euch drein ergeben? - Aga¬
1285 3914 1472 4017 that
