3432 4216
2425 470 2558 615 33
1201 607 2891 820 liche, Fernen tun sich auf; denn das
1194 789 3082 976 Leben ist mit uns. Was  Welche Fülle in
1203 960 3004 1158 uns! Denn das Leben ist nicht nur, was
1210 1104 3023 1314 wirklich geschah - dann wäre es ja arm
1220 1224 3092 1456 und nichtig -, was wir als Leben fühlen,
1239 1376 3101 1586 ist auch alles, was hätte geschehen kön-
1232 1525 3026 1740 nen, was in unserer Macht lag, was wir
1234 1716 3045 1889 mit Absicht, was wir zufällig versäumt
1248 1858 3080 2085 haben. Alle Wüns ehe, alle Sorgen, alle
1248 2009 3021 2224 Hoffnungen, alle Möglichkeiten! Darum
1276 2184 3014 2376 ist das Leben so reich in Stunden, wo
1279 2326 3066 2508 wir es wissen, an Frühlingsabenden wie
1276 2475 3132 2678 heut, wo alle Jugenderinnerungen in uns
1286 2591 3167 2822 auftauchen. Medardus! Vielleicht wird er
1307 2780 3210 2981 ein Oberst, nicht wahr? von dem Hundert-
1314 2950 3146 3130 tausende reden werden, auch nach seinem
1319 3115 3066 3305 Tod,- vielleicht wird er nichts; aber
1333 3255 3059 3435 ein Schicksal hält er in seiner Hand.
1319 3390 3210 3617 Da tritt ihm Einer entgegen im Feld, der
1333 3520 3123 3761 hat eine Mutter zuhaus, eine Geliebte,
1354 3718 3231 3929 ein Anderer wirbt um sie,- und sehen Sie
