3432 4216
2458 564 2600 715 32
580 622 2828 1005 ###! Alt.Herr: Die Hügel dort, wenn man die
383 870 2973 1224 all darander, überschritten, geht es weiter den Fluss
1147 1018 2906 1192 entlang dann grüne Auen, dann wieder
209 1073 1011 1379 jelst uté diète,
783 1166 1024 1311 uber
1163 1131 2967 1382 eine Stadt, klein, in sich geschlossen.
267 1247 786 1508 ganzenleit
219 1321 989 1630 dée si étude et
1160 1356 2999 1514 Und ich sass in einem Garten, hoch, die
615 1404 979 1604 -eiter
1160 1491 3034 1694 Stiftsmauern hinter mir und die Welt vor
283 1578 641 1720 trier.
361 1566 921 1833 205, über
1163 1646 2970 1823 mir. Wer hätte es vermocht, meinen Wan-
416 1649 1040 1923 Fahrenweile
1166 1794 2931 1959 dertrieb zu bändigen? Und am gleichen
277 1820 1005 2113 Liebe zum Kaiser,
1176 1981 2951 2116 Tag, zwei Stunden etwa vor der Vesper,
312 2039 770 2239 J. de mr
1182 2091 3025 2274 war ich wohlbestallter Organist, in dem
309 2155 792 2358 rare wis
499 2216 841 2416 Sibnest
1185 2248 3057 2448 selben Stift, dessen Wein ich getrunken.
345 2332 535 2500 uf
1195 2429 3015 2590 Und wieso? Zwei Mönche, die sich zu mir
1198 2571 2986 2770 gesellten... Ja, Frau Berger, ich will
1208 2728 3015 2886 nur sagen: es ist ein sonderbares Ding,
1218 2848 2993 3028 das Leben. Am Morgen weiss Keiner, was
1221 2999 3028 3208 der Abend bringt. Aber man lebt so hin,
1227 3166 2922 3373 nimmt es mit. Man wundert sich nicht
1234 3334 3115 3521 genug,- das ist es. Dahingegen ein Abend
1247 3482 3128 3659 wie heut, da liegt die Welt wie in lauter
1253 3621 3057 3824 Wunder. Alles dehnt sich ins Unbegreif-
