3352 4168
2716 436 2856 604 22
1061 589 3019 819 Med: Ich schwör's: wenn ich mein fünfund-
1204 798 3004 926 zwanzigstes Jahr erlebe, so werden die
1196 915 2958 1112 Menschen von mir reden. Ich schwör's:
1219 1061 3060 1265 wenn es eine Schlacht giebt, in der die
1178 1216 2882 1415 Unsern weichen müssen, werd' ich der
1229 1387 2593 1573 Einzige auf dem Felde stehen!
1084 1533 3096 1714 Mutter: Deine Mutter darf’s dir wol sagen:
1239 1693 2609 1874 du bist töricht wie ein Kind.
1102 1854 3152 2004 Med: Nenn’s immer töricht,- wer weiss denn,
1260 2012 3050 2157 wie es in meiner Seele aussieht? Meine
1267 2145 3017 2323 einzige Sehnsucht heisst Gefahr. Wenn
711 2211 1102 2387 Uur Rach
1275 2313 3017 2474 ich in diesem Augenblick wüsste, dass
541 2333 1084 2558 sûr de vâter.
1272 2474 3101 2624 ich mir das Leben nicht ein Dutzend Mal
316 2479 892 2749 Eine Curiner
1288 2596 2991 2787 von neuem erkämpfen sollte, so möcht
686 2606 839 2764 30
541 2662 678 2823 21
497 2718 931 2927 Welck
1295 2767 3027 2950 ich nicht lieber leben als Einer, der
2685 2846 3182 2958 in eine kauslei,
1043 2853 1191 2989 Uen
482 2894 798 3078 necht
1293 2935 3108 3083 verurteilt ist, Tag und Nacht zu schla-
416 2976 954 3249 Vorbückerleit
1028 2994 1145 3124 wch
872 3080 974 3203 be
1288 3057 3188 3246 fen. Wär' mir etwa schon heute dort oben
844 3162 1137 3325 Reite
421 3136 834 3381 Re der p
1295 3203 3144 3386 bestimmt, dass ich ruhmlos in die Grube
1306 3371 3014 3562 sinken soll, so hätt' ich nicht mehr
1295 3537 3136 3766 Freude von den Tagen, die mir bevorste-
1308 3705 3188 3932 hen, als wenn ich ein Krämer werden soll
