3368 4152
474 396 1642 647 Beril.. H.d.L.ick!- Hier!
2623 452 2765 580 45
736 597 2980 831 Kribbling: Was wollt ihr denn? O Ihr Dummköpfe!
1165 747 2991 990 Alles dies war doch nur, um Euch zu be-
1165 917 2838 1165 lustigen! Giebt es am Ende wirklich
1168 1059 3005 1299 Einen unter Euch, der glaubt, ich hätte
1174 1207 2888 1450 Angst? Ihr Hunde! wer wagt es?  Er
1179 1388 2860 1578 zieht den Degen:  Hunde! Ihr! Zehn
1193 1528 2946 1734 Jahre bin ich älter als Ihr! Bin drei
1193 1686 2958 1879 Mal vor dem Feind gestanden - um mich
1201 1854 2891 2063 herum sind die Kugeln geflogen - ge-
1218 1971 3005 2202 saust! Einen Oberst hab' ich vom Pferd
1210 2146 3002 2355 herunter gehauen! Und hier, Ihr Kerle,
2445 2227 2581 2339 arbe
1232 2291 2985 2500 seht doch! hab' ich eine Wunde - hier
1235 2431 3072 2676 an der Brust! - Und Ihr meint, ich habe
1243 2651 1555 2799 Angst?
1338 2726 2958 2941 Kribbling, lass mich neben dich se-
822 2827 1266 2983 Medardus:
1266 2949 1528 3119 tzen.
842 3091 2308 3281 Leibold: Griiss Gott, Medardus!
853 3245 2079 3437 Rabenau: :trinkt ihm zu:
856 3406 1815 3607 Erste: Wer ist das?
870 3504 3061 3732 Leibold: Ein ganz junger Herr, wie du siehst.
