3384 4168
2674 445 2826 570 28
1116 568 1919 791 die Mittagszeit.
983 698 2870 944 Agathe: :heftet einen zweifelnden Blick
1128 939 1634 1108 auf Franz:
998 1008 2878 1243 Franz: :gewahrt ihn. Mit gut gespielter
1153 1189 2966 1386 Glückseligkeit: Liebste! wie ganz an¬
1140 1384 3010 1529 ders fühl' ich mich heut in diesem Haus!
1148 1487 3025 1723 Mein werter Herr Thomann, werden Sie mir
1157 1654 2939 1865 wol einen Hochzeitsmarsch komponieren?
1165 1833 2883 2042 Mein gutes Fräulein Anna, werden Sie
1177 1941 3028 2155 Gast bei unserer Hochzeit sein? Sie tan¬
1180 2140 3006 2315 zen ja so herrlich! Ein Walzer muss mir
1185 2327 1583 2477 gehören.
1037 2426 2966 2615 Mutter: Sprechen Sie schon von dem Hoch-
1194 2617 3087 2772 zeitstanz? Wird damit wol nicht so eilig
1214 2782 1462 2969 se in.
1059 2858 3040 3087 Franz: Eiliger, als Sie vermeinen. Am er-
1209 3020 3010 3237 sten Donnerstag des Monats Mai. In der
1224 3190 3099 3418 Kirche bei den Minoriten. (Und wohnen wer
666 3259 1044 3438 weilen
750 3389 1138 3610 Franheer
1236 3379 3072 3551 den wir auf dem kleinen Schlösschen bei
550 3453 671 3573 by
1231 3512 3099 3753 Krems. Ja, so völlig ist alles geordnet!
474 3534 727 3730 nord
1091 3657 2974 3903 Med: Die Kutsche ist da, ich muss fort!
