3352 4152
2553 397 2682 564 31
986 624 2095 859 Franz: Bist du bereit?
993 687 2803 1021 Agathe: Ja, ja, alles, was du willst.
1142 963 2022 1165 Es ist nicht wahr?
1003 1016 2924 1314 Franz: Nicht wahr! Ferner als je, unmög-
1147 1175 2988 1443 licher als je! Welch ein Auftritt! Aber
1163 1329 2998 1597 ich will jetzt nicht mehr daran denken,
1130 1489 2939 1789 will auch nicht mehr davon reden. Wozu
1190 1661 2467 1848 auch? es bleibt doch dabei.
1049 1893 1789 2085 Agathe: Franz!
1054 1946 2962 2224 Franz: Wohl überlegt, Agathe: Du kannst
1213 2186 2212 2378 ohne mich nicht sein?
1069 2328 2141 2520 Agathe: Du ohne mich?
1082 2404 3025 2707 Franz: Agathe! Geliebtes! Hab' ich nicht
1130 2545 3129 2864 gut daran getan, die schöne Nachricht zu
1254 2712 3073 2988 bringen? Sieh, wie frischen Muts Medar-
1249 2904 3159 3142 dus wegreist, und die Mutter wie beruhigt
1115 3111 2401 3271 Agathe: Aber auf wie lang?
1122 3172 3157 3430 Franz: Doch wenigstens, bis man uns findet
1135 3435 1870 3629 Agathe: Franz!
1145 3581 2204 3849 Franz: Schauert dich!
