3320 4104
945 689 1917 883 Anna: So red' doch!
947 850 2650 998 Agathe: Hast noch nicht geschworen.
947 973 2744 1203 Anna: Ich schwör' dir, was du willst.
950 1175 2944 1341 Agahbe: Auch, dass du nicht weiter fragen
415 1152 755 1352 Sollne
287 1277 783 1464 es sage :
1091 1321 2862 1436 wirst und Keinem was sagen -? Es sei
243 1390 812 1572 des Cune?
1088 1441 2580 1638 denn, dass die Zeit gekommen.
945 1631 2327 1769 Anna: Will Keinem was sagen.
947 1751 2803 1928 Agathe: Siehst du, wie die Sterne dort
1088 1902 2898 2104 über die Mauer langsam aufziehen, dort
1085 2081 2903 2286 längs den grausilbernen Wolken? Siehst
1088 2258 1254 2365 du?
952 2394 1910 2511 Anna: So sag' doch!
955 2504 3016 2729 Agathe: Es ist wol möglich, dass die Sterne
1101 2714 2941 2831 dort die letzten sind, die deine Agathe
1088 2836 1907 2993 zu sehen krieg.
955 3008 2849 3197 Anna: Um Gotteswillen! was hast du vor?
955 3128 2834 3331 Agathe: Meine Schuld wird’s nicht sein,
1091 3348 2204 3489 wenn’s geschehen muss.
963 3476 3005 3679 Anna: Agathe, du machst mir Angst! Was ist
1057 3658 2342 3768 das für ein närrisch Reden?
