3448 4184
2281 391 2431 563 53
722 475 2906 824 Wirt: Nichts, nichts! :Er steht draussen am
1155 705 2921 920 Fenster: Auch im vorigen Herbst kam
1160 889 2057 1073 es einige Male vor.
1163 988 3017 1251 Was dann? was denn? :Auch die Uebrigen
736 1081 1092 1262 Einige:
1163 1191 2035 1387 werden aufmerksam:
758 1353 3037 1540 Wirt: Es ist nämlich, dass hier eine Stelle ist,
1223 1514 3003 1684 ... wie soll man nur sagen?... es muss
1194 1664 2938 1845 wol am Strudel liegen - oder an einer
1203 1800 3051 2012 unterirdischen Strömung - - und so macht
1211 1975 2861 2179 es sich, dass sie hier ans Land ge-
1223 2188 1984 2335 schwemmt kommen.
804 2275 2988 2490 Eines von den Frauenzimmern im Hof: Totl Tote
1276 2502 1684 2643 sind es!
1616 2570 2052 2765 :Fackeln:
824 2677 3099 2926 Wirt: Nun ja, es ist keine Aufregung nötig. Sie
1271 2867 2940 3073 werden ganz geduldig im Hofe liegen,
1262 3042 3045 3218 bis man sie abholt, wenn sie tot sind.
1279 3204 2816 3416 Verzeihen die Herren die Störung.
1327 3337 3048 3571 :Will das Fenster von aussen schlies-
1290 3549 1503 3736 sen:
1316 3611 2952 3908 Wir müssen sie irgendwohin betten.
874 3716 1279 3922 Fischer;
