3320 4168
2772 490 2900 639 26
902 559 2820 837 Alt.H: An des jungen Grafen Vater. Er war
1044 749 2820 977 ein junger schöner Kavalier, glich vor
1049 967 2915 1114 dreissig Jahren auf ein Haar Ihrem - wie
1049 1089 2093 1254 soll ich's denn sagen?
914 1201 2925 1409 Agathe: Sagen Sie "Ihrem Franz" - ich will
1064 1381 2328 1591 es als Vorbedeutung nehmen.
919 1531 2835 1693 Alt.H: Nun, dass sich einiger Widerstand
1064 1683 2890 1863 zeigt im Hause Bärenburg, daran ist der
1066 1863 2155 2028 alte Graf nicht schuld.
932 1973 2897 2180 Mutter: Nun, was ist's, das die Gräfin so
1079 2185 1656 2343 stolz macht?
934 2285 2865 2490 Alt.H: Ja, ob es nun wahr ist oder nicht
1079 2445 2852 2645 sie leitet ihren Stammbaum auf die Ho-
1086 2610 2890 2797 henstaufen zurück, fühlt sich ganz kai-
1086 2752 2875 2925 serlichen Geschlechts, und sie und das
1079 2917 2632 3089 Fräulein schauen gar hoch hinauf.
954 3094 2947 3284 Med: Ich sag’s noch einmal: Wenn das Fräu-
1099 3197 2715 3402 lein des Kaisers Bruder zum Gatten
2800 3324 2942 3516 80
1106 3362 2772 3581 kriegt und der Graf meine Schwester,
1064 3514 2960 3701 wird das gräfliche Paar einmal sagen kön-
1069 3689 2835 3899 nen, sie haben’s gleich gut getroffen.
