3432 4216
2714 460 2857 612 34
1191 593 3021 831 nun fährt eben der in der Kutsche fort,
1210 770 3050 967 in dessen Hand das Schicksal dieses uns
1220 893 3071 1177 gänzlich Unbekannten und Gleichgiltigen
1213 1070 3131 1327 liegt.- Und hier diese Beiden. Nun schau¬
1232 1227 3083 1472 en sieso ernst für sich hin. Was das al-
1229 1468 1968 1661 les werden mag?
1103 1544 2990 1792 Mutter: Nun sind wir, wo ich Ihnen eher
1241 1680 3054 1968 folgen kann. Ich bin einigermaassen be-
1267 1839 3035 2113 gierig auf die Gräfin, muss ich Ihnen
1267 2099 1730 2280 gestehen.
