3320 4120
2491 470 2629 600 43
1189 522 2106 757 fortgeworfen hatte!
1049 745 2571 952 Zweite: So ein Geizhals - pfui!
1042 882 3051 1052 Erste: Ein Totenschädel - haha! Kommt her,
1192 1029 2891 1227 Ihr Andern! Da - das hast du für die
400 1137 662 1364 over &
1194 1184 2806 1407 schönen Kleider! :Küsst Leibold:
1187 1349 3021 1559 Da - hier für den Schmuck! :Küsst Ra¬
1194 1504 2954 1719 benau:  Und hier - ja, was war’s nur,
347 1487 1037 1759 Ha, ain Paris
1192 1652 2691 1869 das du mir schenken wolltest?...
362 1709 862 1854 Soll. ds Cent
480 1829 787 1969 de rien
1052 1819 2519 2001 Wank: Ich nehme dich zum Weib.
1419 1959 2781 2186 :Nun Einiges über den bevor¬
1057 2111 2979 2324 stehenden Krieg, über Frauen, die als Ge-
1572 2324 2511 2454 spenster erscheinen:
1052 2416 2914 2586 Kribbling: :steht plötzlich auf: Ich
1189 2581 2991 2751 will euch die Wahrheit sagen - ja, das
2856 2684 3051 2804 will
1194 2716 3068 2919 will ich tun! Hört nur gut zu, ich werde
2861 2856 3021 2964 nur
1199 2889 2989 3098 ja nachher doch behaupten, dass ich es
1194 3078 2956 3203 sagte, weil ich besoffen war! Aber nun
1192 3201 3088 3378 will ich reden! - Die Wahrheit ist, dass
1192 3343 2906 3528 ich Angst hab'... ja, ja, Kamerdah¬
1184 3526 1484 3698 Angst!
1049 3641 2656 3913 Dritte: Wovor hast du denn Angst?
