3416 4216
2788 448 2928 605 35
1043 580 3086 755 Agathe: Bedenke doch, Franz: wir sind jung.
1185 720 3068 928 Sieh, ich denke ja nicht ernstlich daran
1185 906 2969 1079 es ist nur, um von allem gesprochen zu
1193 1025 2984 1254 haben. Ich bin nicht träge, hab' aller-
1196 1188 3055 1348 lei gelernt. Mir läge nichts daran, jede
1183 1351 2981 1557 Arbeit aufzu nehmen - in einer fremden
1196 1542 2829 1720 Stadt natürlich -, die sich bietet.
1051 1641 3080 1867 Franz: Agathe, wenn du Angst hast, wozu die
1198 1826 3065 1969 vielen Worte? Arbeit, Armut, Sorgen? War
1206 1976 3075 2129 es so gemeint? Nachdenken, wo wir morgen
1201 2155 3019 2333 das Brot hernehmen. Denn das glaube nur
1193 2264 2989 2485 nicht, Agathe, dass meine Eltern weich
1211 2424 3055 2625 werden, wenn sie sich vor einer Tatsache
1198 2577 2991 2775 finden. Nein, es ist nicht schön, dass
1208 2750 2902 2887 du von den Dingen sprichst. Aber ich
1206 2887 2913 3042 zwinge dich ja nicht. Bleibe du, ich
1203 3032 2475 3213 weiss, was ich zu tun habe.
1063 3187 2717 3393 Agathe: Franz! kannst du so reden?
1076 3337 2910 3554 Franz: Und gar, dass du das Kind haben
1221 3505 2969 3722 sollst,- meinst du, das würde sie mil-
1216 3663 2966 3902 der stimmen? Noch bösere Worte fänden
