3352 4168
2541 337 2683 486 27
1025 582 2767 800 :Der junge Graf Franz eilends herein:
992 742 2225 934 Agathe: Endlich! endlich!
990 894 1949 1091 Franz: Guten Abend!
997 1061 1853 1245 Med: Guten Abend!
995 1195 2924 1428 Mutter: Sie scheinen erhitzt, Herr Graf,
1676 1354 1790 1430 me
1000 1339 2959 1557 Franz: Ich habe geeilt, um Sie noch anzu-
1169 1531 2012 1688 treffen, Medardus.
1012 1671 2992 1843 Med: Ich hätte kaum länger warten können.
1030 1822 2632 2015 Franz: Ich bringe gute Nachricht.
1028 1962 3063 2141 Medyl Gute? Ich fürchte, sie ist nicht gut
1023 2177 2607 2324 genug, wenn sie nur gut ist.
1040 2276 2919 2465 Franz: Die beste ist's, die allerbeste!
1187 2443 2870 2655 Agathe, meine Braut! - meine Mutter!
1192 2607 1772 2797 me in Bruder!
1058 2716 3000 2931 Med: Bruder, hier meine Hand! Wir wollen
1205 2883 3065 3078 gute Freunde werden, wenn ich wiederkeh-
1215 3124 1380 3245 re.
1081 3184 2974 3384 Mutter: Ist mir die Frage erlaubt, wann
1233 3341 3116 3556 Ihr Vater und Ihre Mutter kommen, wie es
1233 3501 2817 3711 doch bestimmt war für diesen Fall.
1104 3622 3060 3913 Franz: Meine Eltern erscheinen morgen um
