3416 4184
2289 442 2422 628 57
1084 617 2923 838 Herr Wirt, Sie haben doch wol schon die
1089 810 2942 993 Meldung erstattet? Es wird sich nämlich
1106 896 2909 1123 darum handeln, dass diese Leichen Nach
1106 1120 2212 1297 Hause geschafft werden.
1211 1206 2831 1449 Leb' wohl, leb' wohl, ich muss nun
708 1324 1128 1490 Bernburg:
1131 1418 2483 1606 fort!:Umarmt ihn und geht:
1131 1543 2829 1747 Fort alle meine Sehnsucht nach Ruhm,
713 1637 932 1786 Med:
1142 1703 2947 1905 nach Grösse! Nur Eins noch hab' ich zu
1167 1897 2878 2041 tun... Was wollen Sie? :Ein Frauen¬
1150 2018 2253 2220 zimmer ist dageblieben:
741 2124 2964 2375 Ein Frauenzimmer: : ist dageblieben:
1178 2314 2881 2513 digen Sie, vielleicht kann ich Ihnen
542 2372 796 2591 trelt.
1189 2500 2419 2696 irgendwie behilflich sein.
1192 2594 2862 2815 Ich danke Ihnen. Lassen Sie mich al-
763 2729 976 2851 Med:
1192 2754 2997 3006 lein. Man lasse mich in Ruhe hier, bis
1203 2939 3050 3133 die Leute kommen. Fort mit den Lichtern
1206 3119 2773 3282 Der Morgen graut, ich sehe genug,
1236 3216 2444 3470 sapt wird allein hier weder! -
