3195 4104
552 637 2840 745 II.Szene. Spielt in einer Kirche. Die Fahnen wer-
552 786 1461 898 den eben geweiht. Ø
540 965 2819 1041 Oben auf der Orgelgallerie singt Agathe, von dem
552 1100 2186 1197 jungen Marquis zur Orgel begleitet.
540 1247 2274 1350 Thomas ist Organist in dieser Kirche.
540 1417 2092 1496 III. Szene. Im Palais des Marquis.
525 1558 2174 1655 Der Marquis sammelt seine Getreuen.
537 1710 2224 1801 Julia und Franz. Julie verhöhnt ihn.
531 1813 2802 1974 Das Kammerfräulein liest ihr vor, von Königamord
566 2021 874 2103 U.S.W.
522 2165 1335 2259 Brief von Agathe.
516 2464 2849 2570 Eventuell die II.u.III.Szene umzustellen. Der Akt
505 2643 2863 2728 muss jedenfalls damit enden, dass Franz entschlos-
519 2802 2306 2884 sen ist, mit seinem Vater zu sprechen.
