4120 5320
2030 225 2306 380 — 69 -
887 283 2759 539 Je ne peux pourtant pas tuer les gens.
903 527 3728 752 Comme vous voudrez mon bon Rosenstock, mais que ce soit sans
504 492 713 705 GNER
899 666 1201 825 tapage
1252 701 2503 895 a Serknitz, il se présente)
2499 806 3937 1058 Dr. von Aigner.... Qu’y a-t-il
887 949 1895 1159 pour votre service?
833 1124 3681 1283 (non sans timidité qu'il cherche à dissimuler sous une feinte
480 1143 787 1325 ERKENITZ
849 1252 1333 1364 assurance.)
1442 1298 3825 1476 Serknitz.... j'ai...... il faut que je vous dise ma
887 1445 2596 1666 fureur, au moins mon mécontentement,
2712 1472 3270 1736 (brievement)
3255 1596 3852 1829 En deux mots
891 1771 3255 1953 voilà, le service est déplorable dans votre hôtel.
891 1922 3530 2089 J'en suis très fâché. De quoi aves-vous à vous plaindre
496 1910 705 2092 GENER
887 2038 1527 2240 M. Serknitz?
891 2162 3565 2387 Je ne peux pas avoir mon linge. Depuis trois jours je le
488 2236 771 2422 ERNNITZ
891 2356 3302 2519 réclame. Je me trouve dans le plus grand embarras.
480 2476 756 2724 AIGNER
860 2492 3697 2693 Je le vois. Mais si vous voulez voua adresser à la femme de
891 2732 1442 2844 chambre...
480 2821 771 3065 J R. E. R. K. NITZ
903 2817 3716 3011 Vous êtes le Directeur 1 C'est à vous que je m'adresse. Mon
887 2980 3693 3185 principe a toujours été d'en appeler plutôt à Dieu qu'à ses
887 3158 3898 3321 sainte. Celane m'amuse pas de paraitre dans cette tenue devant
887 3298 2453 3484 vos comtesses et vos américaines.
887 3422 3887 3635 Excusez-moi M. Serknitz, ici on n'est pas obligé de se conformer
492 3406 690 3646 GENER
880 3666 3146 3782 à un règlement pour ce qui concerne laestoilette.
891 3798 3906 3972 Pas de règlement!... Crojez-vous qu'on ne s'aperçoive pas qu’on
473 3798 783 4034 ERKENITZ
891 3918 3763 4123 a ici plus de considération pour les uns que pour les autres.
457 4111 694 4297 GENER
887 4150 1290 4286 Oh.......
872 4270 3852 4437 Je vous le dis en face Monsieur le Directeur, s'il y avait ici,
450 4251 787 4476 ... EERKNITZ
849 4406 3968 4623 au lieu d'un simple Monsieur Serknitz de Breslau, un lord Chamber-
868 4572 3883 4755 lain ou une Excellence Bülon, vous prendriez un autre ton. Par-
872 4728 3856 4937 faitement, Monsieur le Directeur, Et il serait tout indiqué que
