3992 5272
1899 290 2128 531 -15-
694 486 3467 751 Dans ces derniers huité jours j'ai eu ansoigner de nouveau
719 715 2107 923 trois accidents d'automobile.
429 804 2475 1078 FREDERIC. - Vraiment, comment va Stahzides?
449 1001 3700 1258 MAUER.- Très bien, avec une double facture du bras. Il faut précisé¬
715 1143 3708 1372 ment que je passe encore chez lui. Il est très impatient de sor-
719 1311 3667 1523 tir; et il peut s’estimer heureux d'avoir encore sa tête sur le
727 1507 947 1687 oou.
498 1568 3651 1850 FREDERIC.- Moi aussi, tu l'oublies. J'ai récemment fait une glissade
723 1793 3618 2001 de 10 mètres sur la route. Bientôt les compagnies d'assurance
731 1960 3308 2132 ne voudront plus accepter aucune de mes connaissances.
474 2034 3753 2324 MAUER.- Tu n'as vraiment pas de chance avec tes amis, comme le faisait
747 2250 2789 2475 remarquer Erna Wahl, il y a une demi-heure.
461 2401 2066 2634 FREDIRIC.- Tiens, Erna est venue?
466 2512 3655 2785 GENIA.- Oui, avec sa mère. Elles sont parti a en compagnie de l'En-
747 2728 1666 2928 seigne de vaisseau.
478 2867 3475 3173 FREDERIC.- Ah. Otto était là aussi?.... (A Mauer) pu l'as vu 7
486 3165 1066 3361 MAUER.- Oui.
486 3328 2099 3508 PREDERIC.- Comment le trouves-tu?
490 3390 3688 3630 MAUER.- (un peu surpris de la question) c'est un tout à fait charmant
755 3663 1123 3810 garçon.
490 3728 3622 4006 FREDERIC.- C'est remarquable comme il rappelle son père! c'est la
755 3945 3071 4116 même couleur, en plus terne. Tu ne trouves pas?
490 4051 3573 4268 MAUER.- C'est possible... Le Dr von Aigner n'était d'ailleurs pas
760 4198 2822 4443 mon type. Un peu trop poseur pour mon goût.
486 4357 3712 4582 FREDERIC.- Il avait seulement du style. On confond souvent le style
764 4533 3708 4749 et l'affectation. Il y a longtemps que je l'ai vu pour la der-
760 4647 3826 4925 nière fois. Sept ans. C'était à Bosen. Te le rappelles-tu,Genia T
498 4864 1491 5101 GENIA.- Certainement.
1531 4864 2969 5117 (A Mauer) Il m'a beaucoup plu.
