<?xml version="1.0" encoding="UTF-8" standalone="yes"?>
<PcGts xmlns="http://schema.primaresearch.org/PAGE/gts/pagecontent/2013-07-15" xmlns:xsi="http://www.w3.org/2001/XMLSchema-instance" xsi:schemaLocation="http://schema.primaresearch.org/PAGE/gts/pagecontent/2013-07-15 http://schema.primaresearch.org/PAGE/gts/pagecontent/2013-07-15/pagecontent.xsd">
    <Metadata>
        <Creator>prov=READ-COOP:name=TrHtr:version=2.1.0:model_id=51170:date=15_08_2023_06:53</Creator>
        <Created>2023-05-10T15:30:46.866+02:00</Created>
        <LastChange>2023-08-15T06:53:01.060+02:00</LastChange>
        <TranskribusMetadata docId="1428916" pageId="55434663" pageNr="112" tsid="132841277" status="IN_PROGRESS" userId="64420" imgUrl="https://files.transkribus.eu/Get?id=ZWHVQIZSYVLVXEVNENGZFBSQ&amp;fileType=view" xmlUrl="https://files.transkribus.eu/Get?id=QWCIEHJFBLJFJZUUDGIPHTGO" imageId="44708653"/>
    </Metadata>
    <Page imageFilename="1428916_0112.jpg" imageWidth="4072" imageHeight="5304">
        <ReadingOrder>
            <OrderedGroup id="ro_1711801928282" caption="Regions reading order">
                <RegionRefIndexed index="0" regionRef="tr_3"/>
                <RegionRefIndexed index="1" regionRef="tr_2"/>
                <RegionRefIndexed index="2" regionRef="tr_1"/>
            </OrderedGroup>
        </ReadingOrder>
        <TextRegion id="tr_3" custom="readingOrder {index:0;}">
            <Coords points="495,278 3810,278 3810,1365 495,1365"/>
            <TextLine id="tr_3_tl_1" custom="readingOrder {index:0;}">
                <Coords points="1694,409 1756,430 1788,417 1805,426 1850,377 1883,393 1891,381 1952,381 1981,348 2030,344 2034,241 1993,246 1936,225 1874,262 1829,237 1780,262 1743,229 1715,250 1686,250"/>
                <Baseline points="1714,328 1803,328 1893,334 1983,340 2048,346"/>
                <TextEquiv>
                    <Unicode>- III -</Unicode>
                </TextEquiv>
            </TextLine>
            <TextLine id="tr_3_tl_2" custom="readingOrder {index:1;}">
                <Coords points="483,589 1375,532 3131,622 3127,434 3049,422 479,413"/>
                <Baseline points="501,519 591,519 680,513 770,513 860,507 949,507 1039,513 1128,513 1218,513 1308,519 1397,519 1487,519 1576,525 1666,531 1756,525 1845,531 1935,537 2024,537 2114,543 2204,543 2293,549 2383,549 2472,555 2562,555 2652,561 2741,561 2831,561 2920,567 3010,567 3099,573 3141,579"/>
                <TextEquiv>
                    <Unicode>MAUER.- C'est faire beaucoup de frais pour peu de chose.</Unicode>
                </TextEquiv>
            </TextLine>
            <TextLine id="tr_3_tl_3" custom="readingOrder {index:2;}">
                <Coords points="487,773 1563,696 3573,806 3663,675 483,589"/>
                <Baseline points="507,674 597,674 686,668 776,668 866,668 955,674 1045,674 1134,674 1224,680 1314,680 1403,680 1493,680 1582,686 1672,692 1762,692 1851,698 1941,698 2030,698 2120,698 2210,704 2299,710 2389,710 2478,716 2568,716 2657,716 2747,716 2837,728 2926,728 3016,728 3105,734 3195,734 3285,734 3374,734 3464,734 3553,734 3643,740 3673,740"/>
                <TextEquiv>
                    <Unicode>FREDERIC.- Jenne trouve pas. La bonne humeur est la principale chose</Unicode>
                </TextEquiv>
            </TextLine>
            <TextLine id="tr_3_tl_4" custom="readingOrder {index:3;}">
                <Coords points="741,855 790,847 818,872 888,855 962,892 1142,847 1215,888 1281,855 1424,872 1424,778 1273,786 1179,724 1113,733 1076,769 941,741 741,765"/>
                <Baseline points="764,830 854,830 943,836 1033,836 1122,836 1212,836 1302,836 1391,842 1433,842"/>
                <TextEquiv>
                    <Unicode>sur la terre.</Unicode>
                </TextEquiv>
            </TextLine>
            <TextLine id="tr_3_tl_5" custom="readingOrder {index:4;}">
                <Coords points="475,1052 3634,1072 3560,933 471,859"/>
                <Baseline points="495,1003 585,991 674,991 764,991 854,991 943,991 1033,991 1122,991 1212,997 1302,997 1391,997 1481,1003 1570,1003 1660,1009 1750,1009 1839,1015 1929,1015 2018,1015 2108,1015 2198,1021 2287,1021 2377,1027 2466,1027 2556,1027 2646,1027 2735,1033 2825,1039 2914,1039 3004,1039 3094,1039 3183,1045 3273,1045 3362,1045 3452,1051 3541,1051 3631,1051 3643,1057"/>
                <TextEquiv>
                    <Unicode>MAUER. Je laisserais l'occasion venir. Je ne peux pas te donner un</Unicode>
                </TextEquiv>
            </TextLine>
            <TextLine id="tr_3_tl_6" custom="readingOrder {index:5;}">
                <Coords points="716,1228 3802,1224 3798,1138 3532,1076 712,1052"/>
                <Baseline points="734,1140 824,1146 913,1146 1003,1152 1093,1152 1182,1152 1272,1158 1361,1158 1451,1158 1541,1158 1630,1164 1720,1164 1809,1164 1899,1170 1989,1170 2078,1170 2168,1176 2257,1176 2347,1176 2436,1182 2526,1182 2616,1182 2705,1182 2795,1188 2884,1188 2974,1194 3064,1194 3153,1194 3243,1200 3332,1200 3422,1206 3512,1212 3601,1206 3691,1206 3780,1212 3810,1206"/>
                <TextEquiv>
                    <Unicode>autre conseil, avec la meilleure volonté.- Et maintenant, je vais</Unicode>
                </TextEquiv>
            </TextLine>
            <TextLine id="tr_3_tl_7" custom="readingOrder {index:6;}">
                <Coords points="733,1338 1457,1338 1743,1424 2153,1338 3061,1400 3057,1277 2897,1252 1306,1260 1097,1175 728,1232"/>
                <Baseline points="752,1302 842,1302 931,1302 1021,1302 1110,1308 1200,1308 1290,1308 1379,1314 1469,1314 1558,1314 1648,1320 1738,1320 1827,1320 1917,1320 2006,1326 2096,1326 2186,1331 2275,1331 2365,1331 2454,1331 2544,1331 2634,1337 2723,1337 2813,1343 2902,1343 2992,1343 3070,1355"/>
                <TextEquiv>
                    <Unicode>dire bonjour à ta femme et poursuivre mon chemin.</Unicode>
                </TextEquiv>
            </TextLine>
        </TextRegion>
        <TextRegion id="tr_2" custom="readingOrder {index:1;}">
            <Coords points="459,1413 3745,1413 3745,3074 459,3074"/>
            <TextLine id="tr_2_tl_1" custom="readingOrder {index:0;}">
                <Coords points="479,1531 982,1477 1481,1547 1662,1498 1833,1555 1989,1498 2104,1535 2099,1367 2038,1346 1752,1424 1441,1396 1289,1441 1031,1363 949,1408 745,1359 479,1396"/>
                <Baseline points="501,1469 591,1463 680,1463 770,1463 860,1469 949,1463 1039,1463 1128,1463 1218,1469 1308,1475 1397,1475 1487,1475 1576,1475 1666,1475 1756,1481 1845,1481 1935,1481 2024,1487 2114,1493"/>
                <TextEquiv>
                    <Unicode>FREDERIC. - Mauer... tu m'en veux?</Unicode>
                </TextEquiv>
            </TextLine>
            <TextLine id="tr_2_tl_2" custom="readingOrder {index:1;}">
                <Coords points="471,1711 3577,1682 3573,1576 3147,1514 467,1522"/>
                <Baseline points="495,1636 579,1618 668,1624 758,1624 848,1624 937,1624 1027,1624 1116,1624 1206,1624 1296,1630 1385,1630 1475,1630 1564,1630 1654,1636 1744,1636 1833,1636 1923,1636 2012,1642 2102,1642 2192,1648 2281,1648 2371,1654 2460,1648 2550,1648 2640,1648 2729,1648 2819,1648 2908,1654 2998,1654 3088,1654 3177,1654 3267,1654 3356,1660 3446,1660 3536,1666 3583,1666"/>
                <TextEquiv>
                    <Unicode>MAUER.- Je t'en veux? Non. Mais je n'ai pas le désir de rester ici</Unicode>
                </TextEquiv>
            </TextLine>
            <TextLine id="tr_2_tl_3" custom="readingOrder {index:2;}">
                <Coords points="749,1801 929,1821 949,1797 999,1825 1105,1813 1138,1846 1240,1858 1236,1682 1146,1694 1121,1719 1072,1702 1044,1727 990,1690 954,1698 896,1666 786,1698 745,1686"/>
                <Baseline points="770,1779 860,1785 949,1785 1039,1785 1128,1791 1218,1797 1248,1797"/>
                <TextEquiv>
                    <Unicode>davantage.</Unicode>
                </TextEquiv>
            </TextLine>
            <TextLine id="tr_2_tl_4" custom="readingOrder {index:3;}">
                <Coords points="454,2001 3736,2005 3696,1874 450,1829"/>
                <Baseline points="477,1953 567,1941 657,1941 746,1947 836,1947 925,1947 1015,1947 1105,1947 1194,1947 1284,1953 1373,1953 1463,1953 1552,1953 1642,1953 1732,1953 1821,1959 1911,1959 2000,1959 2090,1959 2180,1959 2269,1965 2359,1965 2448,1965 2538,1965 2628,1965 2717,1965 2807,1971 2896,1971 2986,1971 3076,1971 3165,1971 3255,1977 3344,1977 3434,1977 3524,1977 3613,1977 3703,1977 3745,1983"/>
                <TextEquiv>
                    <Unicode>FREDERIC.- Kooutes, Mauer... Tu sais pourtant que je suis parti peu de</Unicode>
                </TextEquiv>
            </TextLine>
            <TextLine id="tr_2_tl_5" custom="readingOrder {index:4;}">
                <Coords points="745,2181 1170,2173 1260,2120 2308,2157 2341,2030 1833,1997 1760,2038 1592,1981 1277,2050 741,2026"/>
                <Baseline points="764,2096 854,2102 943,2108 1033,2108 1122,2108 1212,2108 1302,2108 1391,2108 1481,2108 1570,2108 1660,2108 1750,2114 1839,2114 1929,2114 2018,2114 2108,2114 2198,2120 2287,2120 2353,2120"/>
                <TextEquiv>
                    <Unicode>temps après toi du Völser weiher?</Unicode>
                </TextEquiv>
            </TextLine>
            <TextLine id="tr_2_tl_6" custom="readingOrder {index:5;}">
                <Coords points="450,2325 614,2353 831,2296 925,2341 1039,2284 1207,2349 1428,2300 1506,2345 1944,2341 1944,2132 1428,2214 970,2149 864,2194 450,2177"/>
                <Baseline points="471,2269 561,2263 651,2263 740,2263 830,2263 919,2257 1009,2263 1099,2263 1188,2263 1278,2263 1367,2263 1457,2269 1547,2269 1636,2269 1726,2269 1815,2269 1905,2275 1953,2275"/>
                <TextEquiv>
                    <Unicode>MAUER.- "peu de temps" est bon.</Unicode>
                </TextEquiv>
            </TextLine>
            <TextLine id="tr_2_tl_7" custom="readingOrder {index:6;}">
                <Coords points="438,2509 3651,2492 3651,2353 3466,2337 438,2325"/>
                <Baseline points="459,2436 549,2431 639,2431 728,2425 818,2431 907,2425 997,2425 1087,2431 1176,2431 1266,2431 1355,2431 1445,2431 1535,2436 1624,2436 1714,2436 1803,2431 1893,2431 1983,2436 2072,2436 2162,2436 2251,2436 2341,2442 2431,2442 2520,2436 2610,2436 2699,2442 2789,2442 2878,2442 2968,2448 3058,2448 3147,2448 3237,2448 3326,2448 3416,2454 3506,2454 3595,2454 3661,2454"/>
                <TextEquiv>
                    <Unicode>FREDERIC.- Aussitôt!... le lendemain!.... Sais-tu pourquoi? J'ai pris</Unicode>
                </TextEquiv>
            </TextLine>
            <TextLine id="tr_2_tl_8" custom="readingOrder {index:7;}">
                <Coords points="728,2685 761,2685 814,2652 831,2668 868,2631 909,2619 1023,2631 1044,2652 1068,2636 1158,2636 1158,2521 1097,2533 1068,2509 1044,2525 1023,2509 937,2501 831,2521 728,2496"/>
                <Baseline points="752,2586 842,2586 931,2586 1021,2586 1110,2586 1170,2592"/>
                <TextEquiv>
                    <Unicode>la fuite.</Unicode>
                </TextEquiv>
            </TextLine>
            <TextLine id="tr_2_tl_9" custom="readingOrder {index:8;}">
                <Coords points="438,2783 569,2779 700,2820 855,2758 904,2795 1035,2795 1035,2623 892,2668 814,2660 765,2623 704,2623 663,2660 548,2631 499,2656 438,2644"/>
                <Baseline points="459,2741 549,2741 639,2735 728,2741 818,2741 907,2741 997,2741 1045,2741"/>
                <TextEquiv>
                    <Unicode>MAUER.- Ahl -</Unicode>
                </TextEquiv>
            </TextLine>
            <TextLine id="tr_2_tl_10" custom="readingOrder {index:9;}">
                <Coords points="438,3008 3712,2926 3671,2807 2795,2758 438,2803"/>
                <Baseline points="459,2908 549,2902 639,2896 728,2902 818,2896 907,2902 997,2902 1087,2902 1176,2902 1266,2902 1355,2902 1445,2902 1535,2902 1624,2902 1714,2902 1803,2902 1893,2902 1983,2902 2072,2902 2162,2902 2251,2902 2341,2902 2431,2902 2520,2908 2610,2908 2699,2908 2789,2902 2878,2902 2968,2908 3058,2908 3147,2908 3237,2908 3326,2908 3416,2908 3506,2908 3595,2914 3685,2908 3721,2908"/>
                <TextEquiv>
                    <Unicode>FREDERlC.- Oui, devant moi, devant moi-même, car j'étais très amoureux</Unicode>
                </TextEquiv>
            </TextLine>
            <TextLine id="tr_2_tl_11" custom="readingOrder {index:10;}">
                <Coords points="704,3086 1211,3065 1363,3114 1522,3069 2075,3123 2341,3094 2341,2979 2198,2947 1973,3004 1809,2934 1674,2992 1473,2951 704,2992"/>
                <Baseline points="728,3058 818,3052 907,3058 997,3058 1087,3064 1176,3064 1266,3064 1355,3058 1445,3058 1535,3058 1624,3058 1714,3058 1803,3058 1893,3064 1983,3064 2072,3064 2162,3064 2251,3064 2341,3064 2353,3064"/>
                <TextEquiv>
                    <Unicode>d'Erna, je te l'avoue sans façons.</Unicode>
                </TextEquiv>
            </TextLine>
        </TextRegion>
        <TextRegion id="tr_1" custom="readingOrder {index:2;}">
            <Coords points="442,3169 3733,3169 3733,4991 442,4991"/>
            <TextLine id="tr_1_tl_1" custom="readingOrder {index:0;}">
                <Coords points="442,3270 2509,3262 2427,3139 1326,3127 1236,3180 442,3123"/>
                <Baseline points="465,3225 555,3225 645,3225 734,3219 824,3219 913,3219 1003,3219 1093,3219 1182,3219 1272,3219 1361,3219 1451,3219 1541,3219 1630,3219 1720,3219 1809,3219 1899,3219 1989,3219 2078,3219 2168,3225 2257,3225 2347,3219 2436,3219 2520,3225"/>
                <TextEquiv>
                    <Unicode>MAUER.- Tu n'as pas de comptes à me rendre.</Unicode>
                </TextEquiv>
            </TextLine>
            <TextLine id="tr_1_tl_2" custom="readingOrder {index:1;}">
                <Coords points="426,3442 3008,3454 3663,3425 3663,3307 426,3315"/>
                <Baseline points="447,3386 537,3386 627,3380 716,3380 806,3380 895,3380 985,3374 1075,3374 1164,3374 1254,3380 1343,3374 1433,3380 1523,3380 1612,3380 1702,3374 1791,3374 1881,3380 1971,3380 2060,3380 2150,3380 2239,3380 2329,3380 2419,3380 2508,3380 2598,3386 2687,3380 2777,3380 2867,3380 2956,3380 3046,3380 3135,3380 3225,3380 3315,3380 3404,3380 3494,3386 3583,3386 3673,3386"/>
                <TextEquiv>
                    <Unicode>FREDERIC.- certainement pas. ce n'est pas non plus ce que je fais. Ne</Unicode>
                </TextEquiv>
            </TextLine>
            <TextLine id="tr_1_tl_3" custom="readingOrder {index:2;}">
                <Coords points="700,3577 929,3642 1195,3548 3229,3597 3339,3560 3339,3446 700,3458"/>
                <Baseline points="722,3536 812,3536 901,3536 991,3536 1081,3536 1170,3536 1260,3536 1349,3536 1439,3536 1529,3536 1618,3536 1708,3536 1797,3536 1887,3536 1977,3536 2066,3536 2156,3536 2245,3536 2335,3536 2425,3536 2514,3536 2604,3536 2693,3536 2783,3536 2873,3536 2962,3536 3052,3536 3141,3536 3231,3536 3320,3536 3350,3536"/>
                <TextEquiv>
                    <Unicode>reconnais seulement pourquoi tes fausses suppositions...</Unicode>
                </TextEquiv>
            </TextLine>
            <TextLine id="tr_1_tl_4" custom="readingOrder {index:3;}">
                <Coords points="430,3761 2979,3769 3536,3704 3536,3569 430,3614"/>
                <Baseline points="453,3709 501,3703 591,3703 680,3703 770,3697 860,3703 949,3697 1039,3697 1128,3697 1218,3697 1308,3697 1397,3697 1487,3697 1576,3697 1666,3697 1756,3697 1845,3697 1935,3697 2024,3697 2114,3697 2204,3697 2293,3691 2383,3691 2472,3697 2562,3691 2652,3691 2741,3691 2831,3691 2920,3691 3010,3691 3099,3697 3189,3697 3279,3691 3368,3691 3458,3691 3547,3691"/>
                <TextEquiv>
                    <Unicode>MAUER.- Ce que j'ai toujours suppose, avec raison ou non, la chose</Unicode>
                </TextEquiv>
            </TextLine>
            <TextLine id="tr_1_tl_5" custom="readingOrder {index:4;}">
                <Coords points="700,3892 1567,3953 2014,3855 2938,3982 3483,3884 3483,3781 3339,3728 700,3781"/>
                <Baseline points="722,3864 806,3858 895,3858 985,3858 1075,3858 1164,3858 1254,3858 1343,3852 1433,3852 1523,3852 1612,3852 1702,3852 1791,3852 1881,3852 1971,3852 2060,3852 2150,3852 2239,3852 2329,3852 2419,3852 2508,3852 2598,3852 2687,3846 2777,3846 2867,3846 2956,3846 3046,3846 3135,3846 3225,3846 3315,3846 3404,3846 3494,3846"/>
                <TextEquiv>
                    <Unicode>n'a plus aucun intérêt pour moi.- Puis-je dire bonsoir à ta</Unicode>
                </TextEquiv>
            </TextLine>
            <TextLine id="tr_1_tl_6" custom="readingOrder {index:5;}">
                <Coords points="692,4097 843,4105 904,4076 929,4097 949,4088 962,4101 978,4084 1027,4093 1027,3925 990,3929 958,3908 913,3941 884,3912 847,3937 827,3912 786,3908 749,3941 733,3929 692,3945"/>
                <Baseline points="716,4025 770,4019 860,4019 949,4019 1039,4019"/>
                <TextEquiv>
                    <Unicode>femme?</Unicode>
                </TextEquiv>
            </TextLine>
            <TextLine id="tr_1_tl_7" custom="readingOrder {index:6;}">
                <Coords points="417,4232 3704,4215 3704,4072 2738,3982 422,4080"/>
                <Baseline points="442,4193 489,4187 579,4181 668,4181 758,4181 848,4181 937,4181 1027,4175 1116,4175 1206,4175 1296,4175 1385,4175 1475,4175 1564,4169 1654,4169 1744,4169 1833,4169 1923,4169 2012,4169 2102,4169 2192,4169 2281,4163 2371,4163 2460,4163 2550,4157 2640,4163 2729,4157 2819,4157 2908,4157 2998,4163 3088,4157 3177,4157 3267,4157 3356,4157 3446,4157 3536,4157 3625,4157 3715,4163"/>
                <TextEquiv>
                    <Unicode>FREDERIC.- Tu le feras plus tard. Maintenant tu vos rester aimablement</Unicode>
                </TextEquiv>
            </TextLine>
            <TextLine id="tr_1_tl_8" custom="readingOrder {index:7;}">
                <Coords points="688,4350 2169,4408 3589,4326 3589,4248 3335,4215 688,4232"/>
                <Baseline points="710,4342 728,4342 818,4342 907,4342 997,4336 1087,4336 1176,4336 1266,4336 1355,4336 1445,4336 1535,4330 1624,4330 1714,4330 1803,4330 1893,4324 1983,4324 2072,4324 2162,4324 2251,4324 2341,4318 2431,4318 2520,4318 2610,4318 2699,4318 2789,4318 2878,4318 2968,4312 3058,4318 3147,4318 3237,4312 3326,4312 3416,4312 3506,4318 3595,4324"/>
                <TextEquiv>
                    <Unicode>ici. Il faut que nous nous expliquions. Je t'assure que tu te</Unicode>
                </TextEquiv>
            </TextLine>
            <TextLine id="tr_1_tl_9" custom="readingOrder {index:8;}">
                <Coords points="647,4580 3675,4522 3675,4399 3028,4338 651,4420"/>
                <Baseline points="674,4503 728,4503 818,4497 907,4503 997,4503 1087,4497 1176,4497 1266,4491 1355,4491 1445,4491 1535,4485 1624,4485 1714,4485 1803,4485 1893,4485 1983,4485 2072,4485 2162,4485 2251,4479 2341,4479 2431,4479 2520,4479 2610,4479 2699,4479 2789,4479 2878,4479 2968,4473 3058,4473 3147,4473 3237,4473 3326,4473 3416,4473 3506,4479 3595,4479 3685,4479"/>
                <TextEquiv>
                    <Unicode>trompes.- Je l'ai embrassée, oui. Une fois... Je ne le nie pas.</Unicode>
                </TextEquiv>
            </TextLine>
            <TextLine id="tr_1_tl_10" custom="readingOrder {index:9;}">
                <Coords points="675,4694 3372,4678 3577,4649 3581,4530 675,4571"/>
                <Baseline points="698,4652 722,4658 812,4658 901,4658 991,4658 1081,4658 1170,4658 1260,4652 1349,4652 1439,4652 1529,4652 1618,4652 1708,4646 1797,4652 1887,4646 1977,4641 2066,4641 2156,4641 2245,4641 2335,4641 2425,4635 2514,4635 2604,4635 2693,4635 2783,4629 2873,4629 2962,4629 3052,4629 3141,4629 3231,4629 3320,4629 3410,4629 3500,4635 3589,4635"/>
                <TextEquiv>
                    <Unicode>Mais un baiser comme ça, en liberté, quand il fait si beau, à</Unicode>
                </TextEquiv>
            </TextLine>
            <TextLine id="tr_1_tl_11" custom="readingOrder {index:10;}">
                <Coords points="683,4911 2161,4809 3605,4854 3720,4833 3724,4686 688,4702"/>
                <Baseline points="704,4820 776,4814 866,4820 955,4820 1045,4814 1134,4814 1224,4814 1314,4808 1403,4808 1493,4808 1582,4808 1672,4802 1762,4802 1851,4802 1941,4796 2030,4796 2120,4796 2210,4796 2299,4796 2389,4796 2478,4796 2568,4790 2657,4790 2747,4790 2837,4784 2926,4784 3016,4790 3105,4784 3195,4784 3285,4784 3374,4784 3464,4784 3553,4790 3643,4790 3733,4784"/>
                <TextEquiv>
                    <Unicode>deux mille mètres d'altitude, ne signifie rien. J'appelle cela...</Unicode>
                </TextEquiv>
            </TextLine>
            <TextLine id="tr_1_tl_12" custom="readingOrder {index:11;}">
                <Coords points="688,5001 806,5009 888,5071 1064,4985 1150,5030 1490,5005 1543,5050 1895,5021 1899,4833 1572,4895 1412,4846 1273,4891 1039,4833 937,4895 692,4911"/>
                <Baseline points="710,4981 746,4981 836,4981 925,4975 1015,4975 1105,4975 1194,4975 1284,4975 1373,4969 1463,4969 1552,4963 1642,4963 1732,4963 1821,4969 1911,4963"/>
                <TextEquiv>
                    <Unicode>l'ivresse des hauteurs...</Unicode>
                </TextEquiv>
            </TextLine>
        </TextRegion>
    </Page>
</PcGts>
