3576 5240
1365 220 1657 464 -29-
252 445 3235 681 que chose, je n'ai rien à me reprocher?! S'il m'avait dit ce qu'
264 657 3085 791 il avait l'intention de faire - s'il ne l'avait dit...oh, je
248 803 1708 1015 l'aurais ramené à la raison...
134 944 1039 1153 DERIC. - Comment -?
122 1078 2113 1299 IA.- Je lui aurais demandé sa promesse...
138 1279 3089 1456 DERIC.- Comment ga? Mais non! Tu ne lui aurais rien demandé; tu
252 1409 3191 1641 serais simplement devenue sa maîtresse... c'est très compréhen-
244 1586 563 1790 sible.
122 1731 1110 1916 IA.- Je ne crois pas.
126 1861 1153 2089 DERIC.- Allons donc!
106 2034 2589 2211 LA.- Oh, non pas à cause de toi, ni à cause da Peroy.
126 2204 1503 2396 DERIC. - Pourquoi donc alors?
146 2345 1066 2546 A. - A cause de moi.
138 2526 1448 2692 DERIC. - Je ne comprends pas.
122 2676 3101 2857 LA JE n'aurais pas pu. Dieu sait pourquoi. Je n'aurais pas pu,
1165 2798 1621 3014 (silence)
122 2987 1515 3160 DERIC. - Voilà ta lettre Genia.
134 3132 807 3329 A.( la prend).
1141 3246 1869 3447 MUER (arrive)
114 3420 3278 3616 ER. Bonsoir mes chers amis. J'espère que je ne vous ai pas fait trop
205 3589 1133 3789 longtemps attendre.
122 3742 3195 3978 DERIO.- (allant à sa rencontre) Bonsoir, Mauer. Alors Stanzides va
205 3892 2444 4112 tout à fait bien. Il est au casino, au concert.
114 4049 1987 4250 R. - Oui, je l'y ai accompagné moi-même.
122 4155 3227 4399 DÉRIC. - Paul Kreindl était là à l'instant; nous devons y aller aus-
197 4372 1082 4580 si après le dîner.
114 4525 1617 4714 A. - Je veux voir si le dîner...
102 4639 3077 4911 DERIC.- Ecoute. Genia, j'ai une idée... Allons tout de suite au
197 4840 3168 5013 casino. Je ne sais pas pourquoi, J'ai une grande envie de musi-
