3752 5272
1535 224 1862 439 — 63 —
800 439 2829 662 der si Monsieur avait retenu quelque chose.
108 611 2012 800 EMIER TOURISTE Non, je n'ai rien retenu.
120 757 1045 955 SENSTOCK (très poli)
1028 821 3479 1036 Alors je regrette infiniment, nous n'avons plus rien
783 1015 1260 1174 de libre.
103 1105 3492 1372 EMIER TOURISTE Rien du tout? Ça c'est rosse. Même pas une paillasse...
783 1303 2412 1496 à laquelle en puisse s'accrocher?
116 1440 494 1643 SENST0CK
783 1466 1806 1638 Malheureusement, non.
120 1604 722 1819 COND TOURISTE
752 1621 3462 1780 (Pendant ce temps il a essayé plusieurs sièges, l'un après
791 1742 3530 1879 l'autre, qui ne lui ont pas paru assez confortables. Fina¬
783 1828 3363 1978 lement il se laisse tomber dans un fauteuil à bascule).
120 1922 1324 2176 MIER TOURISTE (au second)
1303 2034 2150 2210 Que faisons-nous?
2167 2094 2795 2305 (à Rosenstock
2812 2154 3298 2365 Nous avons
774 2309 2752 2546 quatorze heures de marche dans les jambes,
112 2460 1157 2675 ENSTOCK (compatissant)
1144 2584 1866 2739 C'est baaucoup.
108 2700 701 2881 COND TOURISTE
757 2722 1832 2907 Je ne bouge plus de là
103 2890 3341 3083 EMIER TOURISTE Avez-vous entendu Monsieur le Cerbère? Mon camarade ne
740 3010 1316 3199 bouge plus.
90 3160 482 3380 SÈNSTOCK
740 3199 3332 3350 Je vous en prie. "Il y a de la place pour tout le monde
740 3341 2688 3556 dans le hall” (chercher equivalent
86 3479 731 3681 IMIER ROURISTE
757 3492 1784 3689 Ah; vous êtes poète?
99 3668 490 3818 ENST0CK
735 3625 2167 3840 Seulement en cas de nécessité.
82 3831 2133 4003 MIER TOURISTE Alors, qu'allons-nous faire?
99 3986 469 4154 ENST0CK
727 3990 2898 4128 Si ces messieurs allaient voir à Alpenrose....
86 4124 2098 4304 MIER TOURISTE Y-a-t-il aussi là un hôtel?
77 4274 473 4472 PENSTOCK
722 4257 1561 4468 Pour ainsi dire.
82 4438 3023 4610 tourisie croyez-vous qu'il y ait quelque chose de libre?
90 4601 434 4773 ENST0CK
714 4580 1565 4794 Presque toujours.
103 4743 3552 4971 MIER TOURISTE Ah bien, il ne nous reste plus qu'à nous appuyer l'Alpenrose
735 4932 1260 5078 (à l'autre)
2249 4893 2460 5147 rieur
1281 4932 2270 5151 Allone custe, mon 17
