3992 5272
1141 209 1888 478 1 -20-
659 474 3542 703 itions ensuite à Chicago, à Washington et à St-Louis... Et je
675 687 3585 849 trouve que nous aurions tort de ne pas profiter de cette occa¬
659 853 3578 1035 sion pour pousser un peu plus loin - jusqu'à enn Francisco. Te
655 983 3447 1177 rappelles-tu ce que le pauvre Korsakow nous a raconté de sa
667 1137 3380 1331 tournée à travers la Californier Ce doit être merveilleux.
490 1311 2835 1508 MIA.- Ce serait alors un voyage de plusieurs mois.
498 1449 3668 1623 EDERIC.- Oui, si à ce moment les affaires sont en ordre ici, surtout
671 1611 3589 1797 la nouvelle construction; nous pourrions alors prolonger notre
652 1769 2962 1935 voyage jusqu'au printemps. allons... décide-toi.
478 1903 1982 2117 NIA.- (secoue lentement la tête)
474 2073 3451 2267 LERIC.- Crains-tu le voyage en mer? Voyons, avec les nouveaux
648 2215 3708 2421 bateaux! Et justement on vient de découvrir un moyen parfaitement
652 2397 3143 2539 sûr contre le mal de mer. Des vicrations électriques.
474 2476 3471 2756 NIA.- Je ne crois pas que je ne déciderai. malgré les vibrations
652 2697 2622 2883 électriques. Mais j'ai une autre idée....
478 2819 1394 3060 EDERIC.- Laquelle?
462 3009 3518 3206 NIA.- Fendant que tu seras là-bas J'irai volontiers en Angleterre
648 3179 1315 3356 près de Percy.
474 3297 3554 3538 EDERIC.- (La regarde du coin de l'oeil) Hum. Il ne serait pas sou-
648 3451 1986 3680 vent près de toi en réalité.
474 3522 3570 3838 NIA.- Il pourrait suivre ses cours comme externe pendant ce temps,
636 3822 3637 3992 comme le fils de ma soeur Mary. Et je pourrais habiter avec lui.
454 3941 3554 4150 HDARIC.- Qu'est-ce que c'est que cela.... d'où te vient cette idée
636 4138 1453 4304 brusquement?....
450 4265 3380 4474 NIA.- Elle ne me vient pas brusquement. Je t'en ai dejà parlé,
628 4411 3585 4648 rappelle-toi. Et comme tu parais décidé à laisser Percy encore
628 4565 1970 4794 au moins deux ans là-bas....
450 4707 3416 4932 nuERIC.- Naturellement. Tu vois combien il se developpe là-bas.
616 4916 3475 5078 Ce serait vraiment très égofste de notre part de le rappeler
