4072 5288
1781 185 2241 419 - 104 —.
432 354 3134 617 FREDERIC.- (apparait en costume de tennis) Bonjour, Genia.
3142 485 3582 625 (II 1’em¬
1102 568 3714 724 (brasse sur le front et salue les autres. A Mme Wahl qui
1110 670 2274 872 (ne lui tend pas la main)
2250 720 3631 946 Eh bien maman Wahl, vous êtes
716 802 2060 1049 toujours fâchée contre moi?
448 999 3726 1238 Mme xxx. - Je ne vous adresse plus la parole; pas plus qu'au Dr Mauer.
452 1152 1653 1374 FREDERIC.- On verra bien.
514 1341 2936 1518 EMIA.- Il faut remarquer qu'on ne l'a pas encore vu.
461 1513 3541 1719 FREDERIC.- Tiens? - Il viendra probablement aujourd'hui; je lui ai
716 1666 3023 1810 écrit Eh bien, Paul et Erna ne se dérangent pas.
436 1768 2579 2007 GENIA.7.Dis moi, quand es-tu arrive à Vienne?
444 1949 3718 2176 FREDERIC. - Hier soir. Oui - J'aurais très volontiers assisté au dejeu¬
711 2101 3031 2287 ner mais ce n'était malheureusement pas possible.
440 2250 2653 2455 GENIA.- Nous avions un déjeuner en ton honneur.
444 2418 2603 2636 GUSTAVE.- Nous avons merveilleusement déjeuné.
419 2591 3693 2768 FREDERIC.- Vraiment?... Peut-être serais-tu assez bonne Genia pour me
711 2747 2258 2969 faire apporter une tasse de café.
2262 2825 3619 3006 (Il s'assied sous l'arbre et
1143 2928 2233 3126 (allume une eigarette).
448 2986 3677 3274 UATTER.- Nous êtes resté plus longtemps que vous ne pensiez, mon cher
707 3187 1271 3393 Hofreiter?
419 3364 1147 3627 FREDERIC.- Oui.
1143 3413 3701 3615 (Il lui jette un regard aigu) Oui. Ce sont bien vos en¬
703 3590 2616 3825 fants qui jouent là-bas sur la pelouse Y
436 3775 2488 4006 ADÈLE. - J'ai pensé que Percy était déjà là.
1152 3886 3640 4166 (Stanzides et Mme Wahl sont allés vers l'arrière pen-
1156 4038 1875 4178 (dant ce temps)
440 4125 3730 4380 FREDERIC.- Eh bien, quand arrive-t-il finalement. Il se laisse inviter
699 4261 2722 4487 dans des chateaux anglais.. le garnement!
440 4466 3746 4655 GRNIA.- Je crois qu'il arrive aujourd'hui ou demain avec ma soeur Mary
736 4606 3463 4812 ... voilà trois jours que je n'ai pas de nouvelles de lui.
436 4783 2036 5071 PAUL & Klonf A (viennent du tennis).
