4104 5272
1823 223 2281 411 9 - 97 -
790 309 3858 649 à un milimètre près. Maintenant ça va. Alors on tire une tangente
794 548 3752 759 le long du cercle extérieur, une seconde, verticale à celle-ci
767 673 3729 904 le long du cercle moyen, une troisième parallèle à la premiere
794 861 3850 1072 le long du cercle intérieur. On a formé ainsi des segments. Main-
798 1021 3103 1229 tenant on place dans le segment extérieur,à l'est
3138 1084 3787 1272 il prend dans
1185 1158 3733 1385 (sa poche une boussole, et aux autres qui rient de nou-
1178 1264 1491 1416 (veau).
1483 1365 3705 1518 Je l'ai toujours aveo moi. Je ne comprends pas
786 1428 3783 1698 comment un homme sérieux peut sortir sans boussole. Alors, voilà
763 1628 3689 1804 l'Est. Dans ce segment arrive une petite tortue... dans celui
751 1772 3596 1968 de l'ouest, un scorpion, è qui on a enlevé naturellement son
763 1937 3553 2171 aiguillon... Mais que prendrons-nous en Europe au lieu d'un
767 2066 2981 2281 scorpion? (Le petit garçon commence à pleurer).
473 2230 3615 2430 ADELE.- Maintenant, finissez Gustave! Miss.. will you - Ah quoi!...
1189 2379 2301 2547 (elle laisse l'anglais).
2293 2496 3607 2700 Je vous en prie miss, allez
743 2668 3729 2880 avec les enfants sur la pelouse, il y a de la place pour jouer..
743 2805 1358 3005 (Aux enfants)
1346 2825 3733 3071 Et là personne ne vous racontera plus ces affreuses
736 3001 2606 3216 histoires de scorpions et de tangentes.
1162 3130 2844 3369 (La miss s'éloigne avec les enfants)
1174 3333 3631 3510 (Demeter Stanzides s'est assis sur le petit banc près
1162 3463 3513 3596 de l'entrée et pris un journal qui se trouvais là.
1389 3521 3674 3646 distribution de gauche à droite: STANZIDES à gau-
1150 3631 3713 3748 che sur le banc. Pas loin de lui Mme Wahl et Otto. Puis
1150 3682 3756 3850 PAUL, FRNA. Tont à fait à droite: GUSTAVE, ADELE,GENIA.)
454 3779 1811 3999 STANZIDES.- Ecoutez, ecoutez!
1835 3811 2230 4081 (11 11t)
2261 3928 3678 4147 "On nous écrit de l'Hôtel Völ-
720 4049 3584 4198 sor Weiher, il y a quelques jours. Une jeune dame de Vienne
724 4147 3627 4280 w Mademoiselle Erna wahl, en compagnie de deux touristes vien-
771 4241 3717 4362 nois, l'industriel Hofreiter et le médecin connu Dr Mauer, ont
779 4339 3658 4480 fait l'ascension de la Tour Aigner, une des plus fameuses...
430 4464 2426 4628 ERNA.- Venez Paul, allons jouer au tennis.
411 4609 1937 4820 PAUL.- Très volontiers (A Adèle)
1948 4628 2915 4875 Madame? Lieutenant!
415 4805 2915 5008 ADELE. — Je n'aime pas jouer aussitôt après les repas.
