4136 5336
1990 238 2270 371 - 66 -
916 280 3833 549 le lunch, il est cinq heures maintenant, je viens d'aller à sa
969 564 3844 711 chambre, elle habite tout près du ciel.. - elle a toujours de
916 700 3829 859 ces idées - et elle n'est pas encore là. Je suis hors de moi.
927 855 2505 1044 Ils sont très nombreux je crois
560 1014 757 1203 qnänä.
935 991 3791 1199 Oui. Il y a Gustave naturellement et Frédéric Hofreiter, le
912 1169 2002 1355 Dr. Mauer et Mme Rhon.
916 1366 3958 1517 Il ne leur est certainement rien arrivé. Je vous en prie madame,
923 1495 3946 1710 ne dites à personne que je suis là, s'ils arrivent pendant que je
916 1638 2963 1862 m'habille. Je veux leur faire une surprise
2970 1733 3405 1907 (froissé)
3428 1793 3757 2005 Il est
927 1915 3368 2130 vrai que cela ne m'a pas réuani près de vous madame.
935 2096 3912 2297 Il faut m'excuser aujourd'hui, mon cher Paul, je suis distraite.
560 2111 787 2312 FAhl.
927 2274 3364 2444 Qu'y-a-t-il de neuf à Baden? Genie ne viendra pas?
927 2414 3875 2550 Mme Hofreiter? Elle ne m'a rien dit à ce sujet. Et je lui ai
927 2562 3875 2724 encore parlé avant-hier. Nous étions justement très nombreux à
916 2717 3867 2887 l’Arena. Mais je vous dirai cela tout au long. Il faut que je
916 2849 3871 3023 fasse d'abord une toilette convenable. Quand on a voyagé toute
916 3046 3871 3258 la nuit dans le train et qu'on a fait encore six heures de voi-
927 3220 1321 3398 ture...
1362 3205 2009 3432 (à Rosenstock
1998 3299 3704 3504 Avec des communications impossibles!
965 3496 3875 3659 Au plus tard dans trois ans, nous aurons le chemin de fer jus¬
484 3489 889 3723 SENSTOCK
988 3670 3999 3867 qu'ici, M. von Kreindl. Notre Directeur part dans quelques jours
980 3856 3333 3988 à Vienne pour exposer cette situation au Ministre.
965 3984 3810 4177 C'est prudent. Mes affaires sont déjà en haut, n'est-ce pas
957 4151 1589 4336 Rosenstock.?
477 4310 897 4503 SENSTOCK
980 4321 2353 4446 Certainement, M. von Kreindl.
969 4442 3099 4593 Bien, Mes hommages, Madame, et ne dites rien
3095 4431 3561 4688 (II prend
950 4628 1601 4783 l'ascenseur).
