4072 5304
1764 227 2313 487 - 108 —
686 335 2226 615 lesquelles j’ai besoin de Mauer.
434 570 1466 781 ERNA.- Du... passé...?
421 743 3734 1024 FREDERIC.- Quelle enfant! Une femme légitime ne serait pas plus ourieu¬
669 929 2945 1140 se. Ce sont du reste des histoires sans intérêt.
396 1037 2676 1243 ERNA.- Qui te rendent bien nerveux il me semble.
417 1218 3692 1454 FREDERIO. - Tu en as l'impression. Je ne crois pas. Je suis seulement un
653 1379 2296 1569 peu fatigué par une mauvaise nuit.
396 1524 2424 1714 ERNA.- Comment? Tu as donc voyagé de nuit?
384 1697 3581 1892 FREDIRIC.- Non, mais je n'ai pas beaucoup dorui non plus. Je me suis
636 1838 1896 2040 promené sous des fenêtres.
363 1982 1256 2185 ERNA.- Cette nuit?
363 2164 3647 2354 FRALERIC.-Oui. Cette nuit. Cela t'étonne? Je crois t'avoir dit un cer¬
640 2325 3684 2577 tain soir... que je comprenais maintenant toutes ces choses - pro-
620 2470 3585 2676 menades sous les fenètres, sérénades - assassinat... suicide --
359 2639 3477 2879 ERNA.- Je ne te comprends pas. Sous les fenèetres de qui... t'es-tu
607 2751 1123 2974 promené...
326 2949 2317 3151 FREDERIC. Sous les tiennes, naturellement.
343 3102 3098 3283 ERNA.- Sous les miennes? Qu'est-ce que tu me racontes là...
326 3242 3643 3477 FREDERIC.- Tu ne me crois pas? Eh bien, écoutes! Je suis venu hier soir
586 3432 3643 3614 ici, aussitôt après mon arrivée à Vienne. Il était environ minuit
591 3610 3519 3750 quand je me suis trouvé sous ta fenêtre. Tu avais encore de la
582 3729 3548 3928 lumière. J'ai vu glisser ton ombre sur le rideau. Si ta chambre
562 3862 2532 4085 avait été au rez-de-chaussée... qui sait.
318 4027 2441 4246 ERNA.- Tu étais sous ma fe être!! - Et alors?
306 4184 3449 4390 FRETERIC.- Alors je suis reparti. J'avais vu ton ombre, J'avais été
525 4365 2135 4555 près de toi. Je t'avais désirée.
297 4522 2957 4692 ERNA.- Tu avais... Frederic.! Et on es-tu alle ensuite?
293 4667 3601 4898 FRÄLARIC. - Je suis retourne à Vienne. Mon auto avait attendu sur la pla
549 4807 3601 5026 ce de l'église. J'avais d'ailleurs à faire ce matin au bureau, de
516 5001 1140 5162 bonne heure.
