3688 5288
1573 246 1845 414 45 -
3211 238 3380 464 III
641 445 3456 652 C'est tout réfléchi. Je réfl échis toujours avant de parler.
77 480 265 652 ERNA
445 610 1615 817 J'écrirai à votre frère.
73 664 303 832 NAUER
445 809 3303 967 Mais cher docteur! Vous croyez donc que cela sertà quelque
65 802 257 1009 ERNA
460 917 3549 1128 chose quand j'ai une idée dans la tête! Tout ce que je peux faire
457 1132 3414 1293 c'est de vous promettre d'attendre que vous soyez avec nous au
460 1247 1159 1427 Volser Weiher.
449 1396 1297 1592 Dois-je y aller?
111 1427 303 1596 4 JUER.
460 1565 3361 1765 Certainement il faut venir. Je vous engage comme guide, avec
457 1707 2033 1918 le salaire d'usage naturellement.
460 1853 2877 2049 Je n'ai jamais imaginé que je puisse esperer mieux.
453 2060 3284 2187 Est-ce mélancolique, docteur Mauer, ou seulement spirituel?
449 2214 3422 2378 Dois-je aller au Volser Weiher, Mademoiselle Erna, oui ou non?
460 2340 3338 2532 Je ne vois aucune raison pour que vous renonciez à votre plan
476 2540 917 2708 primitif.
457 2666 3303 2839 Est-ce qu'il ne vous est vraiment pas possible, mademoiselle
115 2666 307 2854 AUER
468 2835 2348 3015 Erna, de me répondre de façon directe?
468 2981 1815 3211 Ce n'est pas facile, docteur.
100 2885 269 3180 ERNA
1818 3088 3184 3253 (Elle s'assied sous le noyer)
3222 3142 3449 3307 Vous
468 3292 3483 3441 ue vous m'êtes très sympathique. Il faut que vous veniez
457 3445 3280 3644 la-haut, ce sera la meilleure occasion d'apprendre à nous
457 3625 3487 3809 connaître mieux. Mais vous ne devez pas vous sentir engage plus
476 3786 1577 3951 que moi, cela va de soi.
77 3940 318 4124 HAUER.
457 3913 2252 4128 C'est très prudent mademoiselle Erna.
457 3959 3487 4251 Il y a encore une chose qui serait plus prudente. Ecoutez-moi.
65 4109 269 4327 BERNA
468 4254 3284 4416 Voue avez certainement quelque chose comme une amie ou une
407 4385 3353 4604 naitresse. - comme tous les hommes adlibataires. Eh bien, ne
457 4577 3510 4742 vous pressez pas de la quitter. Je veux dire : ne vous imaginez
449 4680 3326 4899 pas qu'après notre conversation d'aujourd'hui, vous me devez
449 4876 1178 5049 déjà fidélité.
