4008 5320
3533 255 3752 490 xx
2424 243 3011 518 V. U.S.V.
1599 364 1777 494 -5-
364 465 1834 801 RNIA.- Si. Et avant-hier aussi.
1834 619 2299 797 (Souriant)
2283 579 3643 931 Précisément, elle m'a un peu
607 894 939 1109 gâtée.
356 919 3586 1239 PTO.- Ma mère est partie depuis deux heures en ville. Elle doit jouer
575 1222 947 1429 ce soir.
951 1239 1979 1433 (A Mme Wahl et à Erna)
2008 1279 3546 1530 Ces dames étaient aussi en ville
571 1445 3550 1716 aujourd'hui? Je vous ai vues tantôt aller vers la gare pendant
583 1676 1445 1858 cet affreux orage.
385 1805 2712 2016 ne WaHL. - Nous étions à l'enterrement de Korsakow.
389 1854 3647 2161 10. - En effet, c'était aujourd'hui. Et sait-on enfin pourquoi il s'est
579 2149 1028 2335 suicidé?
389 2169 850 2509 NA. - Non.
526 2384 3643 2611 AHL. - Quelqu'un supposait aujourd'hui, au cimetière, que ceswicide
579 2546 2299 2793 avait pour cause une ambition deçue.
336 2724 1923 2963 erniA.- Comment?.... Korsakow?...
546 2906 3582 3060 AHL. - Oui. Parce qu'il comprenait bien qu’il pouvait jouer seule-
611 3044 3424 3254 ment du Chopin et du Schumann, - mais pas de Beethoven ni du
571 3230 2445 3384 Bach... Je l'avais d'ailleurs remarqué.
437 3287 3509 3533 TO.- Il est tout à fait invraisenblable que cela puisse pousser un
591 3513 3546 3675 homme à la mort. Est-ce qu'il n'a pas laisse de lettre d'adieu?
449 3647 3469 3853 MA. - Korsakow n'était pas de ces hommes qui écrivent des lettres
587 3849 1008 3995 d'adieu.
526 4011 1769 4197 d'où sais-tu cela?
453 4048 3614 4371 Il était bien trop sage, et il avait trop de goût pour cela. Il
599 4254 3663 4509 savait bien ce que veut dire: être mort. Et parce qu'il le savait
599 4392 3606 4626 il lui était bien indifférent d'imaginer quelle figure feraient
587 4606 1943 4817 les gens le lendemain matin.
3238 4638 3420 4800 ding
652 4687 3489 4991 J'ai lu quelque part que la veille de son suioide il a soupe
457 4760 631 5027 to.-
599 4893 3331 5108 qvec quelques amis... et qu'il était d'excellente humeur..
