4008 5224
1653 149 2070 297 - 127 —
934 304 3464 552 Non. J'ai veille. Et à cinq heures du matin j'ai vu
315 297 538 545 ERNA
931 435 3606 679 partir mon frère. Dans un instant nous pouvons apprendre
941 630 3786 832 comment les choses se sont passées. Pendant que nous parlons
948 793 2665 994 ici, tout est fini depuis longtemps.
934 948 3677 1164 Erna - je vous le dis, Frédéric est allé en ville, chez son
329 1001 612 1182 GENIA
952 1150 2187 1331 avocat..... probablement.
938 1260 3698 1462 Il n'est pas allé chez son avocat. Je le sais. J'ai parlé
336 1263 598 1490 ERNA
984 1430 3677 1624 à mon frère ce matin au moment de son départ. Tout a été
959 1550 3641 1738 arrangé encore hier soir. Le duel a eu lieu ce matin à 8
948 1713 3762 1911 heures. Je pense que ce n'est pas loin d'ici, dans la forêt
952 1872 3716 2067 d'Heiligenkreuz, probablement. Et maintenant tout est.....
973 2063 1369 2282 terminé.
973 2198 3716 2371 Eh bien, alors c'eat fini.... Il n'y a plus rien à changer,
347 2268 637 2449 GENIA.
959 2360 3712 2548 n'est-ce pas? Dans la forêt d'Heiligenkreuz, croyez-vous?
973 2509 3762 2707 Ils doivent être assis maintenant dans le jardin du couvent,
1026 2647 3804 2898 sous l'ombre du feuillage et ils fêtent la réconciliation...
977 2771 3744 3015 Le déjeuné était déjà commandé d'avance par les témoins. Et
984 2930 3783 3178 on est si vite réconcilié quand on n'a pas vraiment de motif
987 3125 3811 3334 d'être fâché l'un contre l'autre. Que pensez-vous Erna, vous
973 3316 3740 3493 boires à notre santé? Pourquoi pas. La vie est si drôle.
980 3422 3610 3659 Peut-être vont ils arriver ici ensemble bras dessus bras
984 3652 3249 3825 dessous... Nous devrions aller à leur rencontre.
984 3723 3560 3956 Je vais à la maison... Peut-être mon frère est-il déjà
379 3829 633 4016 ERNA
994 3928 1748 4147 de retour......
980 4073 3436 4324 Bien - allez à la maison, Frna, j'attendrai ici....
410 4119 708 4346 GENIA.
393 4225 2364 4512 ERNA (semble prêter l'oreille au dehors)
1009 4385 2803 4590 Qu'avez-vous? - Oui, ce sont des pas.
403 4466 690 4632 GENIA
393 4579 2919 4820 ERNA (à la porte de la véranda) c'est Madame Meinhold
