<?xml version="1.0" encoding="UTF-8" standalone="yes"?>
<PcGts xmlns="http://schema.primaresearch.org/PAGE/gts/pagecontent/2013-07-15" xmlns:xsi="http://www.w3.org/2001/XMLSchema-instance" xsi:schemaLocation="http://schema.primaresearch.org/PAGE/gts/pagecontent/2013-07-15 http://schema.primaresearch.org/PAGE/gts/pagecontent/2013-07-15/pagecontent.xsd">
    <Metadata>
        <Creator>prov=READ-COOP:name=TrHtr:version=2.1.0:model_id=51170:date=15_08_2023_06:53</Creator>
        <Created>2023-05-10T15:30:47.736+02:00</Created>
        <LastChange>2023-08-15T06:53:03.054+02:00</LastChange>
        <TranskribusMetadata docId="1428916" pageId="55434694" pageNr="118" tsid="132841283" status="IN_PROGRESS" userId="64420" imgUrl="https://files.transkribus.eu/Get?id=VXGUDXQWADHQWZMJBBNXOUIV&amp;fileType=view" xmlUrl="https://files.transkribus.eu/Get?id=JFBTTTHHIWPXJGSOZJAUEZUF" imageId="44708684"/>
    </Metadata>
    <Page imageFilename="1428916_0118.jpg" imageWidth="4024" imageHeight="5304">
        <ReadingOrder>
            <OrderedGroup id="ro_1711801943448" caption="Regions reading order">
                <RegionRefIndexed index="0" regionRef="tr_2"/>
                <RegionRefIndexed index="1" regionRef="tr_3"/>
                <RegionRefIndexed index="2" regionRef="tr_1"/>
            </OrderedGroup>
        </ReadingOrder>
        <TextRegion id="tr_2" custom="readingOrder {index:0;}">
            <Coords points="442,272 3751,272 3751,1676 442,1676"/>
            <TextLine id="tr_2_tl_1" custom="readingOrder {index:0;}">
                <Coords points="1889,400 1930,408 1951,388 1963,396 2004,384 2050,425 2074,412 2115,433 2136,412 2177,408 2173,219 2136,231 2070,206 2025,239 1975,235 1913,272 1885,268"/>
                <Baseline points="1911,322 2000,328 2090,328 2180,328 2186,328"/>
                <TextEquiv>
                    <Unicode>-117-</Unicode>
                </TextEquiv>
            </TextLine>
            <TextLine id="tr_2_tl_2" custom="readingOrder {index:1;}">
                <Coords points="709,565 1497,668 3579,614 3493,449 2817,524 1839,400 1650,482 709,429"/>
                <Baseline points="734,537 824,543 913,543 1003,543 1093,543 1182,543 1272,543 1361,549 1451,543 1541,543 1630,549 1720,549 1809,555 1899,549 1989,555 2078,555 2168,555 2257,555 2347,555 2436,561 2526,561 2616,561 2705,561 2795,567 2884,567 2974,567 3064,567 3153,573 3243,579 3332,579 3422,579 3512,579 3589,585"/>
                <TextEquiv>
                    <Unicode>se peut que je n'ai aucune envie de terminer l'affaire l'epée</Unicode>
                </TextEquiv>
            </TextLine>
            <TextLine id="tr_2_tl_3" custom="readingOrder {index:2;}">
                <Coords points="705,808 755,796 808,746 837,771 866,755 920,792 957,763 1085,784 1142,746 1200,738 1196,643 1109,610 1031,647 965,594 920,631 800,598 701,627"/>
                <Baseline points="728,698 818,698 907,698 997,698 1087,698 1176,704 1212,704"/>
                <TextEquiv>
                    <Unicode>à la main.</Unicode>
                </TextEquiv>
            </TextLine>
            <TextLine id="tr_2_tl_4" custom="readingOrder {index:3;}">
                <Coords points="425,948 1794,948 1951,895 1951,668 1728,709 1592,652 1307,800 1171,734 1010,808 870,759 697,817 425,788"/>
                <Baseline points="447,872 537,866 627,866 716,860 806,860 895,860 985,860 1075,860 1164,866 1254,866 1343,866 1433,866 1523,866 1612,866 1702,866 1791,872 1881,872 1959,878"/>
                <TextEquiv>
                    <Unicode>FRE. - Mais d'une autre manière.</Unicode>
                </TextEquiv>
            </TextLine>
            <TextLine id="tr_2_tl_5" custom="readingOrder {index:4;}">
                <Coords points="429,1085 3674,1130 3744,915 429,948"/>
                <Baseline points="453,1033 543,1021 633,1021 722,1021 812,1021 901,1021 991,1021 1081,1021 1170,1021 1260,1027 1349,1027 1439,1027 1529,1027 1618,1027 1708,1027 1797,1027 1887,1027 1977,1027 2066,1027 2156,1027 2245,1027 2335,1033 2425,1033 2514,1033 2604,1033 2693,1039 2783,1039 2873,1039 2962,1039 3052,1039 3141,1039 3231,1039 3320,1045 3410,1039 3500,1045 3589,1045 3679,1045 3751,1051"/>
                <TextEquiv>
                    <Unicode>NATTER.- Si j'en avais eu la moindre envie... Il n'y a pas si longtemps</Unicode>
                </TextEquiv>
            </TextLine>
            <TextLine id="tr_2_tl_6" custom="readingOrder {index:5;}">
                <Coords points="709,1291 1060,1233 1621,1287 1922,1229 2058,1303 2223,1262 2223,1113 2136,1097 709,1105"/>
                <Baseline points="734,1176 824,1176 913,1176 1003,1176 1093,1176 1182,1176 1272,1182 1361,1182 1451,1182 1541,1182 1630,1182 1720,1182 1809,1182 1899,1188 1989,1188 2078,1188 2168,1188 2233,1188"/>
                <TextEquiv>
                    <Unicode>j'ai eu de meilleures occasions.</Unicode>
                </TextEquiv>
            </TextLine>
            <TextLine id="tr_2_tl_7" custom="readingOrder {index:6;}">
                <Coords points="421,1410 3724,1377 3633,1233 421,1233"/>
                <Baseline points="442,1349 531,1343 621,1343 710,1337 800,1337 889,1337 979,1343 1069,1343 1158,1343 1248,1337 1337,1337 1427,1343 1517,1337 1606,1343 1696,1337 1785,1343 1875,1343 1965,1343 2054,1343 2144,1343 2233,1343 2323,1343 2413,1343 2502,1343 2592,1343 2681,1349 2771,1343 2861,1343 2950,1349 3040,1349 3129,1343 3219,1349 3309,1349 3398,1349 3488,1349 3577,1349 3667,1349 3733,1361"/>
                <TextEquiv>
                    <Unicode>FRED.- Pourquoi ne l'avez-vous pas fait? On ne se décide pas tout d'un</Unicode>
                </TextEquiv>
            </TextLine>
            <TextLine id="tr_2_tl_8" custom="readingOrder {index:7;}">
                <Coords points="693,1584 3530,1534 3567,1402 693,1414"/>
                <Baseline points="716,1499 806,1499 895,1499 985,1499 1075,1499 1164,1499 1254,1499 1343,1499 1433,1499 1523,1499 1612,1499 1702,1499 1791,1499 1881,1499 1971,1499 2060,1499 2150,1499 2239,1499 2329,1499 2419,1505 2508,1499 2598,1505 2687,1505 2777,1505 2867,1505 2956,1499 3046,1505 3135,1499 3225,1499 3315,1505 3404,1505 3494,1511 3577,1511"/>
                <TextEquiv>
                    <Unicode>coup... Je sais que vous avez risqué votre précieuse vie pour</Unicode>
                </TextEquiv>
            </TextLine>
            <TextLine id="tr_2_tl_9" custom="readingOrder {index:8;}">
                <Coords points="693,1748 1913,1765 2334,1658 2924,1765 2924,1625 2553,1551 693,1579"/>
                <Baseline points="716,1654 806,1654 895,1654 985,1654 1075,1654 1164,1654 1254,1654 1343,1654 1433,1654 1523,1654 1612,1654 1702,1654 1791,1654 1881,1660 1971,1660 2060,1654 2150,1660 2239,1654 2329,1660 2419,1654 2508,1654 2598,1654 2687,1654 2777,1654 2867,1660 2932,1666"/>
                <TextEquiv>
                    <Unicode>moins que cela quand vous étiez un jeune homme.</Unicode>
                </TextEquiv>
            </TextLine>
        </TextRegion>
        <TextRegion id="tr_3" custom="readingOrder {index:1;}">
            <Coords points="436,1753 3751,1753 3751,3086 436,3086"/>
            <TextLine id="tr_3_tl_1" custom="readingOrder {index:0;}">
                <Coords points="429,1889 887,1909 1052,1852 1262,1909 1633,1839 2070,1913 2210,1868 2210,1736 1080,1769 734,1753 586,1682 429,1753"/>
                <Baseline points="453,1821 519,1809 609,1803 698,1815 788,1809 878,1815 967,1815 1057,1815 1146,1815 1236,1809 1326,1809 1415,1809 1505,1809 1594,1815 1684,1809 1773,1809 1863,1809 1953,1815 2042,1809 2132,1809 2221,1809"/>
                <TextEquiv>
                    <Unicode>assurer. - Pour moins? Pour autre chose.</Unicode>
                </TextEquiv>
            </TextLine>
            <TextLine id="tr_3_tl_2" custom="readingOrder {index:1;}">
                <Coords points="425,2041 1909,2095 2557,1979 3567,2017 3658,1889 425,1901"/>
                <Baseline points="447,1971 537,1971 627,1971 716,1977 806,1971 895,1977 985,1971 1075,1971 1164,1971 1254,1965 1343,1965 1433,1965 1523,1965 1612,1965 1702,1971 1791,1965 1881,1971 1971,1965 2060,1965 2150,1971 2239,1971 2329,1971 2419,1971 2508,1971 2598,1971 2687,1971 2777,1965 2867,1971 2956,1965 3046,1971 3135,1965 3225,1965 3315,1965 3404,1965 3494,1965 3583,1965 3667,1971"/>
                <TextEquiv>
                    <Unicode>FREDERIC.- Si cela vous touche de si près - pourquoi restez-vous avec</Unicode>
                </TextEquiv>
            </TextLine>
            <TextLine id="tr_3_tl_3" custom="readingOrder {index:2;}">
                <Coords points="705,2210 784,2223 874,2190 1072,2231 1200,2173 1299,2206 1299,2058 1233,2045 1192,2074 1130,2045 915,2074 849,2041 779,2078 705,2070"/>
                <Baseline points="728,2126 818,2126 907,2126 997,2132 1087,2126 1176,2126 1266,2132 1308,2126"/>
                <TextEquiv>
                    <Unicode>votre femme?</Unicode>
                </TextEquiv>
            </TextLine>
            <TextLine id="tr_3_tl_4" custom="readingOrder {index:3;}">
                <Coords points="412,2355 3699,2351 3699,2157 2907,2074 2351,2231 412,2219"/>
                <Baseline points="436,2299 483,2293 573,2293 663,2293 752,2293 842,2287 931,2287 1021,2281 1110,2281 1200,2287 1290,2281 1379,2287 1469,2287 1558,2281 1648,2281 1738,2281 1827,2281 1917,2281 2006,2281 2096,2281 2186,2281 2275,2275 2365,2275 2454,2275 2544,2275 2634,2275 2723,2275 2813,2275 2902,2275 2992,2269 3082,2269 3171,2269 3261,2269 3350,2269 3440,2269 3530,2269 3619,2269 3709,2275"/>
                <TextEquiv>
                    <Unicode>UATTER.- Je veux vous l'expliquer. Parce que l'existence sans Adèle me</Unicode>
                </TextEquiv>
            </TextLine>
            <TextLine id="tr_3_tl_5" custom="readingOrder {index:4;}">
                <Coords points="701,2532 1992,2437 3571,2503 3604,2338 701,2367"/>
                <Baseline points="722,2454 746,2448 836,2448 925,2448 1015,2442 1105,2442 1194,2442 1284,2442 1373,2442 1463,2442 1552,2442 1642,2442 1732,2442 1821,2442 1911,2442 2000,2436 2090,2436 2180,2436 2269,2436 2359,2436 2448,2436 2538,2431 2628,2431 2717,2431 2807,2431 2896,2431 2986,2431 3076,2431 3165,2431 3255,2431 3344,2431 3434,2431 3524,2431 3613,2436"/>
                <TextEquiv>
                    <Unicode>parait un non-sens complet. Je l'aime sans espoir de guéison.</Unicode>
                </TextEquiv>
            </TextLine>
            <TextLine id="tr_3_tl_6" custom="readingOrder {index:5;}">
                <Coords points="680,2676 2004,2701 2656,2590 3526,2668 3662,2520 685,2532"/>
                <Baseline points="704,2598 710,2598 800,2604 889,2604 979,2604 1069,2598 1158,2598 1248,2604 1337,2604 1427,2598 1517,2598 1606,2598 1696,2598 1785,2598 1875,2598 1965,2592 2054,2598 2144,2592 2233,2592 2323,2592 2413,2592 2502,2592 2592,2592 2681,2586 2771,2586 2861,2586 2950,2586 3040,2586 3129,2586 3219,2586 3309,2586 3398,2580 3488,2586 3577,2586 3667,2592"/>
                <TextEquiv>
                    <Unicode>Cela arrive, Hofreiter. On n'y peut rien. Si vous saviez ce que</Unicode>
                </TextEquiv>
            </TextLine>
            <TextLine id="tr_3_tl_7" custom="readingOrder {index:6;}">
                <Coords points="693,2808 3674,2784 3740,2660 693,2664"/>
                <Baseline points="716,2759 794,2759 884,2759 973,2759 1063,2753 1152,2753 1242,2753 1331,2753 1421,2753 1511,2753 1600,2753 1690,2753 1779,2753 1869,2753 1959,2753 2048,2747 2138,2747 2227,2747 2317,2747 2407,2747 2496,2747 2586,2747 2675,2741 2765,2741 2855,2741 2944,2741 3034,2741 3123,2735 3213,2741 3303,2735 3392,2741 3482,2741 3571,2741 3661,2741 3751,2747"/>
                <TextEquiv>
                    <Unicode>J'ai essayé pour me libérer d'elle intérieurement -! Mais en vain</Unicode>
                </TextEquiv>
            </TextLine>
            <TextLine id="tr_3_tl_8" custom="readingOrder {index:7;}">
                <Coords points="705,3023 977,2948 2948,3006 3175,2907 3526,2998 3608,2990 3608,2829 705,2883"/>
                <Baseline points="728,2926 746,2920 836,2920 925,2914 1015,2908 1105,2908 1194,2908 1284,2908 1373,2914 1463,2908 1552,2914 1642,2908 1732,2908 1821,2908 1911,2908 2000,2902 2090,2902 2180,2902 2269,2908 2359,2908 2448,2902 2538,2902 2628,2902 2717,2902 2807,2902 2896,2896 2986,2896 3076,2890 3165,2890 3255,2890 3344,2890 3434,2896 3524,2896 3613,2890"/>
                <TextEquiv>
                    <Unicode>... Tout à fait en vain... Je l'aime.. malgré tout -! C'est in¬</Unicode>
                </TextEquiv>
            </TextLine>
            <TextLine id="tr_3_tl_9" custom="readingOrder {index:8;}">
                <Coords points="697,3130 1897,3163 2429,3068 2680,3126 2685,2977 701,3031"/>
                <Baseline points="722,3076 812,3076 901,3070 991,3070 1081,3070 1170,3070 1260,3070 1349,3064 1439,3064 1529,3064 1618,3064 1708,3064 1797,3064 1887,3064 1977,3064 2066,3064 2156,3058 2245,3058 2335,3064 2425,3064 2514,3058 2604,3058 2693,3064"/>
                <TextEquiv>
                    <Unicode>croyable n'est-ce pas? - Mais c'est ainsi!</Unicode>
                </TextEquiv>
            </TextLine>
        </TextRegion>
        <TextRegion id="tr_1" custom="readingOrder {index:2;}">
            <Coords points="430,3157 3709,3157 3709,5021 430,5021"/>
            <TextLine id="tr_1_tl_1" custom="readingOrder {index:0;}">
                <Coords points="408,3299 2981,3328 3666,3266 3707,3130 412,3101"/>
                <Baseline points="430,3231 483,3231 573,3237 663,3237 752,3237 842,3231 931,3231 1021,3231 1110,3225 1200,3231 1290,3231 1379,3225 1469,3225 1558,3225 1648,3225 1738,3225 1827,3219 1917,3219 2006,3219 2096,3219 2186,3219 2275,3213 2365,3219 2454,3213 2544,3213 2634,3213 2723,3213 2813,3213 2902,3213 2992,3213 3082,3207 3171,3207 3261,3207 3350,3207 3440,3207 3530,3207 3619,3207 3709,3213"/>
                <TextEquiv>
                    <Unicode>FREDERIC. - Et vous vons vengez sur moi en inventant une monstruosite?</Unicode>
                </TextEquiv>
            </TextLine>
            <TextLine id="tr_1_tl_2" custom="readingOrder {index:1;}">
                <Coords points="408,3476 1447,3390 1546,3468 2264,3377 2808,3423 2808,3299 2676,3287 412,3315"/>
                <Baseline points="436,3404 489,3398 579,3398 668,3398 758,3398 848,3392 937,3386 1027,3392 1116,3386 1206,3386 1296,3386 1385,3386 1475,3386 1564,3386 1654,3386 1744,3380 1833,3380 1923,3380 2012,3380 2102,3380 2192,3374 2281,3374 2371,3374 2460,3374 2550,3374 2640,3374 2729,3374 2819,3374"/>
                <TextEquiv>
                    <Unicode>UATTER. - Peut-être en faisant connaître une vérité.</Unicode>
                </TextEquiv>
            </TextLine>
            <TextLine id="tr_1_tl_3" custom="readingOrder {index:2;}">
                <Coords points="416,3650 1266,3567 2569,3650 3456,3542 3456,3460 3060,3406 421,3476"/>
                <Baseline points="442,3559 507,3559 597,3553 686,3553 776,3553 866,3559 955,3553 1045,3547 1134,3547 1224,3547 1314,3547 1403,3547 1493,3547 1582,3541 1672,3541 1762,3541 1851,3536 1941,3536 2030,3536 2120,3536 2210,3536 2299,3536 2389,3536 2478,3530 2568,3530 2657,3530 2747,3530 2837,3530 2926,3524 3016,3524 3105,3524 3195,3524 3285,3524 3374,3524 3464,3530"/>
                <TextEquiv>
                    <Unicode>FREDERIC.- Vous croyez vraiment à cela?... à ce duel américain...</Unicode>
                </TextEquiv>
            </TextLine>
            <TextLine id="tr_1_tl_4" custom="readingOrder {index:3;}">
                <Coords points="408,3806 845,3798 924,3748 1996,3790 2037,3658 1546,3612 412,3658"/>
                <Baseline points="436,3727 519,3721 609,3715 698,3715 788,3715 878,3715 967,3709 1057,3709 1146,3709 1236,3709 1326,3709 1415,3703 1505,3703 1594,3703 1684,3697 1773,3697 1863,3697 1953,3697 2042,3703"/>
                <TextEquiv>
                    <Unicode>UATTER. - Prouvez-moi le contraire.</Unicode>
                </TextEquiv>
            </TextLine>
            <TextLine id="tr_1_tl_5" custom="readingOrder {index:4;}">
                <Coords points="416,3992 3047,3926 3654,3847 3654,3732 421,3798"/>
                <Baseline points="442,3888 525,3882 615,3882 704,3876 794,3882 884,3876 973,3876 1063,3870 1152,3864 1242,3864 1331,3864 1421,3864 1511,3864 1600,3858 1690,3858 1779,3858 1869,3858 1959,3858 2048,3858 2138,3858 2227,3852 2317,3846 2407,3846 2496,3840 2586,3846 2675,3840 2765,3840 2855,3840 2944,3840 3034,3840 3123,3840 3213,3840 3303,3834 3392,3834 3482,3834 3571,3834 3661,3834"/>
                <TextEquiv>
                    <Unicode>FREUERIC.- Je pourrais le faire... je connais le motif du outside da</Unicode>
                </TextEquiv>
            </TextLine>
            <TextLine id="tr_1_tl_6" custom="readingOrder {index:5;}">
                <Coords points="689,4124 1720,4116 1926,4017 3612,4037 3612,3930 689,3975"/>
                <Baseline points="710,4037 752,4031 842,4031 931,4031 1021,4025 1110,4031 1200,4025 1290,4025 1379,4019 1469,4019 1558,4019 1648,4019 1738,4019 1827,4019 1917,4013 2006,4007 2096,4007 2186,4007 2275,4001 2365,4001 2454,4001 2544,4001 2634,4001 2723,4001 2813,4001 2902,3995 2992,3995 3082,3995 3171,3995 3261,3995 3350,3995 3440,3995 3530,3995 3619,4007"/>
                <TextEquiv>
                    <Unicode>Korsakow. Je sais, que... Mais qu'est-ce que je vais faire làp</Unicode>
                </TextEquiv>
            </TextLine>
            <TextLine id="tr_1_tl_7" custom="readingOrder {index:6;}">
                <Coords points="668,4289 1715,4301 2322,4206 2817,4293 2915,4239 2920,4095 2511,4033 2223,4095 2045,4021 1555,4136 668,4120"/>
                <Baseline points="692,4199 776,4199 866,4199 955,4199 1045,4193 1134,4199 1224,4193 1314,4193 1403,4187 1493,4187 1582,4181 1672,4181 1762,4175 1851,4169 1941,4175 2030,4169 2120,4169 2210,4163 2299,4163 2389,4163 2478,4163 2568,4163 2657,4163 2747,4163 2837,4163 2926,4169"/>
                <TextEquiv>
                    <Unicode>Moi, me justifier devant... vous... Vous...</Unicode>
                </TextEquiv>
            </TextLine>
            <TextLine id="tr_1_tl_8" custom="readingOrder {index:7;}">
                <Coords points="412,4425 561,4417 598,4454 779,4417 882,4462 1039,4396 1353,4445 1406,4404 1480,4421 1485,4268 1254,4293 1200,4252 940,4260 771,4305 520,4272 412,4309"/>
                <Baseline points="436,4366 501,4360 591,4366 680,4366 770,4366 860,4366 949,4366 1039,4360 1128,4360 1218,4360 1308,4354 1397,4348 1487,4348"/>
                <TextEquiv>
                    <Unicode>UATTER. - Prenez garde.</Unicode>
                </TextEquiv>
            </TextLine>
            <TextLine id="tr_1_tl_9" custom="readingOrder {index:8;}">
                <Coords points="416,4590 3518,4594 3522,4421 421,4433"/>
                <Baseline points="442,4533 483,4521 573,4521 663,4521 752,4521 842,4521 931,4521 1021,4515 1110,4515 1200,4515 1290,4509 1379,4509 1469,4509 1558,4509 1648,4503 1738,4503 1827,4497 1917,4497 2006,4497 2096,4491 2186,4485 2275,4479 2365,4479 2454,4479 2544,4485 2634,4479 2723,4479 2813,4473 2902,4473 2992,4473 3082,4473 3171,4473 3261,4467 3350,4467 3440,4467 3530,4473"/>
                <TextEquiv>
                    <Unicode>FREDERIC.- Je vous jure, que vous vous tromvez, je vous le jure...</Unicode>
                </TextEquiv>
            </TextLine>
            <TextLine id="tr_1_tl_10" custom="readingOrder {index:9;}">
                <Coords points="408,4734 2866,4701 2870,4557 412,4590"/>
                <Baseline points="430,4700 459,4694 549,4694 639,4694 728,4688 818,4688 907,4682 997,4682 1087,4676 1176,4676 1266,4670 1355,4670 1445,4670 1535,4664 1624,4658 1714,4658 1803,4658 1893,4652 1983,4652 2072,4646 2162,4646 2251,4646 2341,4641 2431,4641 2520,4641 2610,4641 2699,4635 2789,4635 2878,4641"/>
                <TextEquiv>
                    <Unicode>assur. - Sur la vertu de votre femme, n'est-ce pas?</Unicode>
                </TextEquiv>
            </TextLine>
            <TextLine id="tr_1_tl_11" custom="readingOrder {index:10;}">
                <Coords points="412,4878 751,4944 911,4883 1447,4928 1860,4858 2177,4916 2330,4858 2334,4713 416,4784"/>
                <Baseline points="436,4867 459,4856 549,4856 639,4850 728,4856 818,4850 907,4844 997,4844 1087,4838 1176,4838 1266,4838 1355,4832 1445,4832 1535,4826 1624,4826 1714,4820 1803,4820 1893,4814 1983,4814 2072,4808 2162,4808 2251,4808 2341,4820"/>
                <TextEquiv>
                    <Unicode>FRED.-  Monsieur.... (il marche sur lui).</Unicode>
                </TextEquiv>
            </TextLine>
            <TextLine id="tr_1_tl_12" custom="readingOrder {index:11;}">
                <Coords points="421,5072 3155,5019 3662,4957 3666,4784 2907,4887 425,4891"/>
                <Baseline points="447,5011 537,5011 627,5005 716,5011 806,5011 895,5005 985,4999 1075,4999 1164,4999 1254,4999 1343,4999 1433,4993 1523,4987 1612,4987 1702,4981 1791,4975 1881,4975 1971,4975 2060,4969 2150,4969 2239,4963 2329,4963 2419,4957 2508,4957 2598,4951 2687,4951 2777,4951 2867,4951 2956,4945 3046,4945 3135,4939 3225,4939 3315,4939 3404,4933 3494,4939 3583,4933 3673,4933"/>
                <TextEquiv>
                    <Unicode>WATTER.- (le prend par le bras) Restez tranquille, pas de tapage. Je</Unicode>
                </TextEquiv>
            </TextLine>
        </TextRegion>
    </Page>
</PcGts>
