4008 5256
1020 174 2965 409 Nerot. Vous recevez de la ville si tôt?
359 231 949 473 Mme MEINHOUD.
1020 389 3646 560 De la ville? non.- Je parv maintenant. J'ai seulement
359 443 587 610 FRED
1026 540 3605 714 fait ma promenade matinale. Un... tempe merveilleux...
3454 677 3635 838 nous en
1033 711 2522 902 Vous avez fait un beau voyage?
376 734 969 932 Mme MEINHOUD
1036 838 3468 1016 Oui, tres bon. Très bon. J'en suis ravi. Bon temps,
369 912 594 1070 FRED
1020 1020 3132 1184 figures intéressantes, que veut-on de plus?
1046 1194 3562 1368 J'allais oublier, j'ai un souvenir à vous transmettre.
376 1160 976 1392 Mme,MEINHOLD
996 1331 2032 1523 Un souvenir? A moi?
369 1365 624 1546 FRED
1063 1486 3568 1650 Voue allez être étonné. Un souvenir de M. von Aigner.
369 1533 969 1707 Mme MEINHOUD.
1050 1637 1794 1831 de votre mari?
369 1707 661 1855 SENIA
1056 1771 3726 1972 Oui, ce matin. Une lettre de lui est arrivée avant que je
376 1791 996 2019 Mme MEINHOUD
1056 1975 3689 2126 sorte, tout à l'heure. C'est la première, après beaucoup,
1043 2116 3692 2284 beaucoup d'années. Et dans quelques jours, il vient lui-
1053 2284 3625 2475 même. Pour une conférence avec le Ministre, me dit-il.
1063 2415 3625 2589 Oui, naturellement, à cause de la nouvelle ligne. Elle
389 2462 624 2643 FRED
1056 2599 3625 2740 sera considérable cette ligne. D'ailleurs il deviendra
1063 2720 3589 2928 peut-être Ministre un jour votre mari. C'est un homme
1063 2857 3646 3149 remarquable, un homme très remarqueble. Il a encore un
1053 3099 1714 3280 grand avenir.
1097 3230 2371 3431 Vous croyez cela vraiment?
406 3230 1023 3461 Mme MEINHOUD
1066 3401 1788 3585 Pourquoi pas?
419 3441 664 3615 FRED
1080 3498 3612 3753 Il parle aussi dans sa lettre de sa santé précaire....
429 3568 1020 3760 Mò MEINHOLD
1080 3605 3776 3907 Santé précaire!.... Il ne peut plus grimper sur les pice,
419 3756 637 3967 FRED
1080 3796 3753 4004 certainement, mais pour devenir ministre,c'est moins péni-
1070 3984 3706 4202 ble. Et les chutes sont moins dangereuses. Il n'est du
1093 4118 3686 4346 reste pas du tout malade. Il est la vitalité même. Il
1073 4246 3679 4471 nous survivra à tous. Pardon, je ne peux naturellement
1087 4417 3605 4638 parler de moi, nous ne pouvons tous parler que de
1093 4601 1720 4850 nous-mêmes...
1707 4709 2099 4913 (Il rit)
2133 4601 3525 4957 Un homme très intéressant......
