4008 5144
1776 156 2051 315 135 —
378 215 697 441 GENIA
909 248 3308 512 Est-ce qu'elle sait.... est-ce  qu'on lui a dit...?
389 404 705 597 MAUER
909 430 2533 623 Personne n'a encore eu le courage.
386 564 694 768 GENIA
894 553 3879 768 Je veux le lui apprendre. C'est mon devoir. Je vais chez elle.
386 738 634 912 FRED
905 719 3868 916 Genia.... Un instant. Quand tu reviendraa, je ne serai plus là,
886 909 3757 1109 Je ne peux pas te demander de me tendre la main, mais-disons-
890 1035 1487 1220 nous adieu.
393 1194 1283 1420 GENIA (se rappelant)
1328 1302 2974 1480 Percy arrive. Encore en ce moment.
386 1446 616 1598 FRED
909 1469 3798 1669 Percy? Je vais l'attendre encore.... Et puis... le reste....
386 1591 656 1788 GENIA
935 1613 1925 1802 que penses-tu faire?
386 1762 638 1914 FRED
898 1732 3787 1917 Je vais en ville. Je mieux c'est que je me présente moi-même.
909 1910 3809 2066 Il ne peut rien m'arriver. J'ai seulement protégé mon honneur.
898 2047 3776 2233 Peut-être on me demandera une caution... Je ne peux pas nier
1495 2181 1825 2288 intention
909 2207 2262 2403 qu'il y ait seapçon de fuite.
378 2322 645 2544 GENIA
905 2385 3101 2566 Tu penses à ça! et l'autre est là bas étendu -!
371 2511 601 2696 FRED
909 2503 3835 2689 Oui, pour lui les choses sont faciles. Pour lui tout est fini.
905 2678 3868 2878 Mais moi - je suis encore de ce monde. Et je pense vivre encore
886 2819 2782 3008 plus longtempe.... Il faut se décider...
378 2986 1643 3201 GENIA (le regarde fixement)
1632 3089 2147 3290 Allons...
2151 3101 2974 3323 (Elle veut aller)
875 3286 3809 3520 Madame Cenia... Vous ne pouvez aller seule. Permettez-moi de
360 3260 649 3483 MAUER
886 3464 1736 3646 vous accompagner.
360 3538 1513 3798 CENIA (incline la tête)
1498 3612 3026 3890 Je vous remercie, venez.
360 3772 1472 4035 MAUER et GENIA sortent
1765 3950 2459 4217 ERNA, FREDERIC
360 4143 2055 4354 FRED (reste immobile comme avant)
360 4295 1691 4514 ERNA (à la porte, immobile)
1702 4391 2552 4573 Que vas-tu faire?
920 4540 3761 4747 Quoi qu'il arrive, condamnation ou acquittement, je quitterai
345 4580 619 4773 FRED
1958 4669 2325 4788 et même
935 4710 2770 4925 certainement le pays.... le continent.
