4120 5288
1613 198 1811 421 1
1927 231 2447 475 — 108 —
821 437 3800 722 rester plus longtemps au près de ses amis, j'écris cela à mon fils
800 631 3813 916 bien-aine... seulement afin qu'il ne trouble pas mon amour, - et
821 842 3755 1036 j'écris à mon mari que Percy doit rester plus longtemps à Rich-
809 966 3714 1164 mond afin que lui-même ne revienne pas aussi vite. Et quand il
800 1102 3598 1353 arrivera aujourd'hui et te tendra la main, je serai là tout
796 1325 3800 1547 près, souriant et me félicitant de mon habileté. Trouves-tu tout
813 1473 3837 1700 cela très beau? Penses-tu - qu'on puisse avoir confiance en moi-?
796 1580 2781 1811 Je suis comme les autres, Otto, crois-moi.
508 1758 3664 1981 OTIO.- Tu n'es pas comme les autres. Personne ne peut te blâmer. Tu
788 1964 3780 2170 étais libre, toi; tu n'étais engagée à aucune fidélite. Personne
772 2055 1605 2249 ne peut te juger.
499 2170 1510 2401 GENIA. - Personne....
503 2381 3809 2579 OTTO. - Personne – Je sais à quoi tu penses. Personne. Ma mère non plus
763 2505 1638 2711 si elle le savait.
487 2670 2831 2872 GENIA.- Pourquoi n’était-elle pas là aujourd’hui?
483 2868 3800 3020 OTTO.- Parce qu'elle n'aime pas se trouver en nombreuses société. C'est
759 3029 3701 3190 le seule raison. Elle ne se doute de rien. Hier elle était ici.
751 3165 3392 3367 Pourquoi ne serait-elle pas venue justement aujourd'hui.
479 3305 3738 3516 GEMIA.- Je vais te le dire. Elle pensait que Frédéric était là. Il lui
739 3503 3610 3664 aurait été pénible...  il lui aurait éte insupportable de nous
739 3643 3648 3821 voir tous trois ensemble, toi son fils... le mari... la femme..
726 3784 3738 3969 et l'amant-- Elle craignait cela, c'est pourquoi elle n'est pas
730 3941 3276 4130 venue. Oh, je la comprends; je la comprends très bien.
450 4097 3726 4324 FREDENIC.- (parait au balcon, et parle aussitôt) Salut. Mesdames, mes-
730 4271 1069 4432 sieurs.
1044 4357 3771 4613 (Genia et Otto sont presque arrivés pendant la fin de leur
1151 4485 2467 4654 conversation sous le balcon)
429 4584 1898 4815 GENIA.- (tranquille) Frédéric!
450 4737 2100 4985 OTTO.- Bonjour, Monsieur Hofreiter.
429 4931 1712 5141 FREDERIC.- Bonjour, Otto.
