4088 5304
1901 201 2212 425 — 92 —
899 353 3877 656 et maintenant!..... Renez, Frédéric, je voudrais vous prendre
948 603 2587 759 par les cheveux et les ébouriffer.
372 728 808 941 FREDERIC
903 774 3813 910 Faites attention. Ce n'est pas nécessaire. Ecoutez Exna - je
910 888 2474 1062 veux vous demander quelque chose.
364 914 626 1233 ERNA
895 1066 1351 1218 Demandez.
387 1184 793 1362 FREDERIC
907 1206 3714 1426 Voyons - que pensez-vous de cela.... Ecoutez-moi bienl - Je
895 1396 3710 1552 suis maintenant tout à fait raisonnable. Vous savez, Erna,
899 1540 3835 1711 ce qu'est mon mariage; je n'ai pas besoin de vous en dire davan
888 1654 3779 1855 tage li dessus. La faute en est surtout à moi. A vrai dire -
869 1848 3782 2003 nous ne nous entendons pas très bien Genia et moi. Et surtout
880 1984 3574 2170 depuis la singulière histoire de Korsakow, que je vous ai
869 2117 3809 2329 racontée.... Mais mon Dieu, pourquoi tant de phrases. Je veux
865 2295 3054 2549 me séparer de Genia.... et vous épouser, Erna.
330 2341 892 2603 ERNA (rit)
338 2568 744 2766 FREDERIC
861 2523 1567 2732 Eh bien....?
338 2750 599 2974 ERNA
861 2713 3805 2925 C'est parce que voue avez dit tout à l'heure que vous étiez sur
857 2872 2766 3099 le point de commettre une betise énorme.
341 2986 736 3278 FREDERIC
854 3081 3782 3228 Ce n'en est peut-être pas une, si on prend la chose comme elle
838 3210 3843 3395 doit l’être. Je sais Erna, que vous ne m'aimerez pas éternelle-
838 3399 1112 3528 ment.
326 3513 588 3688 ERNA
831 3543 1442 3672 Et vous!s!!
319 3695 721 3870 FREDERIC
816 3612 3813 3904 Plutôt... Du reste, l'éternité! On monte l'année suivante sur
823 3873 3877 4025 une petite pointe, et c'en est fini de l'éternité. Ou bien c'est
835 4048 3714 4203 alors qu'elle commence. Pour ce que cela signifie! Je sais
835 4188 3866 4382 seulement, mais de ceci je suis bien certain, c'est que ne peux
763 4332 3817 4518 plus exister sans vous. Je meura de désir de vous, je ne pourrai
785 4496 3676 4697 plus penser à autre chose, je ne pourrai plus travailler, ni
797 4659 3737 4856 m'occuper de quoi que ce soit de sérieux, avant que.... avant
804 4784 2762 4974 que je vous ai tenue dans mes bras, Erna.
311 4943 527 5084 EReyer
