4024 5272
1909 70 2119 255 Tot
1922 370 2221 550 -124-
464 517 2772 739 Mme xxx. (vers Erna, veut se disposer à partir).
460 731 2780 936 ERNA.- (s'y refuse, s'appuie au mur de la maison)
448 928 3696 1100 Mme WaHL.- (se tourne vers Adèle, qui est assise sous le noyer et re-
1178 998 2115 1187 garde vers son mari)
443 1100 3306 1339 UATTER & STANZIDES. - (vont vers l'arrière, Mauer reste seul).
443 1257 1901 1482 FREDERIC.- (A Genia) Eh bien?
431 1421 2796 1651 CENIA. - Qu'est-ce qui te prend? Comment peux-tu...
439 1634 3564 1794 FREDERIC.- Allons, ne crains rien. Je ne lui ferai pas grand chose,
706 1766 1996 1979 probablement rien du tout.
439 1950 3540 2119 GENIA. - Pourquoi alors? S'il y avait encore la moindre chose entre
694 2061 3687 2258 nous... Si c'était de la haine... de la colère... de  la jalousie
706 2209 1523 2406 ... de l'amour...
386 2328 3683 2620 FRED RIC.- Mon Dieu, de tout cela je n'éprouve pas grand chose - Mais
682 2525 1840 2710 on ne veut pas être dupe
1860 2595 3425 2870 (Il se détourne et suit Natter et
1109 2690 1655 2862 stanzides).
419 2817 1996 3055 GENIA.- (reste en avant immobile)
419 2981 2406 3236 ERNA.- (reste appuyée au mur de la maison)
1129 3162 3039 3396 (Le regard des deux femmes se rencontre).
1692 3314 2020 3523 RIDHAU
1257 4800 1573 4973 son av
