4168 5320
1805 201 2246 460 1 + 72 -
893 376 3017 616 Elle? Hier vous m'en avez montré une autre.
399 388 798 585 (Mme Wahl
893 574 3853 730 Hier c'était une autre. Ah c'est un homme ça! Vous n'avez pas
403 581 642 760 RHON
893 714 3758 863 une idée des ravages qu'il a fait dans tout le pays? Dites-
893 874 3675 1045 moi, madame, est-ce que la ressemblance du maître d'hôtelet
874 1022 2759 1197 d'Aigner ne vous a pas encore frappée?
912 1186 3853 1338 Vous croyez? Vous pensez que ce maitre d'hôtel est son fils?
414 1163 779 1376 Mme W.-A.H.
893 1322 3747 1535 Son neveu pour le moins - C'est même un oncle à qui ses soi-
403 1341 600 1577 RHON.
885 1497 2147 1691 disant neveux ressemblent.
923 1645 3762 1828 Vous êtes en humeur de faire des mots d'esprit! Ils auraient
403 1581 802 1847 Kne WABL
904 1801 3762 1976 dû être là pour le lunch, et maintenant il est cinq heures et
893 1991 3492 2147 demie. Je me reproche de ne pas les avoir accompagnés.
912 2079 3595 2314 Vous avez tort, madame. Qu'auriez-vous pu faire pour les
429 2117 642 2326 HON
904 2291 3849 2451 sauver? Nous aurions seulement une victime de plus à pleurer.
897 2459 3884 2614 Vos plaisanteries sont odieuses. Vous semblez oublier que votre
433 2428 775 2645 2)  järjestän
897 2622 3751 2782 femme y est aussi. Comment peut-on abandonner sa femme ausei
885 2766 1440 2949 longtemps 7
904 2922 3853 3108 Vous savez madame Wahl que je n'aime pas les ascensions. Il me
437 2892 627 3131 HON
893 3105 3732 3257 manque le talent—pour les choses pratiques je veux dire. Et
904 3215 2272 3416 ensuite j'écris une tragédie.
467 3390 703 3561 INGNER
771 3371 1642 3557 (revient vers eux)
885 3523 3762 3678 Ils doivent certainement etre revenus maintenant, au moins ma
448 3553 627 3792 HON
889 3697 3815 3884 femme. J'ai l'habitude d'être accueilli par elle à ma rentrée
885 3887 3857 4062 dans la vue quotidienne. Nous passons les entr'actes ensemble.
897 4009 2147 4226 Le plus souvent au laisset.
471 3971 718 4188 GENER
475 4172 2390 4416 ION (lui tapant sur l'épaule amicalement)
2428 4188 3868 4431 Oui,oui, Directeur. Dites-moi
904 4408 3523 4598 est-ce que vraiment c'est dangereux cet Hofbrandhütte!
893 4564 3948 4773 Je le disais justement tout à l'heure : c'est une promenade. J’ai
471 4549 745 4739 AGNER
893 4685 2478 4879 encore confiance à Hofbrandhütte.
