4008 5160
1921 117 2177 329 134
362 215 610 468 FRED
939 223 3652 511 Nous avons eu un comest royal, je ne suis pas un aessein.
931 431 2093 628 Pourquoi, pourquoi......
369 438 657 621 GENIA
362 595 599 789 FRED
924 606 3693 818 Pourquoi -? Probablement... parce que cela m'a plu ainsi.
924 760 3769 950 Ce n'est pas vrai! Ne te fais pas plus terrible que tu n'es.
340 756 636 939 GENIA
928 924 3780 1114 Tu ne l'as pas voulu. Cela a été un accident affreux!...  Tu
924 1096 2969 1267 ne l'as pas voulu... ce n'est pas vrai....
362 1231 606 1417 FRED
924 1227 3645 1457 Dès l'instant qu'il a été en face de moi, cela a été vrai.
354 1395 628 1618 CENIA
924 1384 3769 1574 Monstre! Et tu as serré la main à sa mère. Tu ne l'as jamais
917 1556 3853 1724 détesté et tu le tues tout de même. Scélérat, affreux scélerat.
329 1585 584 1947 FRED
920 1746 3777 1914 Ce n'est pas si simple que cela. Tu ne peux pas voir en moi?
924 1881 3769 2067 Personne ne le peut. La pauvre Madame Weinhold me fait de la
909 2045 3791 2250 peine. Et aussi mon bon vieux M. von Aigner. Mais je ne peux
917 2206 3744 2363 rien pour eux. Non. Pour toinon plus. Pour lui non plus, ni
917 2352 2272 2538 pour moi. Cela devait être.
332 2392 628 2707 CENIA
880 2480 1830 2699 Cela devait être? -
343 2670 570 2853 FRED
917 2648 3766 2853 Quand il a été en face de moi avec son jeune regard provocant
899 2805 2308 3002 j'ai compris.... lui ou moi.
917 2933 3382 3127 tu mens; il n'aurait pas fait de même... lui non....
321 2911 625 3123 CENIA
906 3119 3751 3298 Tu te trompes. C'était à la vie ou à la mort. Il le voulait
329 3101 566 3291 FRED
899 3240 3751 3452 aussi bien que moi. Je l'ai vu dans ses yeux, comme lui dans
891 3426 2403 3620 les miens. Lui.... ou moi....
325 3503 1921 3780 ERNA & MAUER (viennent du jardin)
325 3722 1885 3886 ERNA (reste immobile à la porte)
321 3879 2750 4083 MAUER (va vivement vers Genia et lui serre la main).
888 4003 2319 4222 Tiens Mauer, tu est déjà là?
303 4058 555 4215 FRED
851 4200 2630 4361 Je n'avais plus rien à faire là bas.
303 4193 628 4379 MAUER
840 4328 1786 4562 Ob est son corps?
307 4354 617 4551 GENIA
888 4529 1483 4752 On l'apporte
296 4522 632 4704 MAUER
891 4704 1085 4880 Ou!
321 4683 628 4854 GENIA
1151 4723 1319 4872 dans les
888 4829 1527 4993 Chez sa mère.
321 4843 581 5011 MAUER
