3576 5256
1420 221 1737 367 - 32 -
1187 292 1853 491 DEUXIEME ACTE
837 558 2857 725 ( Villa Hofreiter; le jardin qui y confine)
408 691 3178 879 Derrière la maison à gauche. Porte qui conduit directement
96 766 3382 929 ans le jardin. A droite et à gauche de la porte, deux fenêtres en par-
104 908 3224 1008 ie ouvertes. Un petit balcon au premier étage. Pelouse au milieu.
112 987 3357 1104 lus loin à droite un grand noyer; desous: banc, chaises table. Plus
104 1083 3265 1179 oin vers l'arrière au milieu un bouquet d'arbres qui cache en partie
112 1154 3403 1258 n terrain de tennis tout à fait dans le fond. Un haut pillage entoure
104 1241 3107 1333 e terrain. En dehors de la grille, à droit et à gauche, un banc,
83 1304 3432 1433 eux petits bancs de chaque côté de la porte de la maison, sous les fenê-
79 1370 1179 1524 res du rez-de-chaussée.
400 1504 1862 1683 Jour d'été chaud et ensoleillé.
137 1670 396 1808 GENIA
471 1662 3236 1828 (sous le noyer en robe claire. Un livre dans la main mais
125 1758 983 1912 elle ne lit pas ).
458 1870 3349 2016 (Une partie est commencée sur le terrain de tennis. A gauche
125 1983 3444 2099 Frédéric Hofreiter et Adèle Natten, à droite Erna Wahl et Paul Kreindl.
137 2074 3220 2170 On devine les costumes blancs, mais on ne peut pas reconnaître les
142 2141 3386 2270 joueurs. De temps en tempe en entend : “Fifteen, thirty, fourty, out,
121 2224 1162 2378 deuce, second”.. etc).
466 2320 3307 2495 (Bientôt après le lever du rideau arrive Otto von Aigner, en
121 2466 3207 2557 Hervil cette fois, en costume de tennis et chapeau panama; il a une
112 2536 3261 2641 raquette en mains; il vient de derrière la maison et se dirige vers
121 2616 3307 2707 le tennis. Il aperçoit Genia qui a entendu ses pas et va vers elle.
112 2686 2087 2845 Elle le salue d'un aimable signe de tête).
92 2795 1924 2999 9. Bonjour Madame - Voue ne jouez pas?
104 2965 3024 3140 IA. Comme vous voyez, lieutenant. Il sont trop forts pour moi.
104 3145 2703 3361 (Une balle passe devant Otto qui la renvoie prestement).
121 3353 1741 3528 VOIS DU TERRAIN DE TENNIS. Merci!
108 3515 3295 3699 o. Ce ne sont pas tous des maîtres... exception faite de votre mari
121 3669 3303 3853 naturellement. Excusez-moi Madame de vous avoir dérangée dans votre
108 3798 2653 3978 lecture.... (Il fait le geste d'aller vers le diunis).
112 3948 3265 4186 1A. Vous ne me dérangez pas du tout, J'ai bien essayé de lire mais
108 4119 1878 4319 je sommeillais plutôt. Cet air......
108 4273 3311 4469 O. Oui, il fait bien chaud. Mais quels beaux joursi C'est maintenant
108 4419 2353 4623 qu'on peut vraiment jouir de nos belles forêtet
