3736 5272
1742 209 2046 434 — 58 —
421 426 3472 595 dire autrement.... cela passera certainement... avec le temps...
426 587 3415 756 dans la montagne.... et quand nous serons loin l'un de l'autre,
417 730 3463 965 pendant quelques semaines. Mais maintenant c'est ainsi et je n'y
417 899 3376 1095 peux rien..... oui, ma chère Genia.... je suis ainsi fait....
421 1069 1964 1264 D'autres seraient autrement.....
109 1199 721 1386 NIA (se tait)
113 1373 2394 1560 EDERIC J'espère que tu n'a pas trouvé mauvais que
2381 1369 3380 1569 je te dise tout cela
1864 1464 2394 1586 Pailleurs
400 1499 3363 1729 aussi clairement-sur ta demande, plus elairement que je ne l'ai
421 1621 1529 1851 sans doute ressenti....
100 1825 278 2055 NIA
400 1781 2316 2042 C'est tout de même resté vrai, Frédéric.
973 1999 2629 2242 (les autres s'approchent peu à peu)
130 2142 700 2364 d’abord)
682 2159 3559 2377 Excuse-moi Frédéric, il est grand temps. J'ai encore beaucoup
404 2377 3267 2559 à faire en ville.... Tu pourrais peut-être venir par un autre
404 2524 1473 2716 tain, plus tard......
91 2646 1716 2872 EDERIC Je suis tout à fait prêt....
1760 2776 2212 2937 (appelant
2199 2842 3337 3033 Allons Kathi, vite! Mon
382 2946 3398 3146 pardessus et ma petite valise jaune qui est sur le divan dans ma
387 3150 813 3333 chambre
78 3311 352 3506 e Wahm.
391 3267 2429 3563 Eh bien bon voyage et sans doute à bientôt.
382 3472 1225 3676 Au Völser Weiher.
78 3602 3463 3832 e WaHL savez-vous ce qui serait gentil madame Genia? Ce serait de venir
387 3776 695 3958 aussi.
382 3915 1273 4119 Oui, madame Genia!
52 4097 243 4289 NIA.
378 4093 3028 4328 Malheureusement cela ne se peut pas: Percy doit arriver
70 4228 1264 4449 EDERIC Mais pas de si tôt
1260 4315 1703 4562 (a Mauer)
1725 4289 3385 4567 Quand devons-nous être de retour!
52 4554 248 4766 UER
369 4532 1899 4736 Dans huit ou dix jours je pense.
65 4727 3559 4949 EDERIC Mais oui, Genia, ce serait vraiment une idée. Tu devrais te décider
