3528 5256
1345 156 1626 333 - 36 -
93 419 619 582 (à Genia)
615 530 2753 711 Eh bien quand Percy revient-il Madame Genia?
337 604 3149 845 Il doit être là dans quinze jours. Il faudra alors que vous
348 778 2438 967 ameniez une fois vos enfants, n'est-ce pas?
348 934 3290 1174 Très volontiers, si vous le permettez, et si votre grand garçon
345 1071 2149 1323 daigne encore jouer avec des glibes.
215 1252 3034 1452 (Le Dr Mauer arrive avec Stanzides en uniforme. Salutations)
89 1386 819 1689 1. (à Stanzides)
848 1519 3201 1741 Nous sommes très heureux de vous revoir parmi nous
89 1626 1326 1867 ERIC. Comment va le bras?
356 1790 3334 1967 Merci de votre sollicitude. Mon éminent docteur vient justement
89 1856 322 2041 ZIDES
345 1978 3294 2171 de me le passer pour la dernière fois... (il met amicalement le
348 2141 1623 2360 bras sur l'épaule de Mauer)
1682 2223 3331 2408 Mais pour le tennis il n'y a encore
326 2364 1019 2542 Dien à faire.
315 2534 1212 2694 Cela viendra aussi.
85 2668 730 2897 ZIDES (à Adèle)
808 2742 3249 2938 Vous êtes prête à la lutte madame? Je viens d'avoir
296 2894 2627 3057 le plaisir de rencontrer votre mari dans le parc.
348 3094 3234 3242 Eh bien Mauer, que deviens-tu, on ne te voit plus. Je croyais
89 3075 289 3238 ERIC
337 3227 2230 3435 même que tu étais déjà partien montagne
333 3383 3305 3542 Je viens justement pour prendre congé de tous. Je pars demain.
341 3561 685 3705 Pour—?
333 3649 3042 3820 Pour Toblach. De là je ferei une tournée par les cola de
345 3853 1308 4038 Falzarego - PordoI -
107 4013 1226 4194 ERIC. Emmène-moi Mauer?
348 4157 1856 4346 Oui, le peux-tu et le veux- tu?
82 4316 278 4513 ERIO
363 4309 2719 4472 Pourquoi ne le pourrai-je pas...? Tu para demain?
345 4453 1841 4650 Dans la matinée; par l'express.
148 4635 589 4846 (à Mauer)
615 4624 3264 4902 Et quand aurons-nous le plaisir de vous saluer au Völser
282 4828 708 5050 Weiher?
