3576 5240
1398 238 1641 485 -28-
119 477 3103 691 UL.- Pour savoir si vous ne voudriez pas venir aussi entendre la
282 616 759 798 musique?
107 779 3023 949 MIA.- Merci bien, mais nous avons un ami à dîner, le Dr Mauer.
127 910 2117 1088 IL.- Eh bien, amenez-le avec vous, madame!
111 1069 2058 1259 KDERIC. - Vous restez longtemps au casiono.
139 1224 1394 1422 Jusqu'à la fermeture.
119 1374 3079 1549 EDERIC.- Eh bien, - nous irons peut-être... sans vous promettre.
131 1561 2213 1752 MIA.- Nous vous remercions bien, en tous cas.
119 1708 3126 1907 L. - Je vous en prie. Nous serons tous très heureux de vous voir.
250 1867 3182 2030 Mes hommages madane, au revoir M. Hofreiter; excusez-moi pille
262 2010 1561 2205 fois de vous avoir dérangés
1561 2006 2022 2240 (II sort)
818 2260 2888 2439 FREDERIC et HENIA (dans le jardin - silence)
127 2364 3091 2634 KDERIC.- Je veux te poser la question d'une autre manière: si tu
270 2558 3079 2781 pouvais par là le rendre à la vie, serais-tu prête à devenir
262 2697 961 2872 sa maîtresse?
115 2848 1084 3043 IA.- Je ne sais pas.
115 3007 3091 3230 ADARIC.- Tu oublies ce que tu as dit tout à l'heure. "Il n'était
318 3214 3214 3357 malheureusement pas mon amant". Cela signifie je pense que si
250 3305 3273 3480 tu ne l'étais pas, tu n'aurais pas tardé à le devenir. Et mainte-
234 3448 3126 3631 nant tu doutes que tu fusses devenue sa maftresse, même si tu
258 3615 3134 3778 pouvais par là le ramener à la vie... Pourquoi ne veux-tu pas
258 3770 3246 3953 en convenir? Il aurait dû prendre patience encore quelques jours
246 3921 1521 4100 et alors.... Tu l'as aimé.
119 4076 1494 4255 IA. - Pas assez comme tu vois,
115 4195 2677 4477 DERIC.- Tu sembles me le reprocher... Je n'y peux rien.
103 4441 1768 4592 IA. - Cela me concerne, Je le sainé.
95 4560 3230 4819 EDERIO.- Et maintenant tu te reproches... de l’avoir.. pousse à la
211 4692 556 4882 mort?
91 4803 3285 5057 MIA.- Sa mort me fait beaucoup de peine. Mais pour me reprocher quel-
