3544 5256
1227 139 1553 293 - 33 -
118 285 2670 497 Vous avez fait une longue promenade aujourd'hui?
82 457 3290 677 TO. Oui; nous sommes allés tantôt avec ma mère jusqu’à la Chapelle de
143 611 607 758 la Forêt.
65 681 3159 966 MIA. Elle doit être bien heureuse de vous avoir maintenant auprès
143 942 522 1056 d'elle.
94 962 3249 1231 10. Moi aussi, d'autant plus que c'est ma dernière permission d'ici
159 1219 3196 1366 longtemps. Je suis désigné sur un bateau qui part pour trois ans
130 1386 1178 1537 dans les mers du Sud.
106 1496 1353 1708 NIA. (conventienhelle) oh!
90 1696 3326 1867 TO. Notre bateau est attaché par le Ministère de la Guerre à une expé-
143 1810 1129 2010 dition scientifique.
102 1948 3147 2181 MIA. Vous vous occupez certainement dans vos moments de liberté de
155 2173 1904 2303 toutes espèces d'études, lieutenant?
77 2328 1908 2474 TO. Pourquoi croyez-vous cela madame?
86 2429 3355 2674 MIA. Je ne puis pas croire que la vie militaire puisse suffire en elle-
143 2601 1239 2804 même à vous satisfaire.
94 2711 721 2963 (souriant)
803 2780 3253 3016 Voulez-vous me permettre de vous faire remarquer que
155 3012 3383 3143 nous avons, dans la marine, à nous occuper de toutes sortes de choses
159 3135 2788 3310 qui peuvent, sans prétention, passer pour scientifiques.
114 3338 3310 3501 IA. Naturellement - Je n'en doute pas. Je voulais seulement dire que
147 3493 3224 3705 que deviez vous intéresser à autre chose encore en dehors de votre
143 3640 697 3779 profession.
114 3701 3249 3978 10. Il ne reste pas beaucoup de temps pour cela. Dans le voyage que
143 3930 3237 4093 j'ai en respective j'espère pouvoir prendre une connaissance plus
159 4068 3237 4268 approfondie d'une question dont je me suis occupé jusqu'ici un peu
147 4260 3159 4398 en amateur.... L'expédition à laquelle nous allons prendre part
126 4374 3131 4574 est équipée pour faire des recherches sous-marines; et comme je
155 4545 3310 4765 suis très lié avec un des aasistants....... Oh, voici Mme de Wahl.
