4072 5272
1812 208 2121 417 - 96 —
1620 389 2361 609 QUATRIEME ACTE
1191 557 3764 786 (Même décor qu'au second acte - Après-midi ensoleillee)
1203 746 3792 910 (Sous le noyer les deux effants de Mue Natter, une peti¬
1187 858 3644 986 te fille de neuf ans et un petit garçon de sept ans,
1175 918 3800 1098 avec leur miss, qui leur montre des imagres dans un livre
1199 1034 3748 1255 (Sortent de la maison l'un après l'autre Genia, Natter,
1179 1163 3728 1379 Mme Wahl, Demeter Stanzides, Gustave, Paul, Erna, Otto,
1171 1251 2036 1411 Mme Adèle Natter).
473 1307 3540 1543 NATTER.- Le dîner en l'honneur du retour de notre cher hôte était
734 1499 3656 1708 merveilleusement réussi. C'est dommage seulement qu'il n'y ait
730 1620 1840 1800 pas pris part lui-même.
449 1780 2674 1976 GENIA.- Il a probablement été retenu à l'usine.
437 1952 3528 2217 UATTER.-Ce n'est pas étonnant après une absence de trois semaines'
449 2089 2758 2309 Mme VABL.- Avez-vous téléphoné au Bureau, Genia?
453 2265 3672 2485 GENIA.- Je n'avais aucune raison de le faire, je l'attendais sûrement
702 2413 3548 2642 pour didi, d'après son télégramme d'Innsbruck qui est arrive
694 2614 2730 2782 hier (Elle est maintenant près des enfants)
2710 2626 3704 2886 Est-ce que les images
710 2778 1583 3027 vous plaisent?....
417 2950 1351 3163 LES ENFANTS.Oh oui.
417 3143 3524 3351 GENIA.- Il faudra demander à votre maman qu'elle vous amèhe encore
690 3311 3596 3488 dimanche prochain. Percy sera arrivé. Allons que va-t-on faire
677 3435 1251 3648 maintenant?
421 3620 3584 3816 GUSTAVE.- Enfants, je vais vous montrer un jeu merveilleux que font
665 3780 3612 3969 les petits hindous sur la rive du Gange. Essayons un peu. S'il
677 3941 3676 4117 vous plait, mademoiselle, donnez-moi votre ombrelle. Meroi bien.
665 4073 3608 4257 d'abord je trace trois cercles concentriques dans le sable, le
641 4221 3632 4490 premier a un mètre de diamètre, l'autre 75 centimètres, le plus
645 4446 1724 4618 petit 50 centimètres.
1716 4454 3636 4674 Aux autres qui se sont rapprochés et qui
1046 4574 2862 4819 rient; à Mme Wahl, Paul, Adèle, Genia,
2882 4662 3632 4843 Vous savez, les
609 4734 3704 5003 petits hindous roussissent cela avec une précision mathemathique,
