3608 5272
1377 253 1642 459 -31-
293 407 1634 597 chose de raisonnable de toi.
87 578 3177 771 REDERIC.- Je ne sais pas si cela peut passer pour quelque chose de
289 716 3212 859 particulièrement raisonnable.. ah, Dieu, Mauer, que la vie est
293 855 3248 1009 une Organisation compliquée!... Mais interessante... très inter
289 1005 748 1199 ressance!
115 1124 3125 1333 UER.- Que voulais-tu dire tout à l'heure par l'accroissement des
289 1313 1401 1531 chances d'apparitions?
111 1476 3284 1697 REDERIC.- Ah oui.- Eh bien, quelle raison penses-tu attribuer au sui-
305 1626 3102 1804 cide de Korsakow? - Devines un peu!! - Un amour malheureux -
293 1824 3339 1970 pour ma femme. Hein, qu'en dis-tu?! Un amour malheureux!... c'est
407 1907 981 2002 les choses exèdent
281 1954 3189 2089 comme ça... Il a laissé une lettre qu'elle m'a donné à lire...
277 2140 3272 2342 une lettre bien remarquable... et pas mal écrite du tout... pour
277 2295 748 2457 us Russe!
91 2409 3232 2623 ENIA.- (vient avec son chapeau. On entend de nouveau la musique plus
700 2536 1408 2702 distinctement).
1436 2627 3197 2754 Me voilà. Eh bien, je peux maintenant
281 2758 3106 2928 vous le dire, cher docteur: c'est seulement pour vous que je
277 2900 2995 3046 laisse notre bon dîner sur la table. Erna est au casino...
313 3074 3216 3216 Ah, Erna?! (A Mauer) Oui, c'était ça. Allons, mon petit Mauer,
281 3197 3173 3371 tiens-toi bien. Je te la souhaite. Bien qu'elle me considère,
277 3391 3185 3553 il parait, comme un gredin sans coeur et ne croit pas possible
265 3509 1476 3703 que la mort d'un ami....
688 3691 2932 3842 (Ils sortent du jardin et s'en vont par la rue)
1420 3842 1737 3976 RIDEAU
