3672 5288
1406 171 1719 331 - 53 —
565 328 3402 608 L'ennique revanche pour une injustice.... que quelqu'un a pu
557 561 1512 754 nous faire un jour.
568 718 3413 900 Mais être éternellement injuste à cause d'une.... injustice
568 863 1923 1085 passée - n'est-ce pas trop?
605 1042 914 1242 (amère)
80 1005 572 1253 le MEINHOLD
932 1089 3406 1238 Il y a des choses qui ne sont jamais du passé. Et il
568 1220 2557 1432 y a des coeurs dans lesquels rien ne passe
2604 1257 3001 1504 silence
3052 1351 3351 1537 Eet-ce
605 1555 3278 1716 que cela vous parait tragique aussi, chère Madame Genia?
590 1686 3326 1916 Vous vous dites peut-être- "quelles histoires ne raconte là
601 1894 3358 2025 cette vieille comédienne, Que veut-elle? Elle est depuis
583 2022 3384 2171 une éternité séparée de son mari, elle a ensuite, parait-il
586 2189 3289 2346 arrangé sa vie selon son bon plaisir... elle n'a pas à se
583 2317 3362 2513 plaindre là-dessus.... que veut-elle? N'est-ce pas madame
594 2488 1839 2681 Genia, vous pensez cela?
372 2644 1249 2830 (un peu embarrasée)
91 2641 251 2819 NIA.
1304 2681 3322 2921 Personne ne peut contester que vous avez le
594 2932 2448 3078 droit de vivre comme il vous plait.....
605 2976 3391 3184 naturellement, j'ai ce droit; c'est une autre question. Et
95 3009 576 3220 de MEINHOUD.
601 3194 3420 3358 je ne veux pas chercher à persuader qui que ce soit que j'ai
594 3329 3453 3530 encore la moindre douleur de cette vieille histoire
601 3508 3377 3653 ou de la rancune! - Non. Seulement je n'ai pas - OUBLIE...
590 3657 3431 3825 c'est tout. Je ne dis pas davantage. Mais pensez seulement
590 3821 3275 4036 à tout ce que j'ai oublié depuis: Des choses joyeuses ou
601 3952 3435 4171 tristes.... oubliées - comme si elles n'avaient jamais étél
594 4134 3519 4356 Et précisément ce que m'a fait mon mari il y a plus de 20 ans,
594 4262 3377 4495 cela non, je ne l'ai pas oublié.... Il faut bien que cela
605 4422 3453 4615 signifie quelque chose. Sans haine, sans douleur, j'y pense
605 4611 3493 4797 je la sais seulement - c'est tout! Mais je le sais, comme au
601 4757 3479 4983 premier jour - c'est aussi clair, aussei féviter ausei irrévoca¬
