<?xml version="1.0" encoding="UTF-8" standalone="yes"?>
<PcGts xmlns="http://schema.primaresearch.org/PAGE/gts/pagecontent/2013-07-15" xmlns:xsi="http://www.w3.org/2001/XMLSchema-instance" xsi:schemaLocation="http://schema.primaresearch.org/PAGE/gts/pagecontent/2013-07-15 http://schema.primaresearch.org/PAGE/gts/pagecontent/2013-07-15/pagecontent.xsd">
    <Metadata>
        <Creator>prov=READ-COOP:name=TrHtr:version=2.1.0:model_id=51170:date=15_08_2023_06:52</Creator>
        <Created>2023-05-10T15:30:37.312+02:00</Created>
        <LastChange>2023-08-15T06:52:41.356+02:00</LastChange>
        <TranskribusMetadata docId="1428916" pageId="55434361" pageNr="45" tsid="132841209" status="IN_PROGRESS" userId="64420" imgUrl="https://files.transkribus.eu/Get?id=PMVKWGLKAJWLEZWBTYOCIILU&amp;fileType=view" xmlUrl="https://files.transkribus.eu/Get?id=QSUVOYFRWIULBBTDRXNKXGFX" imageId="44708351"/>
    </Metadata>
    <Page imageFilename="1428916_0045.jpg" imageWidth="3672" imageHeight="5272">
        <ReadingOrder>
            <OrderedGroup id="ro_1711801762005" caption="Regions reading order">
                <RegionRefIndexed index="0" regionRef="tr_3"/>
                <RegionRefIndexed index="1" regionRef="tr_1"/>
                <RegionRefIndexed index="2" regionRef="tr_2"/>
            </OrderedGroup>
        </ReadingOrder>
        <TextRegion id="tr_3" custom="readingOrder {index:0;}">
            <Coords points="113,218 3271,218 3271,1580 113,1580"/>
            <TextLine id="tr_3_tl_1" custom="readingOrder {index:0;}">
                <Coords points="1727,349 1772,334 1791,353 1806,338 1840,360 1885,342 1919,372 1941,349 1998,357 1998,210 1964,222 1915,218 1889,203 1874,210 1832,176 1799,188 1772,173 1716,195"/>
                <Baseline points="1743,268 1832,274 1922,280 2012,286 2018,280"/>
                <TextEquiv>
                    <Unicode>- 44 -</Unicode>
                </TextEquiv>
            </TextLine>
            <TextLine id="tr_3_tl_2" custom="readingOrder {index:1;}">
                <Coords points="2561,484 2628,484 2647,507 2666,514 2677,507 2689,518 2726,511 2734,345 2700,353 2666,338 2636,312 2617,327 2568,327"/>
                <Baseline points="2585,447 2644,441 2734,441"/>
                <TextEquiv>
                    <Unicode>1,1</Unicode>
                </TextEquiv>
            </TextLine>
            <TextLine id="tr_3_tl_3" custom="readingOrder {index:2;}">
                <Coords points="488,567 1006,616 1265,582 1329,627 1397,578 1938,605 1938,507 1832,473 1427,432 1100,492 488,439"/>
                <Baseline points="507,537 597,537 686,537 776,537 865,537 955,537 1044,537 1134,537 1223,531 1313,537 1403,537 1492,531 1582,531 1671,531 1761,537 1850,543 1940,543 1946,543"/>
                <TextEquiv>
                    <Unicode>Nous allions précisément.....</Unicode>
                </TextEquiv>
            </TextLine>
            <TextLine id="tr_3_tl_4" custom="readingOrder {index:3;}">
                <Coords points="499,747 3180,725 3120,597 499,612"/>
                <Baseline points="519,704 591,704 680,710 770,710 859,710 949,710 1038,710 1128,710 1217,710 1307,710 1397,710 1486,710 1576,704 1665,704 1755,710 1844,710 1934,710 2024,710 2113,710 2203,704 2292,704 2382,704 2471,698 2561,698 2650,698 2740,698 2830,692 2919,692 3009,692 3098,692 3188,686"/>
                <TextEquiv>
                    <Unicode>Volontiers....... Est-ce que le capitaine Sranzides est</Unicode>
                </TextEquiv>
            </TextLine>
            <TextLine id="tr_3_tl_5" custom="readingOrder {index:4;}">
                <Coords points="94,807 128,800 192,826 229,800 267,822 285,811 342,819 342,623 289,627 270,608 207,623 165,608 94,612"/>
                <Baseline points="113,710 202,716 292,710 352,716"/>
                <TextEquiv>
                    <Unicode>CATTER</Unicode>
                </TextEquiv>
            </TextLine>
            <TextLine id="tr_3_tl_6" custom="readingOrder {index:5;}">
                <Coords points="499,943 575,916 728,943 800,901 864,931 984,909 1051,935 1051,781 856,777 830,804 770,811 627,759 578,800 499,804"/>
                <Baseline points="519,865 525,865 614,865 704,865 794,865 883,865 973,859 1062,859"/>
                <TextEquiv>
                    <Unicode>encore là?</Unicode>
                </TextEquiv>
            </TextLine>
            <TextLine id="tr_3_tl_7" custom="readingOrder {index:6;}">
                <Coords points="98,1036 188,1048 222,1081 312,1044 360,1070 383,1059 439,1070 443,935 394,946 315,931 304,943 267,916 225,950 169,920 101,931"/>
                <Baseline points="119,1026 185,1026 274,1026 364,1020 453,1014"/>
                <TextEquiv>
                    <Unicode>EDERIC</Unicode>
                </TextEquiv>
            </TextLine>
            <TextLine id="tr_3_tl_8" custom="readingOrder {index:7;}">
                <Coords points="503,1115 627,1044 811,1078 939,1040 1040,1093 1153,1059 1386,1081 1416,1074 1416,950 1168,897 1040,935 939,916 882,954 830,912 736,980 578,916 499,954"/>
                <Baseline points="519,1020 608,1020 698,1020 788,1020 877,1020 967,1020 1056,1020 1146,1020 1235,1020 1325,1020 1415,1026 1426,1020"/>
                <TextEquiv>
                    <Unicode>Oui, naturellement.</Unicode>
                </TextEquiv>
            </TextLine>
            <TextLine id="tr_3_tl_9" custom="readingOrder {index:8;}">
                <Coords points="499,1243 2152,1265 2306,1198 2613,1228 2696,1202 2700,1100 499,1111"/>
                <Baseline points="519,1170 555,1176 644,1170 734,1176 823,1170 913,1170 1003,1170 1092,1170 1182,1176 1271,1176 1361,1176 1450,1176 1540,1176 1629,1176 1719,1176 1809,1176 1898,1176 1988,1176 2077,1176 2167,1170 2256,1170 2346,1170 2435,1170 2525,1170 2615,1164 2704,1164"/>
                <TextEquiv>
                    <Unicode>Je veux l'inviter à aller avec mous au théâtre.</Unicode>
                </TextEquiv>
            </TextLine>
            <TextLine id="tr_3_tl_10" custom="readingOrder {index:9;}">
                <Coords points="101,1269 199,1258 229,1277 278,1258 353,1258 349,1093 293,1089 259,1104 225,1074 169,1111 135,1093 98,1096"/>
                <Baseline points="119,1182 208,1182 298,1182 358,1188"/>
                <TextEquiv>
                    <Unicode>JATTER</Unicode>
                </TextEquiv>
            </TextLine>
            <TextLine id="tr_3_tl_11" custom="readingOrder {index:10;}">
                <Coords points="2707,1258 3120,1254 3120,1111 3049,1119 2993,1070 2955,1104 2895,1123 2869,1108 2828,1123 2779,1115 2737,1149 2707,1145"/>
                <Baseline points="2728,1229 2818,1229 2907,1229 2997,1235 3086,1229 3128,1229"/>
                <TextEquiv>
                    <Unicode>(A Adèle)</Unicode>
                </TextEquiv>
            </TextLine>
            <TextLine id="tr_3_tl_12" custom="readingOrder {index:11;}">
                <Coords points="499,1416 3263,1374 3263,1254 499,1280"/>
                <Baseline points="519,1325 585,1331 674,1325 764,1331 853,1325 943,1325 1032,1325 1122,1331 1212,1325 1301,1331 1391,1325 1480,1331 1570,1331 1659,1331 1749,1331 1838,1325 1928,1325 2018,1325 2107,1325 2197,1325 2286,1325 2376,1325 2465,1319 2555,1319 2644,1319 2734,1319 2824,1319 2913,1319 3003,1319 3092,1319 3182,1313 3271,1307"/>
                <TextEquiv>
                    <Unicode>Si tu n'y vois pas d'inconvénient. J'ai pris une loge pour</Unicode>
                </TextEquiv>
            </TextLine>
            <TextLine id="tr_3_tl_13" custom="readingOrder {index:12;}">
                <Coords points="499,1551 1021,1607 1220,1510 1288,1547 1416,1517 1596,1543 1596,1423 1532,1408 1074,1434 1018,1389 841,1419 725,1386 499,1416"/>
                <Baseline points="519,1498 531,1498 620,1498 710,1498 800,1498 889,1492 979,1492 1068,1492 1158,1492 1247,1492 1337,1498 1426,1492 1516,1492 1606,1486"/>
                <TextEquiv>
                    <Unicode>aujourd'hui à l'Arène"</Unicode>
                </TextEquiv>
            </TextLine>
            <TextLine id="tr_3_tl_14" custom="readingOrder {index:13;}">
                <Coords points="1607,1603 2122,1622 2332,1570 2696,1615 2918,1566 3042,1603 3012,1476 2407,1479 2336,1431 1908,1498 1611,1408"/>
                <Baseline points="1629,1564 1707,1570 1797,1570 1886,1570 1976,1570 2065,1570 2155,1564 2244,1564 2334,1564 2424,1564 2513,1564 2603,1564 2692,1564 2782,1558 2871,1558 2961,1558 3050,1558"/>
                <TextEquiv>
                    <Unicode>(Mauer et Erna vers la droite)</Unicode>
                </TextEquiv>
            </TextLine>
        </TextRegion>
        <TextRegion id="tr_1" custom="readingOrder {index:1;}">
            <Coords points="107,1651 3516,1651 3516,3622 107,3622"/>
            <TextLine id="tr_1_tl_1" custom="readingOrder {index:0;}">
                <Coords points="503,1761 2715,1724 2914,1791 2880,1596 503,1603"/>
                <Baseline points="525,1731 597,1731 686,1731 776,1731 865,1725 955,1725 1044,1731 1134,1731 1223,1725 1313,1725 1403,1731 1492,1731 1582,1731 1671,1731 1761,1725 1850,1725 1940,1725 2029,1725 2119,1725 2209,1725 2298,1725 2388,1719 2477,1719 2567,1719 2656,1719 2746,1713 2836,1713 2925,1701"/>
                <TextEquiv>
                    <Unicode>Alors ça voue amuse de voir un spectacle canaille?</Unicode>
                </TextEquiv>
            </TextLine>
            <TextLine id="tr_1_tl_2" custom="readingOrder {index:1;}">
                <Coords points="98,1799 169,1772 203,1795 252,1787 315,1806 353,1791 364,1802 379,1787 436,1795 432,1630 364,1630 293,1596 259,1562 203,1600 165,1596 128,1562 94,1570"/>
                <Baseline points="113,1731 202,1731 292,1731 382,1731 441,1737"/>
                <TextEquiv>
                    <Unicode>PREDERIC</Unicode>
                </TextEquiv>
            </TextLine>
            <TextLine id="tr_1_tl_3" custom="readingOrder {index:2;}">
                <Coords points="499,1915 567,1930 650,1896 759,1926 822,1893 1010,1926 1055,1896 1164,1915 1209,1904 1209,1754 1070,1746 999,1784 943,1750 879,1772 736,1746 676,1776 631,1746 499,1757"/>
                <Baseline points="519,1880 608,1880 698,1880 788,1886 877,1886 967,1886 1056,1880 1146,1880 1217,1886"/>
                <TextEquiv>
                    <Unicode>Pourquoi pas?</Unicode>
                </TextEquiv>
            </TextLine>
            <TextLine id="tr_1_tl_4" custom="readingOrder {index:3;}">
                <Coords points="98,1964 124,1960 161,1930 192,1941 229,1941 252,1919 300,1919 323,1938 357,1930 349,1802 312,1810 278,1795 252,1814 240,1802 233,1814 195,1806 169,1817 90,1787"/>
                <Baseline points="113,1886 202,1880 292,1886 364,1898"/>
                <TextEquiv>
                    <Unicode>CATTER</Unicode>
                </TextEquiv>
            </TextLine>
            <TextLine id="tr_1_tl_5" custom="readingOrder {index:4;}">
                <Coords points="499,2065 3488,2050 3488,1915 3297,1889 499,1915"/>
                <Baseline points="519,2035 543,2035 632,2035 722,2035 811,2035 901,2041 991,2041 1080,2041 1170,2041 1259,2041 1349,2035 1438,2035 1528,2035 1618,2035 1707,2035 1797,2035 1886,2035 1976,2029 2065,2029 2155,2029 2244,2029 2334,2029 2424,2029 2513,2029 2603,2029 2692,2029 2782,2029 2871,2024 2961,2024 3050,2024 3140,2018 3230,2018 3319,2018 3409,2018 3498,2012"/>
                <TextEquiv>
                    <Unicode>Il n'y a rien au monde qui ne l'amuse. Il n'v a pas de meilleur</Unicode>
                </TextEquiv>
            </TextLine>
            <TextLine id="tr_1_tl_6" custom="readingOrder {index:5;}">
                <Coords points="113,2144 146,2137 158,2148 233,2148 270,2133 304,2133 297,1926 248,1919 203,1949 158,1930 131,1953 105,1956"/>
                <Baseline points="131,2041 220,2041 310,2047"/>
                <TextEquiv>
                    <Unicode>DELE</Unicode>
                </TextEquiv>
            </TextLine>
            <TextLine id="tr_1_tl_7" custom="readingOrder {index:6;}">
                <Coords points="499,2242 988,2200 1566,2245 1566,2073 1525,2061 1348,2050 1243,2099 1187,2065 1104,2099 1048,2054 804,2092 499,2069"/>
                <Baseline points="519,2197 591,2191 680,2191 770,2197 859,2191 949,2191 1038,2191 1128,2191 1217,2191 1307,2197 1397,2191 1486,2185 1576,2185"/>
                <TextEquiv>
                    <Unicode>public que mon mari! —</Unicode>
                </TextEquiv>
            </TextLine>
            <TextLine id="tr_1_tl_8" custom="readingOrder {index:7;}">
                <Coords points="499,2373 3102,2384 3184,2377 3184,2200 499,2242"/>
                <Baseline points="519,2346 597,2346 686,2346 776,2346 865,2346 955,2352 1044,2352 1134,2352 1223,2352 1313,2346 1403,2346 1492,2346 1582,2346 1671,2346 1761,2346 1850,2346 1940,2346 2029,2346 2119,2340 2209,2340 2298,2340 2388,2340 2477,2340 2567,2340 2656,2334 2746,2340 2836,2334 2925,2334 3015,2334 3104,2334 3194,2334"/>
                <TextEquiv>
                    <Unicode>Oui c'est vrai. Je trouve la vie très drôle. Je m'amuse</Unicode>
                </TextEquiv>
            </TextLine>
            <TextLine id="tr_1_tl_9" custom="readingOrder {index:8;}">
                <Coords points="94,2478 113,2475 203,2388 300,2399 353,2392 342,2234 285,2234 274,2245 240,2219 218,2234 207,2227 176,2238 165,2227 143,2242 98,2215 79,2219"/>
                <Baseline points="107,2346 197,2352 286,2358 358,2358"/>
                <TextEquiv>
                    <Unicode>IATTER</Unicode>
                </TextEquiv>
            </TextLine>
            <TextLine id="tr_1_tl_10" custom="readingOrder {index:9;}">
                <Coords points="499,2531 2805,2512 2805,2384 2651,2369 499,2381"/>
                <Baseline points="519,2501 573,2507 662,2507 752,2507 841,2507 931,2501 1020,2507 1110,2507 1200,2507 1289,2507 1379,2507 1468,2507 1558,2507 1647,2501 1737,2501 1826,2501 1916,2501 2006,2501 2095,2495 2185,2501 2274,2495 2364,2495 2453,2495 2543,2495 2633,2495 2722,2489 2812,2495"/>
                <TextEquiv>
                    <Unicode>royalement. Toujours. En toutes circonstances!</Unicode>
                </TextEquiv>
            </TextLine>
            <TextLine id="tr_1_tl_11" custom="readingOrder {index:10;}">
                <Coords points="879,2685 3147,2696 3188,2561 882,2550"/>
                <Baseline points="901,2662 955,2662 1044,2662 1134,2662 1223,2662 1313,2662 1403,2656 1492,2662 1582,2656 1671,2662 1761,2662 1850,2656 1940,2656 2029,2656 2119,2656 2209,2656 2298,2656 2388,2656 2477,2650 2567,2650 2656,2650 2746,2650 2836,2650 2925,2650 3015,2650 3104,2650 3194,2650"/>
                <TextEquiv>
                    <Unicode>(Frédéric, Adèle, Natter entrent dans la maison).</Unicode>
                </TextEquiv>
            </TextLine>
            <TextLine id="tr_1_tl_12" custom="readingOrder {index:11;}">
                <Coords points="1059,2850 2955,2831 3064,2903 3226,2843 3226,2677 1059,2707"/>
                <Baseline points="1080,2812 1086,2818 1176,2818 1265,2818 1355,2812 1444,2818 1534,2818 1623,2818 1713,2818 1803,2812 1892,2812 1982,2818 2071,2812 2161,2812 2250,2812 2340,2812 2430,2812 2519,2806 2609,2806 2698,2806 2788,2806 2877,2806 2967,2806 3056,2806 3146,2806 3236,2806"/>
                <TextEquiv>
                    <Unicode>MAUER, ERNA (qui étaient déjà en conversation)</Unicode>
                </TextEquiv>
            </TextLine>
            <TextLine id="tr_1_tl_13" custom="readingOrder {index:12;}">
                <Coords points="499,3004 2253,3000 2253,2865 2110,2839 1288,2839 1126,2903 999,2850 725,2903 499,2858"/>
                <Baseline points="519,2973 561,2973 650,2973 740,2979 829,2979 919,2979 1009,2973 1098,2973 1188,2973 1277,2979 1367,2973 1456,2973 1546,2973 1635,2973 1725,2973 1815,2973 1904,2973 1994,2967 2083,2967 2173,2967 2262,2967"/>
                <TextEquiv>
                    <Unicode>Et comment le malheur est-il arrivé?</Unicode>
                </TextEquiv>
            </TextLine>
            <TextLine id="tr_1_tl_14" custom="readingOrder {index:13;}">
                <Coords points="503,3180 3226,3214 3199,3045 503,3034"/>
                <Baseline points="525,3134 549,3128 638,3140 728,3134 817,3134 907,3140 997,3140 1086,3134 1176,3134 1265,3134 1355,3134 1444,3134 1534,3134 1623,3134 1713,3134 1803,3128 1892,3128 1982,3128 2071,3128 2161,3128 2250,3128 2340,3122 2430,3122 2519,3122 2609,3122 2698,3122 2788,3122 2877,3122 2967,3122 3056,3122 3146,3122 3236,3122"/>
                <TextEquiv>
                    <Unicode>Une pierre s'est probablement détachée sous ses pieds.....</Unicode>
                </TextEquiv>
            </TextLine>
            <TextLine id="tr_1_tl_15" custom="readingOrder {index:14;}">
                <Coords points="120,3192 143,3188 158,3196 176,3184 192,3196 210,3184 229,3196 252,3184 278,3196 285,3188 315,3188 312,3042 289,3042 278,3030 237,3034 218,3027 210,3038 180,3034 135,3068 116,3068"/>
                <Baseline points="137,3134 226,3134 316,3140 322,3140"/>
                <TextEquiv>
                    <Unicode>AUER</Unicode>
                </TextEquiv>
            </TextLine>
            <TextLine id="tr_1_tl_16" custom="readingOrder {index:15;}">
                <Coords points="518,3323 3188,3327 3507,3293 3507,3169 518,3188"/>
                <Baseline points="537,3295 561,3289 650,3295 740,3295 829,3295 919,3295 1009,3295 1098,3295 1188,3289 1277,3295 1367,3289 1456,3289 1546,3289 1635,3289 1725,3289 1815,3283 1904,3289 1994,3289 2083,3289 2173,3289 2262,3283 2352,3283 2441,3277 2531,3283 2621,3277 2710,3277 2800,3283 2889,3283 2979,3277 3068,3277 3158,3277 3247,3277 3337,3277 3427,3271 3516,3265"/>
                <TextEquiv>
                    <Unicode>C'était en descendant de la “Your Aigner” Frédéric allait devant</Unicode>
                </TextEquiv>
            </TextLine>
            <TextLine id="tr_1_tl_17" custom="readingOrder {index:16;}">
                <Coords points="503,3518 3199,3503 3428,3473 3428,3308 503,3357"/>
                <Baseline points="525,3456 573,3450 662,3450 752,3456 841,3456 931,3456 1020,3450 1110,3450 1200,3450 1289,3445 1379,3445 1468,3450 1558,3450 1647,3450 1737,3445 1826,3445 1916,3445 2006,3445 2095,3445 2185,3445 2274,3439 2364,3439 2453,3439 2543,3439 2633,3439 2722,3439 2812,3439 2901,3439 2991,3439 3080,3433 3170,3433 3259,3433 3349,3433 3439,3427"/>
                <TextEquiv>
                    <Unicode>Il entend tout à coup un vacarme affreux au dessus de lui. Au</Unicode>
                </TextEquiv>
            </TextLine>
            <TextLine id="tr_1_tl_18" custom="readingOrder {index:17;}">
                <Coords points="511,3642 3229,3646 3458,3601 3462,3496 514,3526"/>
                <Baseline points="531,3612 603,3612 692,3606 782,3606 871,3606 961,3606 1050,3612 1140,3612 1229,3606 1319,3606 1409,3600 1498,3600 1588,3600 1677,3600 1767,3600 1856,3600 1946,3600 2035,3600 2125,3600 2215,3600 2304,3600 2394,3600 2483,3594 2573,3600 2662,3594 2752,3594 2841,3594 2931,3594 3021,3594 3110,3594 3200,3594 3289,3588 3379,3588 3468,3588"/>
                <TextEquiv>
                    <Unicode>même moment des bloos énormes roulaient à côté, et après eux le</Unicode>
                </TextEquiv>
            </TextLine>
        </TextRegion>
        <TextRegion id="tr_2" custom="readingOrder {index:2;}">
            <Coords points="107,3693 3546,3693 3546,4887 107,4887"/>
            <TextLine id="tr_2_tl_1" custom="readingOrder {index:0;}">
                <Coords points="518,3811 3428,3819 3473,3624 518,3657"/>
                <Baseline points="537,3773 614,3767 704,3767 794,3767 883,3767 973,3767 1062,3767 1152,3761 1241,3761 1331,3761 1420,3761 1510,3761 1600,3755 1689,3761 1779,3755 1868,3755 1958,3755 2047,3755 2137,3755 2227,3755 2316,3755 2406,3755 2495,3755 2585,3755 2674,3749 2764,3755 2853,3755 2943,3749 3033,3755 3122,3755 3212,3749 3301,3749 3391,3749 3480,3743"/>
                <TextEquiv>
                    <Unicode>pauvre Bernahupt lui-même. Frédéric ne parle pas volontiers de</Unicode>
                </TextEquiv>
            </TextLine>
            <TextLine id="tr_2_tl_2" custom="readingOrder {index:1;}">
                <Coords points="503,3939 3259,3943 3364,3913 3364,3781 2764,3864 503,3811"/>
                <Baseline points="525,3922 597,3922 686,3922 776,3922 865,3922 955,3922 1044,3922 1134,3922 1223,3922 1313,3922 1403,3922 1492,3922 1582,3916 1671,3916 1761,3916 1850,3916 1940,3910 2029,3910 2119,3910 2209,3910 2298,3910 2388,3910 2477,3910 2567,3910 2656,3910 2746,3910 2836,3910 2925,3910 3015,3910 3104,3910 3194,3910 3283,3904 3373,3904"/>
                <TextEquiv>
                    <Unicode>cette histoire, bien qu'il affecte de se mettre au dessus de</Unicode>
                </TextEquiv>
            </TextLine>
            <TextLine id="tr_2_tl_3" custom="readingOrder {index:2;}">
                <Coords points="522,4100 3541,4085 3473,3962 522,3935"/>
                <Baseline points="543,4071 591,4077 680,4083 770,4083 859,4083 949,4083 1038,4083 1128,4083 1217,4077 1307,4077 1397,4077 1486,4071 1576,4077 1665,4077 1755,4071 1844,4071 1934,4071 2024,4071 2113,4071 2203,4071 2292,4071 2382,4071 2471,4071 2561,4065 2650,4071 2740,4071 2830,4071 2919,4071 3009,4065 3098,4071 3188,4065 3277,4065 3367,4065 3456,4059 3546,4059"/>
                <TextEquiv>
                    <Unicode>tout. Cette aventure avait fait sur lui une terrible impression,</Unicode>
                </TextEquiv>
            </TextLine>
            <TextLine id="tr_2_tl_4" custom="readingOrder {index:3;}">
                <Coords points="98,4333 124,4330 143,4311 176,4330 203,4318 222,4326 244,4299 282,4292 259,4127 222,4130 207,4119 176,4153 154,4146 116,4164 101,4149 90,4161 75,4161"/>
                <Baseline points="107,4233 197,4245 286,4257"/>
                <TextEquiv>
                    <Unicode>TRNA</Unicode>
                </TextEquiv>
            </TextLine>
            <TextLine id="tr_2_tl_5" custom="readingOrder {index:4;}">
                <Coords points="518,4269 635,4251 706,4284 807,4258 976,4303 1172,4269 1172,4149 1134,4157 1059,4108 976,4134 924,4108 811,4134 668,4104 620,4134 518,4100"/>
                <Baseline points="537,4239 555,4233 644,4239 734,4245 823,4239 913,4239 1003,4239 1092,4233 1182,4233"/>
                <TextEquiv>
                    <Unicode>Vous croyez?</Unicode>
                </TextEquiv>
            </TextLine>
            <TextLine id="tr_2_tl_6" custom="readingOrder {index:5;}">
                <Coords points="518,4431 3278,4427 3319,4209 518,4273"/>
                <Baseline points="537,4400 549,4400 638,4400 728,4400 817,4400 907,4400 997,4400 1086,4400 1176,4394 1265,4400 1355,4394 1444,4394 1534,4394 1623,4388 1713,4388 1803,4388 1892,4388 1982,4388 2071,4388 2161,4388 2250,4388 2340,4388 2430,4388 2519,4388 2609,4388 2698,4388 2788,4388 2877,4388 2967,4388 3056,4382 3146,4382 3236,4382 3325,4382"/>
                <TextEquiv>
                    <Unicode>La meilleure preuve en est que depuis lors il n'a plus fait</Unicode>
                </TextEquiv>
            </TextLine>
            <TextLine id="tr_2_tl_7" custom="readingOrder {index:6;}">
                <Coords points="101,4540 169,4540 192,4525 255,4540 278,4525 364,4536 338,4277 282,4281 222,4326 203,4318 173,4330 161,4318 79,4333"/>
                <Baseline points="107,4388 197,4400 286,4400 364,4424"/>
                <TextEquiv>
                    <Unicode>LÄUER</Unicode>
                </TextEquiv>
            </TextLine>
            <TextLine id="tr_2_tl_8" custom="readingOrder {index:7;}">
                <Coords points="518,4581 646,4600 710,4566 879,4607 1066,4566 1273,4600 1378,4570 1378,4446 1299,4423 984,4465 766,4412 518,4427"/>
                <Baseline points="537,4555 579,4549 668,4549 758,4549 847,4549 937,4549 1026,4549 1116,4555 1206,4549 1295,4549 1385,4549"/>
                <TextEquiv>
                    <Unicode>aucune ascension.</Unicode>
                </TextEquiv>
            </TextLine>
            <TextLine id="tr_2_tl_9" custom="readingOrder {index:8;}">
                <Coords points="503,4720 2891,4746 2891,4592 2651,4562 503,4589"/>
                <Baseline points="525,4710 573,4704 662,4710 752,4716 841,4716 931,4710 1020,4710 1110,4710 1200,4716 1289,4710 1379,4710 1468,4710 1558,4710 1647,4704 1737,4704 1826,4698 1916,4698 2006,4698 2095,4698 2185,4698 2274,4698 2364,4698 2453,4698 2543,4698 2633,4698 2722,4698 2812,4698 2901,4704"/>
                <TextEquiv>
                    <Unicode>Eh bien - nous ferons la “Your Aigner“ cette année.</Unicode>
                </TextEquiv>
            </TextLine>
            <TextLine id="tr_2_tl_10" custom="readingOrder {index:9;}">
                <Coords points="101,4776 135,4776 146,4761 154,4769 188,4761 214,4780 229,4780 248,4773 263,4750 285,4750 270,4619 222,4615 214,4607 173,4630 143,4611 120,4637 105,4626 90,4630"/>
                <Baseline points="113,4704 202,4710 292,4722"/>
                <TextEquiv>
                    <Unicode>ERNA</Unicode>
                </TextEquiv>
            </TextLine>
            <TextLine id="tr_2_tl_11" custom="readingOrder {index:10;}">
                <Coords points="522,4882 1562,4934 1675,4866 2020,4870 2137,4942 2565,4866 2565,4743 522,4746"/>
                <Baseline points="543,4866 603,4871 692,4871 782,4877 871,4877 961,4877 1050,4871 1140,4871 1229,4871 1319,4866 1409,4866 1498,4866 1588,4871 1677,4866 1767,4866 1856,4860 1946,4860 2035,4860 2125,4860 2215,4860 2304,4860 2394,4860 2483,4860 2573,4854"/>
                <TextEquiv>
                    <Unicode>Vouq y réfléchrez bien, mademoiselle Erna.</Unicode>
                </TextEquiv>
            </TextLine>
            <TextLine id="tr_2_tl_12" custom="readingOrder {index:11;}">
                <Coords points="113,4942 139,4945 192,4987 259,4979 278,4960 315,4957 308,4735 289,4735 240,4788 214,4780 203,4791 169,4761 154,4769 105,4758"/>
                <Baseline points="131,4866 220,4866 310,4871 322,4877"/>
                <TextEquiv>
                    <Unicode>TAUER</Unicode>
                </TextEquiv>
            </TextLine>
        </TextRegion>
    </Page>
</PcGts>
