4088 5320
1828 211 2167 443 112 -
426 422 3404 658 MAUER.- Allons... si tu prends la chose ainsi... tout est bien.
455 591 3565 815 FREDERIC.- Crois-tu qu'il y ait encore beaucoup de jeunes filles de
691 765 3607 976 par le monde qui n'aient pas été embrassées? Cela doit arriver
695 947 3487 1137 aussi quelquefois dans la plaine! S'imaginer pour ça qu'une
699 1075 3611 1299 femme est indigne de vous, c'est de la folie... permets-moi de
695 1233 1241 1427 te le dire.
447 1377 769 1580 MAUER. -
794 1382 2891 1601 Est-ce que cela t'amuse beaucoup de mentir?
447 1522 3648 1758 FRED.- Quelquefois. Mais ce n'est pas ce que je fais en ce moment. Et
682 1704 3702 1923 maintenant je vais te dire encore quelque chose. Même s'il était
687 1886 3065 2068 arrivé quelque chose de PLUS.... que ce baiser....
414 2047 3685 2229 LAUER.- Je ne te l'ai pas demande. Et je t'assure qu'il m'est aujour-
695 2196 3516 2366 d'hui bien indifférent au fond, de savoir ce qui s'est passé
699 2354 1253 2536 entre vous.
418 2403 2668 2718 FREDERIC.- En cela, mon cher Mauer, tu as tort.
405 2655 1137 2854 MAUER.- Ah.....
409 2796 3731 3028 FREUERIC. - Il vaudrait peut-être mieux pour toi qu'elle ett été ma maî-
682 2986 3656 3193 tresse. Ce serait une chose passée... Tu serais pour ainsi dire
695 3135 1146 3326 plus sût.
414 3272 1961 3470 MAUER.- Tu commences à m'amuser.
409 3421 3532 3648 FRED.- Cela me fait plaisir. C'est ce qu'il y a de plus important
699 3599 3677 3797 dans une conversation. Quant à la vérité... on ne sait jamais...
397 3768 2974 3996 MAUER.- C'est d'Erna Hême que je pourrais l'apprendre.
401 3938 1481 4124 FRED.- Tu orois?....
414 3963 3516 4314 MAUER.- Mentir est vraiment la seule chose dont je ne la crois pas
682 4264 1104 4455 capable.
389 4256 3553 4591 ors. Il se peut que tu aies raison. Et voilà l'essentiel. Je
687 4492 3582 4670 crois qu'il est exagéré de juger les femmes seulement sur les
682 4641 3528 4844 questions d'amour. Nous oublions toujours que dans la vie de
682 4810 3632 4992 chaque femme, même si elle a un oment, il y a beaucoup d'heures
670 4955 3640 5158 pendant lesquelles elle pense à toute autre chose qu'à l'amour.
