3544 5272
1222 159 1438 399 35
424 293 3252 546 Sans cela qui parlerait encore d'un pianiste mort, par cette
318 501 1304 713 belle journée d'été.
114 623 3231 839 WAHL. Avez-vous jamais vu une fille d'un esprit aussi profond, mes
289 803 3199 986 amis? C'est encore une de ses pirouettes sur la corde tendue
289 949 3109 1133 de la philosophie, comme son pauvre père se plaisait à dire.
1879 1088 2461 1214 D'Euwe garde
106 1133 3382 1308 DERIC. Ungénéral seulement faire l'attentia de ne pas tomber, Erna...
424 1280 2885 1504 Paul Kreindl (vienne du tennis avec leurs requettes)
114 1308 395 1483 Adèle
477 1528 2421 1748 Mme GENIA, OITTO, Mme VAHL, FREDERIC, FRNA
1133 1687 1773 1870 (salutations)
342 1932 3231 2131 (Jolie, rende, vêtie de blanc, ceinture rouge, cravate rouge).
306 2082 2302 2282 Qu'est-ce que c'est, nous ne jouons plus?
163 2241 1854 2412 KREINDL. (baise la main de Mme Wahl)
118 2388 2510 2584 DERIC. Vous auriez pu jouer à deux pendant ce tempe.
110 2555 1760 2730 3E. Mais je joue trop mal pour lui.
297 2702 1316 2901 Comment donc, madame
1353 2767 1870 2975 (larmoyant)
1903 2763 3187 3060 Bientôt personne ne jouera
236 2979 3260 3154 assez mal pour moi. Je joue vraiment comme un cochon. O Pardon.
253 3150 3350 3317 Mais c'est vrai. Je ne sais comment cela se fait. Je crois qu'on
244 3346 3236 3460 m'a jeté un sort. A moins que ce soit seulement parce que j'ai
253 3464 3350 3696 une raquette neuve...... Excusez-moi messieurs, mesjames, je cours
253 3598 2857 3855 à la maison et je rapporte ma vieille (Il prend congá),
1785 3794 2669 3981 (Les autres rient)
102 3892 3252 4169 DERIC. Pourquoi riez-vous? Il prend au moins cela au sérieux, Paul
249 4108 3130 4311 C'est l'essentiel. Qu'il s'agisse de tennis, de patinage, de
249 4254 3211 4474 peinture ou de médecine.- Je trouve qu'on bon joueur de tennis
244 4462 3362 4637 est un homme de plus grande valeur qu'un médioore poëte ou un mau¬
249 4601 2535 4796 vais générale. N'ai-je pas raison? - (A Otto).
