4008 5288
1890 78 2101 244 an
1750 244 2035 479 -122-
413 491 3678 726 FREDERIO.. Oui, si on était seulement sûr de se revoir!... Je ne parle
681 681 3624 908 jamais de choses aussi éloignées... trois ans!... Pensez donc à
673 817 3612 1003 tout ce qui peut se passer d'ici là. On n'a pas tous les atouts
665 986 3583 1164 dans la main. Il y a des événements contre lesquels toutes les
652 1114 2984 1300 prévisions échouent... et toutes les précautions.
371 1329 3682 1519 UATTER.- Et précisément la prudence ne doit pas être la principale qua
640 1461 1568 1663 lite du Lieutenant.
363 1601 681 1841 OTTO.-
747 1622 2291 1812 Je le crains moi-même M. Natter.
376 1787 3554 2014 FREDERIC.- Vous ne pouvez pas savoir vous-même, Otto, si vous êtes
656 1952 3686 2134 prudent par nature, ou non... Dans une profession comme la vôtre,
656 2117 3649 2283 qui est tout à fait basée sur la discipline et la tenue, on n'a,
665 2258 3653 2452 pour ainsi dire, aucune occasion d'apprendre à se connaître soi¬
665 2423 1903 2609 même. Ne croyez-vous pas?
718 2596 3640 2745 - Voilà assez de philosophie pour cette dernière heure du soir.
376 2592 665 2807 MAUER
1086 2753 1511 2910 (A Otto)
1548 2794 3356 2955 Nous faisons route ensemble, je crois.
371 2918 3653 3158 FREDERIC.- (sans s’occuper de cette intervention) Je ne doute naturel-
656 3153 3624 3257 lement pas que vous soyez prêt en tout temps à donner votre vie
669 3273 3682 3446 pour l'Empereur et le Pays, et aussi pour de plus petites choses,
665 3463 3640 3612 mais alors la contrainte extérieure joue un certain rôle dans ce
665 3599 3587 3810 sacrifice. Mais dans le fond de votre âme, tout à fait dans la
652 3764 2150 4012 fonc, Otto, vous êtes un lâche.
1564 3938 2377 4128 (profond silence)
479 4028 2836 4330 TO.- Je n'ai pas très bien compris, n'est-ce pas?
396 4235 3533 4495 FRÈDERIC.- Je ne sais pas ce que vous avez comris. Je vais en tous
660 4425 2584 4652 cas vous le répêter: vous êtes un lâche.
380 4586 1577 4804 OTTO.- (un pas vers lui)
404 4681 1895 4970 FREDERIC.- (rapidement de même)
392 4916 2068 5126 OTTO. - Vous aurez de mes nouvelles.
