3720 5288
1303 308 1703 430 — 40 —
77 434 277 650 ENIA
492 469 949 665 (vivement)
999 492 3225 734 Pour le moment il n'y a rien à retenir, vous ne
473 684 3279 888 m'avez pas surprise docteur. Il n'y a pas eu le plus petit
484 838 2545 1034 changement entre nous - jusqu'à maintenant.
81 992 281 1184 AUER
469 1030 3321 1207 Mais il se produira. On ne peut pas en vouloir longtemps à
461 1180 3390 1395 Frédéric! pour ma part du moins. Il n'est arrivé d'être très
457 1341 3406 1530 fâché contre lui, - et bien aussitôt qu'il use de sa déduction
480 1495 1745 1703 j'en suis de nouveau dupe.
85 1676 281 1883 INIA.
461 1664 3302 1826 Je ne suis pas ainsi docteur! Quant on m'a une fois perdue,
1714 1764 2095 1910 beaucoup
469 1814 3044 1991 il faut se donner beaucoup de peine pour me reprendre.
484 1960 3386 2179 (Viennemdu tennis, Otto, Frédéric, Adèle, Sranzides, Mme Wahl,
511 2079 1441 2218 Paul, Cenia, Mauer)
473 2152 2210 2383 (Pendant qu’ils s'approchent, à Erna)
2210 2276 3206 2460 Vraiment Mademoiselle
480 2452 2445 2641 C'est vrai! votre service - first classe.
96 2575 407 2760 EDERIC
469 2610 3513 2768 Ah - et son coup de raquette c'est bien parce qu'elle l'a appris
469 2752 796 2940 de moi
461 2860 3482 3113 Excusez-moi, Monsieur le Professeur - c'était parfois un plaisir
469 3075 926 3271 douteur 1
100 3136 404 3406 EDERIC
492 3213 1553 3402 Oh. rj —
473 3371 2295 3579 (aux autres et particulièrement à Paul)
2337 3413 3525 3636 ce qu'il a pu me tourmen-
469 3590 3406 3832 ter! - Il me traitait parfois comme un chien, comme si j'avais
469 3725 1745 3967 eu un caractère exécrable.
138 3867 396 4090 EDERIO
473 3878 1084 4105 (incidemment)
1122 3951 3279 4217 C'est que - à mon avis - bien jouer du tennie
457 4109 2164 4320 dépend beaucoup du caractère......
473 4220 3525 4459 (qui avait donné pendant ce temps un ordre à la femme de chambre)
108 4324 304 4570 NIA
457 4447 3363 4632 Si vous voulez me permettre, Mesdames, Messieurs..... le thé
457 4628 3540 4832 est servil Il y a aussi des glaces. On peut choisir.... Je vous
450 4766 892 4989 en prie.
