4008 5288
3575 193 3772 369 " " "
1814 238 2118 452 -118-
2537 263 2701 497 1
735 452 3419 690 ne veux pas me battre avec vous. Mais encore un mot et...
460 653 3005 833 FRE. - Je suis donc désarmé, précisément contre vous y
460 788 1839 993 UATTER. - Cela arrive parfois.
460 936 1736 1145 FRED.-üx.... contre un...
452 1125 3695 1326 UATTER.- Contre un homme, qui trouve la vie prodigieusement amusante...
722 1268 2759 1502 mon cher Hofreiter - et seulement amuante.
435 1441 3649 1634 PAUL (vient du diunis) - Excusez-moi de vous déranger. M. Hofreiter.-
706 1589 2849 1790 c'est votre tour de jouer avec le Lieutenant.
443 1757 3588 1913 FREDRIC.- Oui... oui... Je suis prêt - La situation doit finalement
718 1892 2077 2110 être éclaircie... je sais...
431 2040 3612 2262 UATTER.- Oh, je vous en prie, ne vous gênez pas. (A voix plus basse)
694 2250 2849 2401 Il s'agit peut-être aussi de vie oubde mort?
423 2348 1429 2570 FREDERIC. - Peut-être.
431 2508 2184 2689 MAUER à GENIA (viennent de l'arrière)
447 2676 2545 2874 MAUER.- (veut rendre congé) Allons,cher ami.
415 2832 3658 3042 FREDERIC.- Non, tu ne dois pas partir ainsi. Retiens-le Genia. -
686 2976 2077 3185 tous tes moyens de séduction.
1248 3161 3235 3387 (Frédéric, Paul et Natter, vers le tennis)
1671 3317 2266 3502 MAUER. GENIA
406 3452 3112 3645 GENIA. - Je crains que mes moyens ne soient pas efficaces.
406 3612 2623 3793 MAUER. - Je dois malheureusement partir, madame.
423 3789 3723 3978 GENIA.- Et je puis supposer qu'on ne vous reverra pas ici de longtemps.
419 3941 1790 4146 MAUER.- Je le crains, madame.
398 4076 3559 4265 GENIA.- (le regarde) cela me fait de la peine d'avoir perdu un ami.
669 4236 3469 4454 Moi surtout oni n'ai vraiment rien à me reprocher, au moins
673 4384 3567 4606 contre vous. Pourquoi ne me répondez-vous pas docteur? Je ne
677 4548 3641 4745 veux pas forcer votre confiance, d'autant moins que je me doute
665 4713 2389 4975 de la raison qui vous éloigne d'ici.
