3576 5256
1407 225 1660 449 -30-
304 465 2279 702 que et de mouvement. Tu veux bien, Mauer?
126 682 2527 856 UER.- Moi? C'est à ta femme qu'il faut le demander.
150 816 3083 1021 NIA.- Je ne veux pas vous en empêcher, mais pour moi je préfère
288 982 1222 1147 rester à la maison.
126 1151 3162 1340 EDERIC.- Non, dela n'a aucun sens. Viens avec nous Genia, cela te
288 1277 1624 1474 fera xxxx grand bien aussi.
150 1427 1888 1624 MIA. - Il faudrait que je m'habille....
134 1620 3272 1817 E FRIC.- Eh bien, habille-toi vite, nous t'attendons dans le jardin.
138 1758 1400 1936 NIA.- Tu y tiens beaucoup?
229 1912 3063 2145 PRIC. (A Mauer) Qu'en dis-tu!! (nerveusement) Allons, restons
304 2086 1731 2271 tous à la maison... c'est dit.
138 2192 3115 2397 NIA.- Je reviens de suite... je mets seulement mon chapeau.(elle
292 2397 611 2555 sort).
1135 2523 1814 2732 MAUER. FREDERIC
122 2665 2740 2862 EERIC.- (après un silence) Oui, mon cher Mauer, oui...
134 2854 3237 3048 UER.- Je ne te comprends vraiment pas... c'est toujours désagréable
288 2992 1664 3201 pour une maîtessse de maison.
122 3170 3174 3343 EDERIC.- Tu sais, au casino aussi, tu peux faire un bon dîner.(si-
292 3324 3107 3497 lence). Du reste - c'est peut-être très bien que tu y ailles
288 3489 3012 3655 aujourd'hui.- Les changes pour qu'il y ait des apparitions
276 3627 2992 3852 d'espritidans cette maison ont considérablement augmenté.
106 3773 1222 3954 UER.- Que veux-tu dire?
122 3895 3296 4136 EDERIC.- Tu ne mérites pas ma confiance en répétant tout ce que j'ai
276 4057 1163 4289 pu te rückter....
114 4215 1786 4455 UER.- Cu'est-ce que cela veut dire?
99 4408 3099 4601 appeler bien, comment Genia saurait-elle que l'histoire avec
276 4561 2070 4747 Adèle Natter est complètement finie?
110 4735 3166 4912 UER.- Tu devrais être heureux qu'on ait pu raconter enfin quelque
