3656 5256
1597 202 1911 407 - 56 -
419 407 3392 589 De toi - Genia -? Je n'at pas dit - mais si tu veux absolument
116 430 345 671 DERIC
407 547 2306 814 l'entendre, eh bien, de TOIt oui, Genia.
426 729 2039 965 Mais pourquoi? Que t'ai-je fait?
419 899 3229 1097 Rien... Je ne te dis pas que tu m'aies fait quelque chose.
116 938 349 1116 DERIC
415 992 3508 1248 Mais explique toi Frédéric.... Je suis tellement loin.... J'étais
419 1229 3473 1403 résignés à tout sauf à ce que maintenant, tu.... si brusquement.
407 1368 3473 1543 D'un jour à l'autre - d’une heure à l’autre j'ai attendu que nous
438 1547 2283 1725 ... nous expliquions.... que nous......
430 1671 3446 1826 Oui, j'ai déjà remarqué cette attante, Genia, mais.... je crois
105 1713 360 1895 DERIC
430 1845 3434 1996 qu'il est encore trop tôt - pour - cette explication.... il faut
430 1985 2954 2151 encore que je voie plus clair dans bien des choses...
438 2124 3403 2318 Clair -? Mais... Qu'y-a-t-il encore d'obscur pour toi? Tu as
426 2322 3496 2481 eu... cette lettre dans les mains? Tu l'as lue? Si tu avais pu
438 2492 3450 2609 douter auparavant.... ce que je ne crois pas...... depuis ce soir
430 2636 3291 2779 là - Frédéric, pour l'amour du ciel - depuis ce soir-là tout
438 2725 3508 2923 soupçon doit être dissipé en toi - Frédéric toi que je.... Dieu..
450 2911 2713 3109 est-il nécessaire de dire cela avec des mote!...
438 3082 3477 3256 Non, certainement pas.... C'est justement cela. Depuis ce soit.,
116 3085 372 3299 EDERIC
442 3248 3345 3419 Pour moi c'est tout à fait passé. Mais - excuse-moi, je sais
442 3388 3562 3582 bien que ce n'est pas là ton sentiment - j'ai vraiment l'impression
450 3578 2349 3760 que dans cette affaire...... (il hésite)
1915 3667 2194 3857 one
492 3717 1291 3911 Eh bien — quoi?
1589 3717 2376 3931 exploite le du
438 3896 3268 4039 Tu as en quelque sorte xxxx  suicide de Korsakow....
105 3888 380 4074 EDERIC
438 3989 3318 4190 intérieurement, bien entendu... Et cela - m'agace un peu....
2190 4124 3368 4330 zu suioide.... Non
442 4140 2206 4380 Frédério, es-tu fou.... Moi j'ai
2190 4268 2647 4380 one du
93 4186 275 4450 HIA
442 4330 2008 4485 est-ce possible!...... cela!....
438 4454 3299 4655 Je te l'ai dit, tu ne peux rien à cela. Tu ne pense pas le
93 4524 407 4714 EDERIC
438 4620 3500 4865 faire. Tu n'es pas précisément fière d'avoir été la cause ###...
442 4822 3368 5047 de l'avoir en quelque sorte poussé à la mort — tu ne tirez pas
