4120 5288
1806 182 2183 446 + 103’ —
587 389 2592 694 GENIA. - (vivement) Depuis quand es-tu là?
587 624 3861 839 FREDERIC. - Je suis arrive depuis dix minutes. (il salue vers le tennis
1265 756 2265 1025 d'où on l'a remarqué.
2228 827 3088 1075 Bonsoir, bonsoir..
3088 984 3811 1228 (A Genia) Je me
835 1025 2092 1281 suis seulement desaabille.
2112 1137 3832 1381 (A Otto) Je suis très content de vous
827 1335 3869 1517 trouver encore. Je craignais que vous ne soyez déjà parti à Pola.
827 1472 2075 1666 ou quelque part en mer.
542 1616 2245 1844 OTTO.- Je pars demain, M. Hofreiter.
554 1806 3725 1992 FREDERIC.- Ah oui... demain...? En bien, je descends tout de suite.
1261 1939 3720 2166 (Il disparait du balcon. Otto et Genia en dessous. Ce
1248 2067 2199 2257 qui suit très vite).
508 2108 2100 2348 OTTO.- Tu ne peux pas rester ici.
529 2311 2005 2493 GENIA.- Sois raisonnable, Otto.
525 2460 3671 2741 OTTO.- Maintenant, je le sens, tu n'es pas faite pour mentir. Tu te
802 2604 2865 2815 trahirais. Ou bien tu avouerais franchement.
513 2786 2038 2997 GEMIA.- Ce serait bien possible.
500 2968 2844 3191 OTTO.- (brusquement résolu) Laisse-moi lui parler,
504 3113 1786 3274 GEMIA.- Quelle idée as-tu!
508 3278 3712 3485 OTTO.- Oui! C'est la seule chose possible. Tu le sens toiemême. Tout
765 3414 2393 3642 le reste serait indigne, honteux -
496 3600 3815 3791 GRNIA. - Je lui dirai moi-même aussitôt que tu seras parti. Demain. Peut
748 3758 2005 3960 être encore aujourd'hui...
480 3919 1840 4121 OTTO. - Et qu'arrivera-t-il?
480 4076 3770 4254 UKnIA.- Rien, vraisemalablement. Et tu ne reviendras plus ici, jamais.
752 4225 3563 4382 Prömets-le moi... jamais.. dans deux ans non plus.. jmais..
480 4374 3700 4609 OTTO.- (comme éclaire) Tu l'aimes - tu l'aimes de nouveau!- C'est là
748 4518 1426 4733 où tu glisses.
1170 4696 3563 4944 (Mme Wahl, Natter, Mme Hatter, Stanzides et Gustave
1157 4828 2166 5002 reviennent du diunis)
459 4965 2108 5147 ERNA & PAUL-- (continuent de jouer)
