4088 5288
1923 235 2255 414 —  30 —
945 357 2176 596 Je ne l'ai pas encore vu.
385 375 671 567 AIGNER
945 524 3764 742 Dites-moi, Monsieur Hofreiter, quelle était votre impression
378 553 617 724 RHON
960 689 3261 885 lorsque vous vous êtes retrouvé à la même place?
945 867 3550 1056 A la même place? Mon Dieu, sept ans c'est long. J'ai
375 867 760 1038 EREDERIC
960 1020 3714 1256 oublié des choses moins lointaines. J'oublie très vite....
963 1156 1509 1373 si je veux.
949 1316 3525 1534 Oui..... il doit arriver souvent qu'on passe à côté de
371 1327 589 1495 RHON
945 1495 3510 1648 l'endroit où quelqu'un est tombé près de nous, mais la
960 1602 3671 1852 plupart du temps on ne le reconnaît plus. Ne croyez-vous
960 1787 1331 1984 pas -?
375 1934 746 2133 FREDERIC
960 1959 3821 2169 Vous n'imaginez pas combien je suis peu disposé à philisopher
960 2112 1787 2272 Vaitre Rhon......
375 2255 928 2451 Paul KREINDI
970 2258 2572 2433 (Descend rapidement les escaliers)
375 2422 721 2604 KREINDL
945 2415 2237 2619 Bonjour Monsieur Hofreiter.
464 2522 3029 2743 EDERIC (relativement indifférent). Tiens - Paul Salut.
364 2740 610 2932 PAUL
899 2726 3767 2922 Bonjour Monsieur Rhon. J'ai déjà eu une fois le plaisir.....
942 2897 3692 3075 Avant tout, j'ai une masse de souvenirs à vous transmettre.
945 3000 3617 3196 D'abord de Madame Hofreiter, puis du capitaine Stanzides,
953 3221 3625 3425 du couple Natter, de Mme Meinhold-Aigner, du jeune M. von
935 3357 1502 3528 Aigner....
920 3482 3568 3685 Permetsez que je vous présente...M. Paul Kreindl - M. le
353 3439 749 3696 FREDERIC
931 3632 1966 3842 Directeur von Aigner.
367 3771 567 3988 PAUL
942 3807 2176 3996 Sh...... très heureux......
2226 3792 3614 4071 (Il se tait, un peu embarrasé,
949 3971 2080 4170 puis à Aigner bravement)
2123 4056 3546 4252 J'ai eu le plaisir de faire la
949 4231 2255 4459 connaissance de votre fils.
357 4409 1249 4595 A+GNER (tranquille)
1359 4452 3321 4616 Je regrette de n'avoir pas eu ce plaisir.
942 4577 2665 4809 Eh bien qu'y a-t-il de neuf à Baden?
350 4616 749 4805 FREDERIC
2711 4677 3293 4909 (tranquille)
3321 4677 3660 4912 Vous ne
924 4834 3175 5055 savez pas si ma femme à l'intention de venir?
