<?xml version="1.0" encoding="UTF-8" standalone="yes"?>
<PcGts xmlns="http://schema.primaresearch.org/PAGE/gts/pagecontent/2013-07-15" xmlns:xsi="http://www.w3.org/2001/XMLSchema-instance" xsi:schemaLocation="http://schema.primaresearch.org/PAGE/gts/pagecontent/2013-07-15 http://schema.primaresearch.org/PAGE/gts/pagecontent/2013-07-15/pagecontent.xsd">
    <Metadata>
        <Creator>prov=READ-COOP:name=TrHtr:version=2.1.0:model_id=51170:date=15_08_2023_06:52</Creator>
        <Created>2023-05-10T15:30:41.289+02:00</Created>
        <LastChange>2023-08-15T06:52:49.631+02:00</LastChange>
        <TranskribusMetadata docId="1428916" pageId="55434468" pageNr="74" tsid="132841238" status="IN_PROGRESS" userId="64420" imgUrl="https://files.transkribus.eu/Get?id=JCOTOXRXTTAGQZOEQIDKZFUI&amp;fileType=view" xmlUrl="https://files.transkribus.eu/Get?id=MZWLVUJOTXVURCZBYTWKCTXW" imageId="44708458"/>
    </Metadata>
    <Page imageFilename="1428916_0074.jpg" imageWidth="3848" imageHeight="5288">
        <ReadingOrder>
            <OrderedGroup id="ro_1711801829732" caption="Regions reading order">
                <RegionRefIndexed index="0" regionRef="tr_2"/>
                <RegionRefIndexed index="1" regionRef="tr_1"/>
            </OrderedGroup>
        </ReadingOrder>
        <TextRegion id="tr_2" custom="readingOrder {index:0;}">
            <Coords points="107,290 3527,290 3527,2081 107,2081"/>
            <TextLine id="tr_2_tl_1" custom="readingOrder {index:0;}">
                <Coords points="1449,387 1482,387 1516,358 1541,376 1578,354 1600,376 1622,365 1670,384 1696,365 1759,358 1755,243 1718,240 1700,258 1682,243 1656,262 1634,247 1571,251 1523,284 1497,266 1446,277"/>
                <Baseline points="1468,340 1557,346 1647,346 1736,352 1766,352"/>
                <TextEquiv>
                    <Unicode>- 73 -</Unicode>
                </TextEquiv>
            </TextLine>
            <TextLine id="tr_2_tl_2" custom="readingOrder {index:1;}">
                <Coords points="623,538 2795,579 3278,546 3311,391 623,406"/>
                <Baseline points="644,495 734,501 823,501 913,501 1002,501 1092,501 1181,501 1271,501 1360,501 1450,507 1539,507 1629,507 1718,513 1808,513 1897,513 1987,513 2077,513 2166,513 2256,513 2345,513 2435,519 2524,519 2614,513 2703,513 2793,513 2882,513 2972,513 3061,519 3151,507 3240,507 3318,519"/>
                <TextEquiv>
                    <Unicode>Pourquoi n'êtes-vous pas allé avec eux, Directeur? Nous</Unicode>
                </TextEquiv>
            </TextLine>
            <TextLine id="tr_2_tl_3" custom="readingOrder {index:2;}">
                <Coords points="92,579 170,575 236,546 461,557 465,395 409,398 365,380 313,398 254,391 221,417 203,406 184,420 129,398 96,406"/>
                <Baseline points="113,519 202,513 292,507 381,507 471,513"/>
                <TextEquiv>
                    <Unicode>Mme WAhl.</Unicode>
                </TextEquiv>
            </TextLine>
            <TextLine id="tr_2_tl_4" custom="readingOrder {index:3;}">
                <Coords points="623,682 1195,678 1305,723 1383,682 1538,723 2021,686 1984,575 1670,601 1460,527 974,583 620,542"/>
                <Baseline points="638,650 728,656 817,656 907,656 996,656 1086,656 1175,662 1265,662 1354,662 1444,662 1533,668 1623,668 1712,668 1802,668 1891,668 1981,674 2029,668"/>
                <TextEquiv>
                    <Unicode>aurions été plus tranquilles.</Unicode>
                </TextEquiv>
            </TextLine>
            <TextLine id="tr_2_tl_5" custom="readingOrder {index:4;}">
                <Coords points="88,867 140,892 159,881 199,892 284,859 302,870 332,859 347,878 376,881 384,701 336,678 295,708 188,726 162,749 125,723 92,726"/>
                <Baseline points="107,829 119,829 208,823 298,823 387,817"/>
                <TextEquiv>
                    <Unicode>AIGNER</Unicode>
                </TextEquiv>
            </TextLine>
            <TextLine id="tr_2_tl_6" custom="readingOrder {index:5;}">
                <Coords points="631,870 3356,837 3352,730 627,704"/>
                <Baseline points="650,817 740,817 829,817 919,817 1008,817 1098,817 1187,817 1277,817 1366,817 1456,817 1545,817 1635,817 1724,823 1814,823 1903,829 1993,823 2082,823 2172,829 2262,829 2351,829 2441,829 2530,823 2620,823 2709,823 2799,823 2888,823 2978,823 3067,823 3157,817 3246,817 3336,817 3366,817"/>
                <TextEquiv>
                    <Unicode>Oui, malheureusement j'ai beaucoup à faire ici, comme vous</Unicode>
                </TextEquiv>
            </TextLine>
            <TextLine id="tr_2_tl_7" custom="readingOrder {index:6;}">
                <Coords points="620,999 2777,1062 3392,977 3392,874 620,878"/>
                <Baseline points="638,966 728,966 817,972 907,972 996,972 1086,972 1175,972 1265,972 1354,972 1444,972 1533,972 1623,978 1712,978 1802,978 1891,978 1981,978 2071,978 2160,978 2250,978 2339,984 2429,978 2518,978 2608,978 2697,978 2787,978 2876,978 2966,978 3055,978 3145,978 3234,978 3324,972 3401,972"/>
                <TextEquiv>
                    <Unicode>avez déjà pu le remarquer, madame. Et comme je ne puis pas</Unicode>
                </TextEquiv>
            </TextLine>
            <TextLine id="tr_2_tl_8" custom="readingOrder {index:7;}">
                <Coords points="612,1165 3363,1176 3363,1051 3256,1029 2238,1110 612,1029"/>
                <Baseline points="632,1122 722,1128 811,1128 901,1128 990,1128 1080,1128 1169,1128 1259,1128 1348,1133 1438,1133 1527,1133 1617,1133 1706,1133 1796,1133 1886,1133 1975,1133 2065,1133 2154,1139 2244,1139 2333,1133 2423,1139 2512,1133 2602,1133 2691,1133 2781,1133 2870,1128 2960,1128 3049,1133 3139,1128 3228,1128 3318,1122 3372,1128"/>
                <TextEquiv>
                    <Unicode>aller plus loin que Hofbranchütte, je préfère ne pas aller</Unicode>
                </TextEquiv>
            </TextLine>
            <TextLine id="tr_2_tl_9" custom="readingOrder {index:8;}">
                <Coords points="612,1331 774,1346 981,1302 1025,1331 1125,1298 1335,1309 1386,1287 1386,1169 1316,1154 1217,1210 1121,1213 1062,1173 966,1165 612,1206"/>
                <Baseline points="632,1277 722,1277 811,1277 901,1277 990,1283 1080,1283 1169,1283 1259,1283 1348,1289 1396,1283"/>
                <TextEquiv>
                    <Unicode>même jusque là.</Unicode>
                </TextEquiv>
            </TextLine>
            <TextLine id="tr_2_tl_10" custom="readingOrder {index:9;}">
                <Coords points="631,1516 1619,1457 3086,1538 3392,1475 3392,1328 631,1346"/>
                <Baseline points="650,1432 740,1432 829,1438 919,1438 1008,1438 1098,1438 1187,1438 1277,1438 1366,1438 1456,1438 1545,1444 1635,1444 1724,1444 1814,1444 1903,1444 1993,1444 2082,1444 2172,1444 2262,1444 2351,1444 2441,1444 2530,1438 2620,1438 2709,1438 2799,1444 2888,1438 2978,1438 3067,1438 3157,1438 3246,1438 3336,1432 3401,1438"/>
                <TextEquiv>
                    <Unicode>C'est très subtil. Mais dites-moi, Directeur, il me semble</Unicode>
                </TextEquiv>
            </TextLine>
            <TextLine id="tr_2_tl_11" custom="readingOrder {index:10;}">
                <Coords points="96,1545 133,1538 181,1497 240,1497 291,1482 280,1324 236,1335 218,1320 162,1364 148,1357 85,1375"/>
                <Baseline points="107,1444 196,1444 286,1456 292,1456"/>
                <TextEquiv>
                    <Unicode>RHON</Unicode>
                </TextEquiv>
            </TextLine>
            <TextLine id="tr_2_tl_12" custom="readingOrder {index:11;}">
                <Coords points="642,1615 1353,1696 3392,1637 3315,1490 642,1534"/>
                <Baseline points="662,1605 716,1593 805,1593 895,1593 984,1593 1074,1593 1163,1593 1253,1599 1342,1599 1432,1599 1521,1599 1611,1599 1700,1599 1790,1599 1880,1599 1969,1599 2059,1599 2148,1599 2238,1599 2327,1599 2417,1599 2506,1593 2596,1593 2685,1593 2775,1593 2864,1593 2954,1593 3043,1593 3133,1587 3222,1593 3312,1593 3401,1593"/>
                <TextEquiv>
                    <Unicode>que c'est de ce refuge qu'on va à votre Tour? Je veux dire</Unicode>
                </TextEquiv>
            </TextLine>
            <TextLine id="tr_2_tl_13" custom="readingOrder {index:12;}">
                <Coords points="623,1777 738,1807 811,1763 914,1796 1080,1759 1280,1811 1353,1763 1460,1766 1460,1685 1143,1663 1010,1696 756,1622 675,1670 623,1648"/>
                <Baseline points="644,1748 734,1754 823,1754 913,1754 1002,1754 1092,1754 1181,1754 1271,1754 1360,1754 1450,1754 1468,1760"/>
                <TextEquiv>
                    <Unicode>à la Tour Aigner.</Unicode>
                </TextEquiv>
            </TextLine>
            <TextLine id="tr_2_tl_14" custom="readingOrder {index:13;}">
                <Coords points="612,1929 3522,1980 3522,1840 3009,1781 612,1844"/>
                <Baseline points="632,1909 662,1909 752,1909 841,1909 931,1909 1020,1909 1110,1909 1199,1909 1289,1909 1378,1909 1468,1909 1557,1909 1647,1909 1736,1909 1826,1909 1915,1909 2005,1909 2094,1909 2184,1909 2273,1909 2363,1909 2453,1909 2542,1909 2632,1909 2721,1909 2811,1903 2900,1903 2990,1903 3079,1903 3169,1903 3258,1903 3348,1903 3437,1903 3527,1903"/>
                <TextEquiv>
                    <Unicode>Oui. Elle a été mienne une fois! Maintenant elle ne m'appar-</Unicode>
                </TextEquiv>
            </TextLine>
            <TextLine id="tr_2_tl_15" custom="readingOrder {index:14;}">
                <Coords points="620,2098 2530,2128 2825,2113 2865,2002 620,2006"/>
                <Baseline points="638,2065 728,2065 817,2071 907,2071 996,2071 1086,2065 1175,2071 1265,2065 1354,2071 1444,2071 1533,2071 1623,2071 1712,2065 1802,2065 1891,2065 1981,2065 2071,2065 2160,2071 2250,2065 2339,2071 2429,2071 2518,2065 2608,2065 2697,2065 2787,2065 2876,2065"/>
                <TextEquiv>
                    <Unicode>tient plus....  A d'autres non plus, je crois.</Unicode>
                </TextEquiv>
            </TextLine>
        </TextRegion>
        <TextRegion id="tr_1" custom="readingOrder {index:1;}">
            <Coords points="119,2158 3587,2158 3587,4993 119,4993"/>
            <TextLine id="tr_1_tl_1" custom="readingOrder {index:0;}">
                <Coords points="623,2290 3404,2264 3558,2231 3558,2102 623,2120"/>
                <Baseline points="644,2220 704,2226 793,2226 883,2226 972,2220 1062,2226 1151,2226 1241,2226 1330,2220 1420,2220 1510,2226 1599,2226 1689,2226 1778,2226 1868,2226 1957,2220 2047,2220 2136,2220 2226,2220 2315,2220 2405,2226 2494,2220 2584,2226 2673,2220 2763,2220 2852,2220 2942,2214 3031,2220 3121,2214 3210,2214 3300,2214 3390,2214 3479,2208 3569,2208"/>
                <TextEquiv>
                    <Unicode>Ce doit être une singulière sensation, de poser pour la premiè¬</Unicode>
                </TextEquiv>
            </TextLine>
            <TextLine id="tr_1_tl_2" custom="readingOrder {index:1;}">
                <Coords points="612,2437 3234,2448 3433,2408 3433,2283 612,2334"/>
                <Baseline points="632,2381 668,2381 757,2381 847,2381 937,2381 1026,2387 1116,2387 1205,2387 1295,2381 1384,2381 1474,2381 1563,2387 1653,2381 1742,2381 1832,2381 1921,2381 2011,2381 2100,2381 2190,2375 2279,2375 2369,2375 2458,2375 2548,2375 2638,2375 2727,2375 2817,2369 2906,2369 2996,2375 3085,2369 3175,2369 3264,2369 3354,2369 3443,2369"/>
                <TextEquiv>
                    <Unicode>re fois le pied sur un pic que personne n'a encore escaladé,</Unicode>
                </TextEquiv>
            </TextLine>
            <TextLine id="tr_1_tl_3" custom="readingOrder {index:2;}">
                <Coords points="623,2570 3440,2570 3529,2430 623,2471"/>
                <Baseline points="644,2542 668,2542 757,2542 847,2542 937,2542 1026,2542 1116,2542 1205,2542 1295,2542 1384,2542 1474,2536 1563,2536 1653,2542 1742,2542 1832,2536 1921,2536 2011,2536 2100,2536 2190,2536 2279,2536 2369,2536 2458,2536 2548,2536 2638,2536 2727,2530 2817,2530 2906,2530 2996,2530 3085,2524 3175,2530 3264,2524 3354,2524 3443,2524 3533,2524"/>
                <TextEquiv>
                    <Unicode>et que soi-même on ne peut plus...... On pourrait risquer une</Unicode>
                </TextEquiv>
            </TextLine>
            <TextLine id="tr_1_tl_4" custom="readingOrder {index:3;}">
                <Coords points="620,2751 3363,2725 3577,2696 3577,2585 620,2626"/>
                <Baseline points="638,2691 722,2697 811,2697 901,2697 990,2697 1080,2697 1169,2697 1259,2697 1348,2697 1438,2697 1527,2697 1617,2697 1706,2697 1796,2697 1886,2691 1975,2691 2065,2691 2154,2691 2244,2691 2333,2691 2423,2691 2512,2691 2602,2685 2691,2685 2781,2691 2870,2685 2960,2685 3049,2679 3139,2679 3228,2679 3318,2679 3407,2679 3497,2679 3587,2685"/>
                <TextEquiv>
                    <Unicode>comparaison.... que je préfère ne pas faire. Je suis persuadé</Unicode>
                </TextEquiv>
            </TextLine>
            <TextLine id="tr_1_tl_5" custom="readingOrder {index:4;}">
                <Coords points="623,2928 3496,2909 3496,2755 623,2795"/>
                <Baseline points="644,2858 728,2858 817,2858 907,2858 996,2852 1086,2852 1175,2852 1265,2852 1354,2852 1444,2846 1533,2852 1623,2852 1712,2852 1802,2852 1891,2846 1981,2852 2071,2852 2160,2858 2250,2858 2339,2858 2429,2858 2518,2852 2608,2852 2697,2846 2787,2846 2876,2840 2966,2840 3055,2840 3145,2840 3234,2840 3324,2840 3413,2840 3503,2840"/>
                <TextEquiv>
                    <Unicode>aussi que vous vous imaginez, ne plus pouvoir monter là haut.</Unicode>
                </TextEquiv>
            </TextLine>
            <TextLine id="tr_1_tl_6" custom="readingOrder {index:5;}">
                <Coords points="631,3086 3300,3031 3300,2924 3057,2895 631,2924"/>
                <Baseline points="650,3008 710,3008 799,3014 889,3014 978,3008 1068,3014 1157,3008 1247,3008 1336,3008 1426,3008 1515,3008 1605,3008 1695,3008 1784,3002 1874,3002 1963,3002 2053,3002 2142,3002 2232,3002 2321,3002 2411,3002 2500,2996 2590,2996 2679,3002 2769,2996 2858,2996 2948,2996 3037,2996 3127,2996 3216,2990 3306,2996"/>
                <TextEquiv>
                    <Unicode>J'ai mon idée sur vous, Directeur. Je vous crois un peu</Unicode>
                </TextEquiv>
            </TextLine>
            <TextLine id="tr_1_tl_7" custom="readingOrder {index:6;}">
                <Coords points="623,3234 712,3197 885,3223 1036,3193 1291,3252 1375,3201 1375,3075 1195,3112 981,3079 778,3116 623,3090"/>
                <Baseline points="644,3163 734,3169 823,3169 913,3169 1002,3169 1092,3169 1181,3169 1271,3169 1360,3169 1384,3169"/>
                <TextEquiv>
                    <Unicode>neuras thénique.</Unicode>
                </TextEquiv>
            </TextLine>
            <TextLine id="tr_1_tl_8" custom="readingOrder {index:7;}">
                <Coords points="631,3345 3363,3326 3171,3227 631,3238"/>
                <Baseline points="650,3330 686,3330 775,3330 865,3324 954,3324 1044,3324 1133,3324 1223,3324 1313,3324 1402,3318 1492,3318 1581,3318 1671,3318 1760,3318 1850,3318 1939,3312 2029,3312 2118,3312 2208,3312 2297,3312 2387,3312 2476,3306 2566,3306 2655,3306 2745,3306 2834,3306 2924,3306 3014,3306 3103,3306 3193,3300 3282,3306 3372,3312"/>
                <TextEquiv>
                    <Unicode>Si nous laissions ce sujet de conversation. Monsieur Rhon.</Unicode>
                </TextEquiv>
            </TextLine>
            <TextLine id="tr_1_tl_9" custom="readingOrder {index:8;}">
                <Coords points="111,3370 148,3363 214,3396 251,3374 269,3385 332,3370 380,3378 372,3223 336,3216 310,3241 288,3223 266,3227 243,3249 221,3230 188,3256 162,3241 107,3245"/>
                <Baseline points="131,3324 220,3324 310,3330 387,3330"/>
                <TextEquiv>
                    <Unicode>asr.w.</Unicode>
                </TextEquiv>
            </TextLine>
            <TextLine id="tr_1_tl_10" custom="readingOrder {index:9;}">
                <Coords points="122,3529 284,3573 502,3492 1755,3518 1807,3392 1357,3348 1165,3404 125,3400"/>
                <Baseline points="143,3479 232,3479 322,3485 411,3485 489,3485 525,3485 561,3485 650,3485 740,3485 829,3485 919,3479 1008,3485 1098,3479 1187,3479 1277,3479 1366,3473 1456,3473 1545,3473 1635,3473 1724,3473 1814,3473"/>
                <TextEquiv>
                    <Unicode>Vu dahalm médecin. (elle étouffe un petit cri)</Unicode>
                </TextEquiv>
            </TextLine>
            <TextLine id="tr_1_tl_11" custom="readingOrder {index:10;}">
                <Coords points="627,3673 719,3654 815,3691 955,3651 1162,3691 1217,3658 1331,3684 1663,3654 1663,3558 1549,3540 1442,3584 1147,3577 1058,3518 881,3555 756,3518 631,3540"/>
                <Baseline points="650,3646 686,3646 775,3640 865,3640 954,3634 1044,3634 1133,3634 1223,3634 1313,3634 1402,3634 1492,3628 1581,3628 1671,3622"/>
                <TextEquiv>
                    <Unicode>Qu'avez-vous madame?</Unicode>
                </TextEquiv>
            </TextLine>
            <TextLine id="tr_1_tl_12" custom="readingOrder {index:11;}">
                <Coords points="100,3724 140,3721 184,3680 195,3691 229,3680 284,3721 306,3721 302,3566 251,3551 229,3566 181,3555 136,3566 118,3551 96,3555"/>
                <Baseline points="119,3634 208,3634 298,3640 316,3640"/>
                <TextEquiv>
                    <Unicode>RHON</Unicode>
                </TextEquiv>
            </TextLine>
            <TextLine id="tr_1_tl_13" custom="readingOrder {index:12;}">
                <Coords points="642,3846 800,3802 1198,3861 1364,3809 1637,3868 1715,3813 2154,3876 2235,3850 2238,3680 645,3706"/>
                <Baseline points="662,3795 722,3795 811,3795 901,3795 990,3789 1080,3789 1169,3789 1259,3789 1348,3789 1438,3789 1527,3789 1617,3789 1706,3783 1796,3783 1886,3783 1975,3783 2065,3783 2154,3777 2244,3777"/>
                <TextEquiv>
                    <Unicode>Ils doivent être à la Tour Aigner.</Unicode>
                </TextEquiv>
            </TextLine>
            <TextLine id="tr_1_tl_14" custom="readingOrder {index:13;}">
                <Coords points="103,3879 170,3839 306,3857 358,3839 380,3861 413,3853 468,3868 465,3721 420,3713 347,3732 291,3724 262,3699 188,3728 170,3710 136,3724 100,3717"/>
                <Baseline points="119,3783 208,3795 298,3795 387,3795 477,3801"/>
                <TextEquiv>
                    <Unicode>Mme 7r.</Unicode>
                </TextEquiv>
            </TextLine>
            <TextLine id="tr_1_tl_15" custom="readingOrder {index:14;}">
                <Coords points="103,3990 262,4034 612,3964 918,4030 1176,3968 1335,3997 1335,3853 1280,3839 1051,3887 675,3839 431,3894 369,3853 103,3857"/>
                <Baseline points="125,3945 214,3945 304,3951 393,3951 483,3951 572,3957 662,3957 752,3957 841,3957 931,3951 1020,3951 1110,3951 1199,3951 1289,3945 1342,3951"/>
                <TextEquiv>
                    <Unicode>RHON (aussi un peu effrayé)</Unicode>
                </TextEquiv>
            </TextLine>
            <TextLine id="tr_1_tl_16" custom="readingOrder {index:15;}">
                <Coords points="1383,4049 2898,4038 2924,3898 2825,3957 2603,3909 2367,3975 1386,3920"/>
                <Baseline points="1402,4016 1408,4016 1498,4016 1587,4016 1677,4016 1766,4016 1856,4016 1945,4016 2035,4010 2124,4010 2214,4010 2303,4004 2393,4004 2482,4010 2572,4004 2661,4004 2751,4004 2840,4004 2930,3998"/>
                <TextEquiv>
                    <Unicode>Comment en avez-vous eu l'idée?</Unicode>
                </TextEquiv>
            </TextLine>
            <TextLine id="tr_1_tl_17" custom="readingOrder {index:16;}">
                <Coords points="631,4255 3175,4222 3411,4178 3411,4075 631,4115"/>
                <Baseline points="650,4189 734,4183 823,4183 913,4183 1002,4183 1092,4183 1181,4183 1271,4183 1360,4183 1450,4177 1539,4177 1629,4171 1718,4171 1808,4171 1897,4171 1987,4165 2077,4165 2166,4165 2256,4165 2345,4165 2435,4165 2524,4165 2614,4159 2703,4159 2793,4159 2882,4159 2972,4159 3061,4159 3151,4159 3240,4159 3330,4159 3419,4165"/>
                <TextEquiv>
                    <Unicode>C'est évident. Sans cela ils seraient déjà de retour. Ils</Unicode>
                </TextEquiv>
            </TextLine>
            <TextLine id="tr_1_tl_18" custom="readingOrder {index:17;}">
                <Coords points="122,4266 192,4259 225,4278 247,4270 262,4285 317,4289 350,4270 384,4281 431,4259 468,4270 465,4104 391,4097 365,4119 240,4126 114,4104"/>
                <Baseline points="137,4183 226,4183 316,4189 405,4189 471,4189"/>
                <TextEquiv>
                    <Unicode>Mme WaHL</Unicode>
                </TextEquiv>
            </TextLine>
            <TextLine id="tr_1_tl_19" custom="readingOrder {index:18;}">
                <Coords points="631,4410 3404,4392 3407,4207 1047,4318 634,4255"/>
                <Baseline points="650,4344 728,4344 817,4344 907,4344 996,4344 1086,4350 1175,4344 1265,4339 1354,4339 1444,4339 1533,4333 1623,4333 1712,4327 1802,4327 1891,4327 1981,4327 2071,4321 2160,4327 2250,4327 2339,4321 2429,4321 2518,4321 2608,4321 2697,4321 2787,4321 2876,4321 2966,4321 3055,4315 3145,4315 3234,4315 3324,4315 3413,4315"/>
                <TextEquiv>
                    <Unicode>ont même pris un guide. Il n'y a pas de doute, Monsieur le</Unicode>
                </TextEquiv>
            </TextLine>
            <TextLine id="tr_1_tl_20" custom="readingOrder {index:19;}">
                <Coords points="631,4572 3374,4521 3378,4418 631,4410"/>
                <Baseline points="650,4500 698,4500 787,4500 877,4500 966,4500 1056,4500 1145,4500 1235,4500 1324,4494 1414,4494 1504,4488 1593,4488 1683,4488 1772,4482 1862,4482 1951,4482 2041,4482 2130,4476 2220,4482 2309,4482 2399,4476 2488,4476 2578,4476 2667,4476 2757,4476 2846,4476 2936,4476 3025,4470 3115,4470 3205,4470 3294,4470 3384,4470"/>
                <TextEquiv>
                    <Unicode>Directeur, si vous êtes dans le complot, avouez le tout de</Unicode>
                </TextEquiv>
            </TextLine>
            <TextLine id="tr_1_tl_21" custom="readingOrder {index:20;}">
                <Coords points="623,4772 693,4735 741,4753 782,4746 800,4727 863,4753 944,4746 940,4624 885,4602 867,4609 830,4584 793,4598 734,4598 712,4580 667,4602 645,4587 620,4595"/>
                <Baseline points="644,4655 734,4661 823,4661 913,4661 954,4661"/>
                <TextEquiv>
                    <Unicode>sui te.</Unicode>
                </TextEquiv>
            </TextLine>
            <TextLine id="tr_1_tl_22" custom="readingOrder {index:21;}">
                <Coords points="620,4904 1567,4919 1818,4801 2825,4801 2485,4716 623,4768"/>
                <Baseline points="638,4822 686,4822 775,4816 865,4816 954,4816 1044,4816 1133,4816 1223,4816 1313,4810 1402,4810 1492,4810 1581,4804 1671,4804 1760,4798 1850,4798 1939,4792 2029,4792 2118,4792 2208,4792 2297,4792 2387,4792 2476,4792 2566,4786 2655,4792 2745,4792 2834,4792"/>
                <TextEquiv>
                    <Unicode>Je puis vous jurer que je n'en savais rien....</Unicode>
                </TextEquiv>
            </TextLine>
            <TextLine id="tr_1_tl_23" custom="readingOrder {index:22;}">
                <Coords points="133,4860 151,4856 184,4879 221,4849 243,4868 277,4853 302,4871 324,4853 387,4853 376,4698 328,4709 317,4702 280,4720 218,4690 192,4705 122,4702"/>
                <Baseline points="149,4804 238,4810 328,4816 393,4822"/>
                <TextEquiv>
                    <Unicode>GAIGNER</Unicode>
                </TextEquiv>
            </TextLine>
            <TextLine id="tr_1_tl_24" custom="readingOrder {index:23;}">
                <Coords points="118,5037 140,5030 155,5037 173,5015 192,5022 243,5011 266,5022 324,5019 317,4886 299,4890 273,4875 254,4879 243,4893 177,4886 151,4904 125,4890 107,4893"/>
                <Baseline points="131,4965 220,4971 310,4977 334,4983"/>
                <TextEquiv>
                    <Unicode>RHON</Unicode>
                </TextEquiv>
            </TextLine>
            <TextLine id="tr_1_tl_25" custom="readingOrder {index:24;}">
                <Coords points="631,5000 844,5030 974,4986 1121,5037 1232,5008 1272,5041 1622,4986 1622,4915 1527,4893 1364,4926 1180,4893 1084,4934 974,4904 756,4926 701,4886 631,4912"/>
                <Baseline points="650,4977 734,4983 823,4983 913,4977 1002,4977 1092,4983 1181,4977 1271,4977 1360,4971 1450,4971 1539,4971 1629,4971"/>
                <TextEquiv>
                    <Unicode>Il y a un guide ici.</Unicode>
                </TextEquiv>
            </TextLine>
        </TextRegion>
    </Page>
</PcGts>
