4088 5304
1897 232 2234 461 — 84 —
416 356 813 574 FREDERIC
888 371 3610 570 Cela aurait dû être une raison de plus pour vous réconcilie
1323 465 3929 667 Mais moi aussi je sauvais beaucoup. C'est ici qu'est le
858 555 3872 753 Possibles, - Je l'aimais infiniment.... Comme aucune autre avant
420 536 724 735 AIGNER
885 634 1353 753 verblänne.
866 761 3831 930 et aucune autre... enfin laissons ça. S'il n'en avait pas été
870 888 3651 1031 ainsi, tout était réparable. Mais précisément parce que je
847 1008 3749 1222 l'aimais beaucoup - et que j'étais tout de même capable de la
873 1166 3854 1372 tromper... voyez-vous mon cher Hofreiter, cette pensée l'a fait
855 1372 3752 1582 douter de moi et de tout l'univers. Cela ne donne plus aucune
855 1470 3670 1694 certitude sur la terre.... aucune possibilité de confiance,
858 1672 3745 1841 vous me comprenez Hofreiter? Ce qui l'a éloignée de moi, ce
847 1814 3715 1983 n'est pas parce qua cela est arrivé, non, mais parce que cela
847 1961 3689 2189 avait été possible. Et je le comprends. J'aurais même pu le
843 2107 1256 2294 prévoir.
390 2253 753 2455 FREDERIO
851 2208 2999 2463 Oui, alors je vous demanderai pourquoi...?
401 2410 671 2613 AIGNER
828 2429 3835 2605 Pourquoi je l'ai trompée -?... c'est Vous qui me demandez cela
813 2598 3738 2804 Est-ce qu'il ne vous est pas encore apparu, combien les hommes
825 2778 3741 2965 sont des êtres compliqués au fond? Il y a place pour tant de
813 2890 3801 3100 choses en nous, en même temps - I Amour et trahison... Fidelite
817 3048 3779 3280 et Infidélité.... Adoration de l'une et désir d'une autre ou de
802 3235 3801 3400 plusieurs autres. Nous cherchons bien à ordonner nos sentiments
821 3400 3805 3569 contradictoires,aussi bien que nous le pouvons, nais l'ordre que
810 3565 3760 3696 nous orçons en nous est toujours quelque chose d'artificiel....
795 3711 3614 3872 Je fond de la nature humaine, c'est le Chace. Oui - mon bon
798 3865 3689 4037 Hofreiter, l'âme... est une vaste contrée, comme un poète l'a
787 4015 3794 4187 exprimé une fois.... Du reste cela peut être euest un Directeur
787 4131 2231 4375 l'Hôtel peut le dire aussi.
337 4304 727 4454 FREDERIC
787 4247 3663 4510 Le Directeur d'hôtel n'a pas tout à fait tort... certainement
791 4450 1218 4648 (silence)
1245 4547 3633 4738 Au fond le malheur a été seulement que votre femme
780 4708 3719 4892 s'en est sperçue, sinon vous seriez encore aujourd'hui lesplus
783 4817 1901 5098 cheureux deux couple.
