3688 5288
1538 310 1830 478 — 49 —
649 407 3475 603 Oh, Mme Meinhold, si tard? Je craignais que vous ne veniez
649 592 3510 763 pas aujourd'hui. Maintenant je me réjouis doublement de vous
653 735 3111 960 voir. Venez chère Madame Meinhold. Peut-être ici?
667 892 1709 1131 (Allant vers le noyer)
1723 953 3557 1213 Je crois que c'est votre place préférée
96 1167 589 1359 ne MEINHOUD.
671 1170 2312 1388 (remarquant la distinction de Genia,
2344 1188 2968 1423 Merci, merci.
96 1388 278 1559 INIA
653 1373 3475 1530 Ou peut-être près du tennis? On joue sérieusement, et vous
667 1523 2558 1687 aimez beaucoup regarder, n'est-ce pas?
96 1659 589 1862 MEINHOLD
660 1684 1138 1862 (souriant)
1120 1805 2925 1991 Je viens pour vous chère Madame Genia.
649 1912 2415 2158 (s'asseyant près d'elle sous le noyer
2437 1969 3346 2169 Mais je vous ai pas
653 2140 3507 2280 dérangée. Vous paraissez un peu - vous rentriez, je crois?
653 2305 3328 2462 Non pas du tout. C'est seulement - mon mari qui prend le
667 2472 3428 2629 traîn avec le Docteur Mauer. Demain il part en voyage avec
653 2644 3254 2804 lui. Ils vont faire ensemble une tournée d'excursion.
653 2772 3457 2922 Pensez donc, il y a une heure, il n'en savait rien lui-même.
649 2950 3254 3089 Le docteur est venu nous dire adieu, il a naturellement
635 3122 3350 3250 parlé de ses projets de voyage et Frédéric a aussitôt été
653 3246 3453 3425 séduit par cette idée d'aller encore une fois dans la monta¬
653 3421 2972 3592 gne, comme autrefois. Et il va partir maintenant
1363 3482 3154 3646 (Elle jette un coup d'oeil au balcon).
635 3639 3346 3835 Je suis donc venue mal à propos. Vous avez certainement à
332 3650 582 3824 NHOLD
649 3803 3375 3971 parler encore à votre mari à cause de ce départ précipité.
649 3956 3500 4178 Oh non, c'est seulement pour peu de tempe, et nous ne faisons
642 4103 2319 4281 pas de sentiment, non, réellement.
100 4231 571 4445 8 MEINHOLD.
635 4220 3382 4417 Et vous aurez bientôt votre Percy maintenant près de vous.
93 4413 289 4595 RÖNIA
631 4427 3400 4620 Oh, mon mari sera de retour encore avant ce moment. Percy
642 4556 1720 4791 revient dans 15 jours.
136 4738 582 4945 MEINHOLD
642 4713 2968 4973 Son absence vous est très pénible, n'est-ce pas?
