<?xml version="1.0" encoding="UTF-8" standalone="yes"?>
<PcGts xmlns="http://schema.primaresearch.org/PAGE/gts/pagecontent/2013-07-15" xmlns:xsi="http://www.w3.org/2001/XMLSchema-instance" xsi:schemaLocation="http://schema.primaresearch.org/PAGE/gts/pagecontent/2013-07-15 http://schema.primaresearch.org/PAGE/gts/pagecontent/2013-07-15/pagecontent.xsd">
    <Metadata>
        <Creator>prov=READ-COOP:name=TrHtr:version=2.1.0:model_id=51170:date=15_08_2023_06:53</Creator>
        <Created>2023-05-10T15:30:48.564+02:00</Created>
        <LastChange>2023-08-15T06:53:04.729+02:00</LastChange>
        <TranskribusMetadata docId="1428916" pageId="55434726" pageNr="124" tsid="132841289" status="IN_PROGRESS" userId="64420" imgUrl="https://files.transkribus.eu/Get?id=XWFASLVFRWGENLAEBTSEGFMN&amp;fileType=view" xmlUrl="https://files.transkribus.eu/Get?id=ERXSWESRSPRBWWBWCZKJLTIT" imageId="44708716"/>
    </Metadata>
    <Page imageFilename="1428916_0124.jpg" imageWidth="4024" imageHeight="5288">
        <ReadingOrder>
            <OrderedGroup id="ro_1711801957838" caption="Regions reading order">
                <RegionRefIndexed index="0" regionRef="tr_2"/>
                <RegionRefIndexed index="1" regionRef="tr_1"/>
            </OrderedGroup>
        </ReadingOrder>
        <TextRegion id="tr_2" custom="readingOrder {index:0;}">
            <Coords points="405,135 3742,135 3742,2552 405,2552"/>
            <TextLine id="tr_2_tl_1" custom="readingOrder {index:0;}">
                <Coords points="1916,250 1958,254 1966,242 2003,254 2012,242 2037,250 2082,242 2078,96 2049,96 2016,67 1987,96 1949,83 1908,87"/>
                <Baseline points="1933,185 2023,190 2094,190"/>
                <TextEquiv>
                    <Unicode>for</Unicode>
                </TextEquiv>
            </TextLine>
            <TextLine id="tr_2_tl_2" custom="readingOrder {index:1;}">
                <Coords points="1970,333 1999,333 2016,350 2041,346 2070,367 2087,367 2120,350 2149,367 2170,367 2174,283 2091,275 2058,287 1991,246 1970,246"/>
                <Baseline points="1993,316 2005,316 2094,316 2184,310"/>
                <TextEquiv>
                    <Unicode>1,11...</Unicode>
                </TextEquiv>
            </TextLine>
            <TextLine id="tr_2_tl_3" custom="readingOrder {index:2;}">
                <Coords points="3074,462 3170,479 3253,450 3282,479 3303,479 3303,242 3274,242 3228,271 3207,262 3182,283 3157,267 3107,287 3074,279"/>
                <Baseline points="3097,399 3133,393 3222,399 3312,393"/>
                <TextEquiv>
                    <Unicode>1,1</Unicode>
                </TextEquiv>
            </TextLine>
            <TextLine id="tr_2_tl_4" custom="readingOrder {index:3;}">
                <Coords points="937,429 1012,433 1020,425 1095,466 1133,454 1166,462 1166,217 1125,225 1095,200 1079,200 1012,233 991,225 970,237 937,233"/>
                <Baseline points="960,399 1050,393 1139,393 1175,399"/>
                <TextEquiv>
                    <Unicode>1</Unicode>
                </TextEquiv>
            </TextLine>
            <TextLine id="tr_2_tl_5" custom="readingOrder {index:4;}">
                <Coords points="1778,475 1824,475 1849,462 1878,483 1891,466 1920,487 1995,462 2024,483 2049,483 2041,350 1983,337 1941,296 1916,292 1833,325 1799,304 1774,308"/>
                <Baseline points="1802,399 1891,405 1981,405 2053,411"/>
                <TextEquiv>
                    <Unicode>-123-</Unicode>
                </TextEquiv>
            </TextLine>
            <TextLine id="tr_2_tl_6" custom="readingOrder {index:5;}">
                <Coords points="416,704 1987,779 2907,683 3174,771 3732,733 3732,579 412,529"/>
                <Baseline points="441,650 531,644 620,638 710,632 799,632 889,632 978,638 1068,638 1157,638 1247,638 1336,638 1426,638 1515,650 1605,644 1695,638 1784,644 1874,644 1963,650 2053,644 2142,644 2232,644 2321,650 2411,650 2500,650 2590,656 2679,650 2769,650 2858,656 2948,656 3037,662 3127,662 3216,662 3306,662 3396,668 3485,668 3575,668 3664,668 3742,674"/>
                <TextEquiv>
                    <Unicode>FREDARIC.- Je l'espère, (bas) et bientôt. Dans une heure, dans le parc.</Unicode>
                </TextEquiv>
            </TextLine>
            <TextLine id="tr_2_tl_7" custom="readingOrder {index:6;}">
                <Coords points="400,879 962,862 1050,833 1050,708 791,704 758,729 700,712 654,733 596,704 525,725 504,704 400,700"/>
                <Baseline points="423,799 435,793 525,793 614,793 704,787 793,793 883,787 972,793 1062,793"/>
                <TextEquiv>
                    <Unicode>OTTO. - (sort)</Unicode>
                </TextEquiv>
            </TextLine>
            <TextLine id="tr_2_tl_8" custom="readingOrder {index:7;}">
                <Coords points="408,1041 3632,1083 3628,837 3361,916 2366,729 1708,900 404,883"/>
                <Baseline points="429,966 519,954 608,954 698,948 787,948 877,948 966,948 1056,948 1145,948 1235,954 1324,954 1414,954 1504,954 1593,954 1683,954 1772,954 1862,954 1951,954 2041,954 2130,954 2220,954 2309,960 2399,960 2488,960 2578,960 2667,960 2757,960 2846,960 2936,966 3025,966 3115,966 3205,966 3294,966 3384,972 3473,972 3563,972 3640,972"/>
                <TextEquiv>
                    <Unicode>PAUL.- (dit tout bas quelque chose à Custave, et suit Otto avec lui).</Unicode>
                </TextEquiv>
            </TextLine>
            <TextLine id="tr_2_tl_9" custom="readingOrder {index:8;}">
                <Coords points="412,1170 687,1125 1045,1158 1087,1129 1150,1162 1216,1125 1329,1162 1383,1133 1458,1179 1516,1154 1512,1008 1433,1050 1362,1004 1179,1008 1066,1079 771,1025 408,1045"/>
                <Baseline points="429,1110 519,1110 608,1110 698,1110 787,1110 877,1110 966,1110 1056,1110 1145,1110 1235,1110 1324,1110 1414,1116 1504,1110 1521,1110"/>
                <TextEquiv>
                    <Unicode>ERNA. - (reste immobile)</Unicode>
                </TextEquiv>
            </TextLine>
            <TextLine id="tr_2_tl_10" custom="readingOrder {index:9;}">
                <Coords points="412,1341 537,1308 754,1324 925,1291 962,1320 1095,1283 1179,1324 1304,1291 1299,1137 1137,1166 991,1133 891,1158 850,1129 787,1158 750,1120 683,1154 408,1158"/>
                <Baseline points="429,1265 519,1271 608,1271 698,1265 787,1265 877,1271 966,1271 1056,1271 1145,1271 1235,1271 1307,1271"/>
                <TextEquiv>
                    <Unicode>CENIA.- (immobile)</Unicode>
                </TextEquiv>
            </TextLine>
            <TextLine id="tr_2_tl_11" custom="readingOrder {index:10;}">
                <Coords points="412,1516 3482,1520 3715,1474 3715,1316 408,1341"/>
                <Baseline points="429,1426 519,1426 608,1420 698,1426 787,1426 877,1420 966,1426 1056,1432 1145,1432 1235,1432 1324,1432 1414,1432 1504,1426 1593,1426 1683,1426 1772,1426 1862,1426 1951,1432 2041,1432 2130,1432 2220,1432 2309,1432 2399,1432 2488,1438 2578,1432 2667,1432 2757,1432 2846,1432 2936,1432 3025,1432 3115,1432 3205,1432 3294,1438 3384,1438 3473,1438 3563,1438 3652,1444 3724,1438"/>
                <TextEquiv>
                    <Unicode>Mme WaHL.- (regarde autour d'elle complexe, puis se troune vers Adèle).</Unicode>
                </TextEquiv>
            </TextLine>
            <TextLine id="tr_2_tl_12" custom="readingOrder {index:11;}">
                <Coords points="400,1649 3128,1633 3128,1474 400,1504"/>
                <Baseline points="423,1569 513,1575 602,1575 692,1581 781,1587 871,1587 960,1587 1050,1587 1139,1587 1229,1587 1319,1587 1408,1587 1498,1587 1587,1587 1677,1587 1766,1587 1856,1587 1945,1587 2035,1587 2124,1587 2214,1587 2303,1587 2393,1587 2482,1587 2572,1587 2661,1587 2751,1587 2840,1587 2930,1587 3020,1587 3109,1587 3139,1593"/>
                <TextEquiv>
                    <Unicode>assurer - Nous ne voulons pas vous déranger plus longtemps.</Unicode>
                </TextEquiv>
            </TextLine>
            <TextLine id="tr_2_tl_13" custom="readingOrder {index:12;}">
                <Coords points="408,1803 3594,1774 3519,1620 408,1633"/>
                <Baseline points="429,1742 519,1742 608,1742 698,1742 787,1748 877,1742 966,1748 1056,1748 1145,1748 1235,1748 1324,1748 1414,1748 1504,1748 1593,1748 1683,1748 1772,1742 1862,1742 1951,1742 2041,1742 2130,1748 2220,1742 2309,1742 2399,1742 2488,1742 2578,1742 2667,1742 2757,1742 2846,1742 2936,1742 3025,1748 3115,1742 3205,1748 3294,1748 3384,1748 3473,1748 3563,1748 3604,1748"/>
                <TextEquiv>
                    <Unicode>FREDERIO.- Oh non, cela ne fait rien - au contraire (A Mauer à part)</Unicode>
                </TextEquiv>
            </TextLine>
            <TextLine id="tr_2_tl_14" custom="readingOrder {index:13;}">
                <Coords points="691,1928 1266,1958 1495,1903 1674,1958 1753,1912 2091,1953 2257,1933 2257,1795 691,1812"/>
                <Baseline points="716,1897 805,1897 895,1903 984,1903 1074,1903 1163,1903 1253,1903 1342,1903 1432,1903 1521,1903 1611,1897 1700,1897 1790,1897 1880,1897 1969,1897 2059,1897 2148,1897 2238,1897 2267,1897"/>
                <TextEquiv>
                    <Unicode>J'espère pouvoir compter sur toi.</Unicode>
                </TextEquiv>
            </TextLine>
            <TextLine id="tr_2_tl_15" custom="readingOrder {index:14;}">
                <Coords points="383,2107 2457,2107 2536,2095 2541,1933 387,1945"/>
                <Baseline points="405,2059 495,2065 584,2065 674,2071 763,2065 853,2065 943,2065 1032,2059 1122,2065 1211,2059 1301,2059 1390,2059 1480,2059 1569,2053 1659,2059 1748,2053 1838,2053 1927,2053 2017,2053 2106,2053 2196,2053 2285,2053 2375,2053 2464,2053 2548,2059"/>
                <TextEquiv>
                    <Unicode>MAUER.- Non. Je ne veux pas me mêler de ça.</Unicode>
                </TextEquiv>
            </TextLine>
            <TextLine id="tr_2_tl_16" custom="readingOrder {index:15;}">
                <Coords points="383,2303 1758,2232 2041,2324 2891,2216 3178,2299 3649,2245 3653,2141 387,2145"/>
                <Baseline points="405,2226 435,2220 525,2226 614,2226 704,2220 793,2220 883,2214 972,2214 1062,2220 1151,2220 1241,2214 1330,2214 1420,2214 1510,2214 1599,2220 1689,2214 1778,2214 1868,2214 1957,2214 2047,2214 2136,2208 2226,2208 2315,2208 2405,2208 2494,2208 2584,2208 2673,2208 2763,2208 2852,2208 2942,2208 3031,2208 3121,2208 3210,2208 3300,2208 3390,2208 3479,2208 3569,2208 3658,2214"/>
                <TextEquiv>
                    <Unicode>FREDERIC. - Comme médecin, Mauer. Tu ne peux pas me refuser, c'est ton</Unicode>
                </TextEquiv>
            </TextLine>
            <TextLine id="tr_2_tl_17" custom="readingOrder {index:16;}">
                <Coords points="658,2412 704,2428 771,2412 808,2432 916,2437 962,2399 1029,2399 1029,2241 979,2253 879,2312 841,2291 825,2303 791,2291 758,2312 729,2303 712,2320 658,2324"/>
                <Baseline points="680,2375 769,2375 859,2375 948,2375 1038,2375"/>
                <TextEquiv>
                    <Unicode>devoir.</Unicode>
                </TextEquiv>
            </TextLine>
            <TextLine id="tr_2_tl_18" custom="readingOrder {index:17;}">
                <Coords points="392,2599 1233,2549 1545,2595 1912,2536 2033,2595 2062,2462 1841,2457 1762,2395 1470,2462 1170,2403 396,2407"/>
                <Baseline points="417,2536 459,2542 549,2536 638,2536 728,2536 817,2536 907,2536 996,2536 1086,2536 1175,2536 1265,2536 1354,2530 1444,2530 1533,2530 1623,2530 1712,2530 1802,2524 1891,2524 1981,2524 2071,2530"/>
                <TextEquiv>
                    <Unicode>MAUER. - (hausse les épaules) Allons.</Unicode>
                </TextEquiv>
            </TextLine>
        </TextRegion>
        <TextRegion id="tr_1" custom="readingOrder {index:1;}">
            <Coords points="405,2629 3748,2629 3748,4945 405,4945"/>
            <TextLine id="tr_1_tl_1" custom="readingOrder {index:0;}">
                <Coords points="383,2766 1783,2695 2082,2799 2157,2761 2162,2632 1000,2561 833,2620 387,2607"/>
                <Baseline points="411,2709 471,2697 561,2697 650,2697 740,2691 829,2685 919,2691 1008,2691 1098,2691 1187,2691 1277,2691 1366,2685 1456,2685 1545,2685 1635,2685 1724,2685 1814,2679 1903,2679 1993,2679 2082,2679 2172,2679"/>
                <TextEquiv>
                    <Unicode>FREDERIC. - Merci. Von cher Stanzides.</Unicode>
                </TextEquiv>
            </TextLine>
            <TextLine id="tr_1_tl_2" custom="readingOrder {index:1;}">
                <Coords points="383,2916 775,2916 950,2849 2262,2878 2295,2749 2082,2799 1691,2791 1558,2707 383,2761"/>
                <Baseline points="405,2858 423,2858 513,2852 602,2858 692,2852 781,2852 871,2852 960,2846 1050,2846 1139,2846 1229,2846 1319,2846 1408,2846 1498,2846 1587,2840 1677,2840 1766,2840 1856,2840 1945,2840 2035,2834 2124,2834 2214,2834 2303,2840"/>
                <TextEquiv>
                    <Unicode>STANZIDES. - Vous pouvez compter sur moi.</Unicode>
                </TextEquiv>
            </TextLine>
            <TextLine id="tr_1_tl_3" custom="readingOrder {index:2;}">
                <Coords points="400,3070 2724,2990 2891,3065 3228,2995 3232,2874 400,2903"/>
                <Baseline points="423,3014 459,3020 549,3014 638,3014 728,3014 817,3008 907,3008 996,3008 1086,3008 1175,3008 1265,3008 1354,3002 1444,3002 1533,2996 1623,2996 1712,2996 1802,2996 1891,2996 1981,2996 2071,2996 2160,2996 2250,2990 2339,2990 2429,2984 2518,2990 2608,2984 2697,2984 2787,2984 2876,2978 2966,2984 3055,2978 3145,2984 3234,2978"/>
                <TextEquiv>
                    <Unicode>FREDERIC.- Je vous remercie. Natter, puis-je vous demander?</Unicode>
                </TextEquiv>
            </TextLine>
            <TextLine id="tr_1_tl_4" custom="readingOrder {index:3;}">
                <Coords points="387,3257 704,3257 825,3178 1916,3186 1920,3057 387,3074"/>
                <Baseline points="411,3181 495,3169 584,3175 674,3169 763,3169 853,3169 943,3169 1032,3169 1122,3163 1211,3163 1301,3163 1390,3157 1480,3157 1569,3157 1659,3157 1748,3157 1838,3157 1927,3151"/>
                <TextEquiv>
                    <Unicode>UATTER. - Mon cher Hofreiter......</Unicode>
                </TextEquiv>
            </TextLine>
            <TextLine id="tr_1_tl_5" custom="readingOrder {index:4;}">
                <Coords points="392,3424 3736,3340 3736,3190 3349,3120 3090,3220 396,3261"/>
                <Baseline points="417,3336 435,3336 525,3336 614,3336 704,3336 793,3330 883,3330 972,3330 1062,3324 1151,3324 1241,3324 1330,3324 1420,3318 1510,3318 1599,3318 1689,3318 1778,3312 1868,3312 1957,3312 2047,3306 2136,3306 2226,3306 2315,3306 2405,3306 2494,3300 2584,3300 2673,3300 2763,3300 2852,3300 2942,3300 3031,3294 3121,3294 3210,3294 3300,3294 3390,3294 3479,3288 3569,3288 3658,3288 3748,3288"/>
                <TextEquiv>
                    <Unicode>FREDERIC. - (prend Natter à part sur le devant) Je pense que nous sommes</Unicode>
                </TextEquiv>
            </TextLine>
            <TextLine id="tr_1_tl_6" custom="readingOrder {index:5;}">
                <Coords points="675,3544 2990,3469 3628,3561 3632,3382 675,3382"/>
                <Baseline points="698,3491 775,3491 865,3485 954,3485 1044,3485 1133,3479 1223,3479 1313,3479 1402,3473 1492,3473 1581,3473 1671,3467 1760,3467 1850,3467 1939,3467 2029,3467 2118,3461 2208,3461 2297,3461 2387,3461 2476,3461 2566,3461 2655,3461 2745,3455 2834,3455 2924,3455 3014,3455 3103,3449 3193,3449 3282,3449 3372,3449 3461,3449 3551,3449 3640,3449"/>
                <TextEquiv>
                    <Unicode>d'accord dans notre manière d'envisager la vie, n'est-ce pas? A</Unicode>
                </TextEquiv>
            </TextLine>
            <TextLine id="tr_1_tl_7" custom="readingOrder {index:6;}">
                <Coords points="658,3657 766,3690 929,3661 987,3703 1062,3711 1175,3661 1304,3707 1370,3657 1416,3665 1420,3574 1258,3569 1200,3536 1170,3553 1129,3519 1087,3561 995,3578 845,3553 800,3590 721,3574 658,3599"/>
                <Baseline points="680,3646 710,3646 799,3646 889,3646 978,3646 1068,3640 1157,3640 1247,3640 1336,3634 1426,3634"/>
                <TextEquiv>
                    <Unicode>mourir de rire.</Unicode>
                </TextEquiv>
            </TextLine>
            <TextLine id="tr_1_tl_8" custom="readingOrder {index:7;}">
                <Coords points="392,3898 604,3848 829,3886 1095,3811 1441,3857 1624,3786 1837,3857 1841,3686 396,3732"/>
                <Baseline points="417,3819 507,3813 596,3807 686,3807 775,3801 865,3801 954,3801 1044,3795 1133,3795 1223,3795 1313,3795 1402,3795 1492,3789 1581,3783 1671,3783 1760,3783 1850,3783"/>
                <TextEquiv>
                    <Unicode> delivants. Je l'ai toujours dit.</Unicode>
                </TextEquiv>
            </TextLine>
            <TextLine id="tr_1_tl_9" custom="readingOrder {index:8;}">
                <Coords points="383,4048 1150,3953 3295,3978 3449,3807 383,3911"/>
                <Baseline points="405,3968 417,3968 507,3968 596,3968 686,3963 775,3963 865,3963 954,3957 1044,3957 1133,3951 1223,3951 1313,3951 1402,3945 1492,3945 1581,3945 1671,3939 1760,3939 1850,3933 1939,3933 2029,3927 2118,3927 2208,3927 2297,3921 2387,3921 2476,3921 2566,3921 2655,3915 2745,3915 2834,3915 2924,3915 3014,3915 3103,3909 3193,3909 3282,3909 3372,3909 3461,3909"/>
                <TextEquiv>
                    <Unicode>FRED.- La toute dernière plaisanterie serait encore plus piquante</Unicode>
                </TextEquiv>
            </TextLine>
            <TextLine id="tr_1_tl_10" custom="readingOrder {index:9;}">
                <Coords points="675,4153 2666,4107 2766,4090 2770,3957 679,4057"/>
                <Baseline points="698,4130 716,4124 805,4118 895,4118 984,4118 1074,4118 1163,4112 1253,4106 1342,4106 1432,4106 1521,4100 1611,4100 1700,4094 1790,4094 1880,4088 1969,4088 2059,4088 2148,4082 2238,4082 2327,4076 2417,4076 2506,4076 2596,4076 2685,4070 2775,4076"/>
                <TextEquiv>
                    <Unicode>pour moi, - si vous vouliez être mon temoin.</Unicode>
                </TextEquiv>
            </TextLine>
            <TextLine id="tr_1_tl_11" custom="readingOrder {index:10;}">
                <Coords points="383,4348 2970,4252 3365,4323 3415,4140 392,4153"/>
                <Baseline points="411,4285 471,4291 561,4285 650,4285 740,4279 829,4279 919,4279 1008,4273 1098,4273 1187,4267 1277,4267 1366,4267 1456,4261 1545,4261 1635,4255 1724,4249 1814,4249 1903,4243 1993,4243 2082,4237 2172,4237 2262,4231 2351,4231 2441,4231 2530,4231 2620,4225 2709,4225 2799,4225 2888,4225 2978,4219 3067,4219 3157,4213 3246,4213 3336,4213 3425,4219"/>
                <TextEquiv>
                    <Unicode>UATTER.- Volontiers. Le Lieutenant ne tire certainement pas mal.</Unicode>
                </TextEquiv>
            </TextLine>
            <TextLine id="tr_1_tl_12" custom="readingOrder {index:11;}">
                <Coords points="387,4502 3344,4544 3490,4498 3494,4319 392,4382"/>
                <Baseline points="411,4446 459,4446 549,4446 638,4446 728,4440 817,4440 907,4440 996,4434 1086,4428 1175,4428 1265,4428 1354,4422 1444,4422 1533,4416 1623,4416 1712,4410 1802,4410 1891,4404 1981,4398 2071,4398 2160,4392 2250,4392 2339,4386 2429,4386 2518,4386 2608,4386 2697,4380 2787,4380 2876,4380 2966,4380 3055,4380 3145,4380 3234,4374 3324,4380 3413,4374 3503,4368"/>
                <TextEquiv>
                    <Unicode>GENIA.- (Aveo une soudaine résolution* vers Frederic) Fréderio....</Unicode>
                </TextEquiv>
            </TextLine>
            <TextLine id="tr_1_tl_13" custom="readingOrder {index:12;}">
                <Coords points="396,4636 537,4686 637,4636 796,4661 900,4615 1016,4644 1100,4594 1316,4615 1420,4586 1424,4507 983,4498 854,4544 741,4498 529,4536 400,4515"/>
                <Baseline points="417,4601 447,4601 537,4595 626,4595 716,4595 805,4589 895,4583 984,4583 1074,4583 1163,4577 1253,4577 1342,4577 1432,4577"/>
                <TextEquiv>
                    <Unicode>FREDERIC. - Plus tard.</Unicode>
                </TextEquiv>
            </TextLine>
            <TextLine id="tr_1_tl_14" custom="readingOrder {index:13;}">
                <Coords points="408,4806 479,4798 541,4844 895,4756 1058,4806 1304,4748 1487,4769 1491,4615 1408,4606 1245,4673 1033,4661 987,4619 900,4673 716,4698 412,4677"/>
                <Baseline points="429,4768 513,4756 602,4756 692,4750 781,4750 871,4750 960,4744 1050,4738 1139,4738 1229,4732 1319,4732 1408,4732 1498,4732"/>
                <TextEquiv>
                    <Unicode>GENIA. - Tout de suite.</Unicode>
                </TextEquiv>
            </TextLine>
            <TextLine id="tr_1_tl_15" custom="readingOrder {index:14;}">
                <Coords points="400,4994 2782,4869 3236,4961 3349,4919 3353,4740 404,4840"/>
                <Baseline points="423,4935 495,4923 584,4917 674,4917 763,4917 853,4911 943,4911 1032,4906 1122,4906 1211,4900 1301,4894 1390,4894 1480,4888 1569,4882 1659,4882 1748,4876 1838,4870 1927,4870 2017,4864 2106,4864 2196,4858 2285,4858 2375,4852 2464,4852 2554,4852 2644,4852 2733,4846 2823,4840 2912,4840 3002,4834 3091,4834 3181,4834 3270,4834 3360,4834"/>
                <TextEquiv>
                    <Unicode>EREDERIC. (aux autres) Vous m'excusez (Avec elle sur le devant)</Unicode>
                </TextEquiv>
            </TextLine>
        </TextRegion>
    </Page>
</PcGts>
