3736 5272
1745 234 2013 385 - 42 -
559 321 3528 548 qui est vraiment la plus ravissante, la plus touchante créature
87 382 332 559 DELE
578 480 3498 695 que j'aie jamais rencontré. As-tu entendu tantôt comment elle
578 676 3456 842 m'a priée des enfants le prochaine fois?.... j'avais
563 831 1961 1069 envie de rentrer sous terre!
563 1020 1723 1190 Je ne l'ai pas remarqué.
117 1027 514 1201 FREDERIC.
570 1141 3509 1352 Il je l'avais mieux connue autrefois - Enfin -I vraiment tu ne
117 1194 378 1383 ADELE?
582 1333 1326 1537 la meritea pas.
578 1443 3562 1636 Je ne peux pas te contredire pour une fois. Mais si les choses
117 1496 510 1681 FREDERIC.
578 1594 3094 1772 étaient distribuses selon le mérite sur la terre....
593 1775 3592 1934 Et en ce qui concerne Erna - fais attention. Un frère est autre
106 1655 340 1983 DELE
552 1908 2912 2085 chose qu'un mari. Un frère voit bien des choses.
559 2021 3543 2251 Gustave! Oh la la tu sais, cela lui serait bien régal.... C'est
98 2081 472 2300 EDERIC.
559 2263 3566 2425 un philosophé. Je ne sais pas d'ailleurs ce qui te passe par la
559 2368 3343 2569 tête. C'est toi qui m'en donnes l'idée; voyons, une petite
552 2550 2557 2750 fille que j'ai fait sauter sur mes genoux.
552 2701 3498 2912 Cela ne prouve rien. On en fait sauter sur ses genoux qui ont
106 2742 355 2901 D yeue.
548 2871 1571 3048 déjà l'âge de raison.
552 2996 3524 3177 Oui, oui, Adèle..... Sans penser précisément à cette Erna, que
147 2999 442 3226 plusieurs
563 3192 3022 3354 tu me conseilles si aimablement.... ce serait beau!
570 3366 1957 3532 Qu'est-ce- qui serait beau?-
151 3343 355 3524 DELE.
548 3494 1938 3691 Déêtre jeune encore une fois!
219 3502 476 3717 DERIC.
559 3664 1915 3827 Tu l'as été assez longtemps.
570 3811 3574 3981 oui, mais je l'ai été trop tôt, maintenant je comprende vraiment
117 3819 461 4053 EDERIC
570 3947 3464 4133 ce que c'est que d'être jeune!... tout est bètement organisé
552 4125 3589 4340 dans le monde. C'est à quarante ans qu'on devrait devenir jeune
559 4238 3566 4469 alors on saurait ce qu'on fait. Veux-tu que je te dise, Adèha
533 4457 3479 4616 Il me semble que tout ce qui s'est passé jusqu'ici a été pour
563 4563 3513 4797 moi seulement une préparation. Et la vie et l'amour commencent
582 4729 1624 4964 seulement maintenant.
