3752 5288
1578 232 1918 442 — 78 —
623 391 2478 634 Il parait que vous avez joué au domino.
623 586 2106 741 Que tu est méchant! J'ai gagné.
243 590 465 763 Rhon
608 741 3440 911 Il m'aureit été plus agréable que tu ajes essayé de grimper.
100 730 266 914 RHON
623 907 3330 1077 J'y ai bien pensé un moment. Mais ils n'ont pas voulu me
159 903 454 1055 ne Rhon
605 1047 1468 1257 prendre avec eux.
631 1195 3510 1386 Ecouté, d'est ennuyeux que tu aies de telles idées. Je n'aime
601 1320 3558 1534 pas que le plaisir de la solitude ne soit gaté par le souci que
620 1490 3385 1740 j'ai de toi. Quand tu n'es pas près de moi, je ne veux pas
612 1637 1641 1866 avoir à penser à toi.
620 1833 3356 1973 Pour ça, je puis voue assurer qu'elle n'a pas pensé à-VOUS
623 1984 3385 2146 non plus, Maître RHON, Cela pourrait même tourner mal pour
631 2172 3392 2327 vous. Seulement il se trouvait que je n'étais pas le genre
620 2305 1346 2511 de votre femme.
631 2401 3274 2614 Dites-moi Gustave, pourquoi manquez-vous ainsi de tact?
620 2592 3404 2795 Voulez-vous que je vous dise ce que je pense là dessus? Et
612 2766 3477 2980 surtout ce qu'est le tact! Une vertu de troisième ordre. Le
612 2935 3488 3116 mot est d'ailleurs relativement nouveau. On ne le trouve pas
620 3068 3547 3271 chez les Romains ni chez les grecs, ni - ce qui est très remar-
623 3241 1630 3455 quable - en sanscrit.
498 3418 852 3606 (à Rhôn
885 3440 3463 3599 Eh bien et toi qu'aettu fait pendant ce temps? As-tu
612 3610 1383 3806 avancé un peu?
612 3717 3577 3990 J'en suis à la fin du troisième acte; lorsque le public pénètre
623 3931 2106 4145 très exoité dans le -restaurant.
620 4078 2814 4289 Et je suis précisément revenue à ce moment-là.
214 4097 461 4300 RHON-
620 4270 3477 4429 Cette fois l'entr'acte ne durera pas longtemps. A partir de
616 4388 3370 4609 demain matin je m'emferne de nouveau et devient invisible.
601 4554 3488 4768 Nême, si tu n'y vois pas d'inconvénient, je ne mangerai pas à
620 4750 3518 4912 table d'hote, mais dans ma chambre où je ne serai pas troublé
620 4849 3558 5056 par les insupportables regards de figures stupides. Tu pourras
572 5015 1637 5162 alors jouer au domino.
