3624 5240
1341 284 1589 498 -13-
401 523 3234 709 si bien qu'il le oroit lui-même. Parfois, il me fait même de
377 693 3258 867 la peine. Vraiment docteur, je pense souvent qu'il est pousse
393 819 1110 1041 par xxx démon.
442 977 3185 1187 Un démon -? Heu!... mais il y a des femmes dans ce cas qui
97 997 385 1200 MAUER.
389 1187 2792 1337 enverraient leur mari au diable, avec son démon...
2816 1167 3201 1378 (sur un
746 1317 2168 1516 regard interrogateur de Genia.
2160 1305 3270 1564 Par exemple, la mère de
389 1463 3368 1694 l'Enseigne de Vaisseau qui avait, dans son temps, un mari assez
393 1653 1888 1836 possedé par ce démon lui aussi.
442 1799 3347 2042 Peut-être aimaitelle son mari plus que mois. Peut-Stre est-ce
85 1775 409 2030 (GENIA..
389 1994 3181 2180 la meilleure manière d'aimer, celle qui ne pardonne pas.
97 2075 3181 2326 Fredéric HÖFREITER (arrive. Elance, pas très grand. Etroit et fin
778 2273 3270 2371 visage; moustache foncée coupée à l'anglaise; cheveux
758 2367 3210 2444 blonds, gris mêles; raie à droite; il porte des lor-
782 2432 3315 2525 gnons sans cordon, qu'il enlève souvent; marche un peu
778 2513 3238 2598 penché en avant. Veux petits un peu clignotants. Aima-
778 2573 3258 2671 ble, douce, presque féminine façon de s'exprimer, qui
758 2658 3254 2752 pariois devient d'une ironie mordante. Ses mouvements
778 2731 3218 2837 sont souples mais décelent l'énergie. Il est habille
778 2821 3149 2914 avec élégance mais sans prétention. Costume sombre;
778 2877 3388 3019 palstot noir à revers de soie, ouvert; chapeau rond noir;
758 2987 2415 3076 parapluie élegant à manche simple).
101 3027 1475 3291 FREDERIC.- (Encore à la porte)
1499 3157 1905 3343 Bonsoir.
1933 3177 3112 3396 (En entrant) Salut Mauer.
778 3339 3129 3546 (Aveo un tidk particulier qui lui est habituel, et
758 3518 3165 3668 qu'il a souvent comme s'il voulait se moquer de ses
766 3595 1512 3716 interlocuteurs)
97 3676 1248 3915 MAUER.- Bonjour Frederic.
1289 3785 1893 3955 (Il se lève)
101 3931 3360 4150 FREDERIC.- (sur l'escalier de la véranda, embrasse Genia distrittement
758 4069 1374 4243 sur le front
1402 4101 3262 4247 Bonsoir Genia. Comment vas-tu? Qu'y a-
381 4166 1755 4405 t-il de neuf? Des lettres?
85 4320 3246 4632 GENIA.- Rien du tout. Le courrier du soir n'est pas encore arrive.
77 4543 1471 4725 FREDERIC. - (regarde sa montre)
1491 4591 3311 4831 Sept heures moins 1/4. On devrait bien
365 4835 3246 5001 mettre le facteur à la retraite. D'année en année il devient
