3624 5240
1464 268 1729 476 -11-
187 451 2274 704 MAUER. - D'ailleurs - l'histoire est classée.
212 675 2327 899 GENIA.- (Continuant à sourire tranquillement)
2359 691 3372 915 Vous en êtes certain?
195 866 2046 1102 MAUER.- Je puis vous l'affirmer, Genia.
216 1045 2188 1277 GENIA. - Frédéric vous a vraiment dit......
195 1119 3368 1415 MAUER.- Non; il ne parle jamais de ces choses-là. Mais à quoi servi¬
508 1359 3343 1517 rait d'avoir un diagnostic sûr. Il y a d'ailleurs pas mal de
521 1517 3258 1688 temps que la choses est finie. Je vous assure madame Genia
517 1643 3421 1847 que Fremeric est positivement toujours au bureau ou à l'usine.
521 1765 3486 2009 Vous le connaissez n'est-ce pas! Il lui faut conquérir le monde
508 1997 3478 2148 avec ses nouvelles lampes incandescentes, si non elles ne l'in-
521 2131 3470 2310 téresseraient plus. Alors madame Natter n'existe plus pour lui.
1961 2249 3152 2453 vous l'entendre dire
212 2274 2550 2493 GENIA.- Il est toujours rassurant d###eftendre sein.
557 2461 3433 2636 Il n'y avait vraiment pas là un motif d'inquietude. La pauvre
216 2506 533 2713 MAUER.
508 2603 3433 2847 Adèle est biennla plus inoffensive personne du monde. Si on ne
525 2750 1619 2925 savait pas par hasard -
216 2851 3490 3120 GRNIA.- Oh, elle! D'elle ne peut venir aucun danger. Mais, malgré ses
525 3095 3441 3254 dehors aimables et paisibles, je tiens Monsieur Natter pour un
525 3205 3270 3396 homme brutal, et même un peu sournois. Et parfois j'ai été
525 3396 3482 3555 inquière pour Frédéric.- Je vous l'assure - inquiète comme pour
517 3559 3425 3779 un fils, - un fils pas mal adulte, qui s'engagerait dans de pe
521 3697 1497 3913 rilleuses aventures.
216 3860 1737 4092 MAUER.- (S'assied en face d’elle
1798 3876 3441 4076 Ii est vraiment intéressant de voir
533 4023 3396 4279 comment vous envisagez ces choses. On pourrait presque croire
537 4222 3441 4450 que les femmes, qui sont vraiment nées pour la maternite, pos-
537 4373 3470 4556 sédent parfois le don d'être maternelles aussi pour leur mari.
232 4535 3470 4771 GENIA.- Ou de le devenir, cher docteur. Je n'ai pas toujours eu cette
541 4678 3470 4983 humeur. Dans les premiers temps, j'étais parfois plutôt sur le
537 4885 1509 5076 point de le quitter.
