4088 5288
1898 231 2214 419 — 81 —
866 371 3253 617 Je regrette. Madame Hofreiter ne m'en a rien dit.
385 408 591 580 PAUL
874 554 2368 756 Est-ce qu'on s'amuse beaucoup?
396 576 764 738 FREDERIC
870 698 3495 958 Enormementh Nous avons été dernièrement tous ensemble à
378 716 620 899 BAUL
870 852 2860 1046 l'Arena. Votre femme a dû vous en parler.
374 999 778 1212 FREDERIC
870 1024 1810 1215 Oui, naturellement.
374 1200 602 1388 PAUL
859 1178 3814 1391 Et avant, nous avons été à Hauswiese où il y avait une sorte de
881 1333 3631 1513 fête populaire. Noue nous y sommes mêlés. Nous avons même
859 1491 1197 1681 dansé.
870 1645 1667 1861 Ma femme aussi?
374 1656 742 1847 FREDERIO
385 1839 591 1982 PAUL
881 1781 3756 2001 Oui, naturellement. Et à l'Arena, il y a eu une grosse sensa-
881 1957 3576 2148 tion lorsque les acteurs ont aperçu de la scène la célèvre
881 2129 3579 2298 Mme Meinhold dans une loge. Ils ont alors réellement joué
870 2269 1369 2471 pour nous.
367 2416 591 2621 RHON
881 2434 2063 2632 Qu'est-ce qu'on donnait?
363 2621 584 2783 PAUL
852 2581 2856 2753 Exousez-moi, je n'y ei pas fait attention.
374 2772 580 2933 !T-RHON
804 2772 3444 2948 Et c'est pour ces gens qu'on ce tire le sang des veines!
382 2900 1010 3088 PAUL (à Rhon)
1046 2985 3477 3172 Ah, c'est bien madame Rhon qui est là? Excusez-moi
852 3176 1307 3385 messieurs
1340 3190 3613 3400 (Il va vers Madame Rhon et Custave qui sont assis
1413 3352 2052 3550 à une table).
352 3400 1094 3697 RHON (les suit)
1692 3642 2434 3844 FREDERIC AIGNER
356 3763 2526 3987 FREDERIC (Il allume une citarette et s'assied)
352 3969 650 4134 AIGNER
837 3969 3605 4189 Je ne savais pas que mon ancienne famille était si souvent
844 4137 1391 4321 chez vous.
844 4292 3528 4453 Oui, on se voit de temps en temps. Particulièrement votre
334 4273 738 4450 FREDERIC
837 4417 3532 4600 ancienne femme est assez liée avec la mienne. Et je joue
844 4582 3583 4773 quelquefois au tennis avec Otto. Il joue merveilleusement
833 4751 3613 4919 bien. On peut vraiment - vous faire des complimenta de votre
830 4839 3473 5077 fils. On lui prédit un grand avenir. Il doit être très
