3656 5288
1637 234 1867 447 52.—
689 397 1651 606 peuvent-ils changer!
1640 487 2920 717 (après une courte réflexion
2934 523 3421 728 Non, il ne
703 710 1640 901 me semble mère pas.
375 862 1464 1067 THOLD (après un silence)
1442 919 3497 1136 Est-ce que vous oubliez que c'est un homme
703 1110 3356 1319 Que peut-on prévoir de leurs décisions... les fils aussi
696 1251 1720 1474 deviennent des hommes
1687 1370 2372 1539 (avec amertume)
2368 1410 3464 1608 Je pense que vous denez
725 1554 1857 1777 en savoir quelque chose.
714 1745 1669 1921 les yeux interdite).
375 1756 681 1914 (baisse
371 1882 3266 2080 C. (parait au balcon; il met sa cravate et jette un coup d'oeil
707 2026 1730 2199 rapide et aigu en bas.
1716 2033 3504 2228 J'entends une noble voix bien connue..
703 2174 3266 2379 J'ai immédiatement pensé... Mes hommages Mme Meinhold.
346 2365 595 2567 NHOLD
714 2376 2008 2556 Bonsoir Monsieur Hofreiter.
714 2495 2664 2722 As-tu besoin de quelque chose, Frédéric?
721 2682 3338 2880 Non, merci bien, j'ai fini, je descends, je pars tout de
725 2862 1031 3032 suite.
721 2985 2502 3216 Oui, Mme Cenia me le disait justement.
433 3014 609 3194 OLD
707 3176 1453 3360 A tout à l'heure
1460 3187 2891 3371 (Il quitte le saIon. silence)
707 3353 3082 3533 Puis-je vous rappeler quelque chose Mme Meinhold?
465 3540 1096 3749 OLD (souriant)
1136 3609 3421 3832 Pourquoi me demandez-vous toujours la permission,
707 3785 1388 3984 Madame Genia -
710 3940 3522 4110 Vous m'en imposez Madame Meinhold. Ce que vous dites est si
725 4099 3418 4272 sûr, si évident. On a l'impression que rien ne peut vous
714 4243 3522 4420 rester caché, rien... Et vous connaissez les hommes, oui...
707 4438 3544 4629 Nais n'êtes-vous pas un peu.... ouï, n'étes-vous pas un pou
714 4611 1179 4759 injuste?
721 4708 3338 4924 Cela se peut ötre, madame Genia.... Mais être injuste est
101 4701 598 4924 DE MEINHOUD.
753 4892 2293 5069 finalement notre unique revanche,
2026 4917 3464 5119 (Regard interrogateur de Genia)
