4056 5304
1925 231 2280 458 — 105 —
516 396 2234 785 PAUL.- Mes compliments M. Hofreiter.
508 714 2478 876 ERNA. - Bonsoir Frédéric (Poignée de min).
508 851 2354 1037 FREDERIO.-Eh bien comment cela va-t-il?
496 979 2466 1198 PAUL.- Mademoiselle Erna m'a encore battu.
483 1123 3217 1371 FREDRIC.- Eh bien, o'était encore beau au Völser Weiher?
500 1317 3655 1553 ERNA.- Oui, je vous assure, très beau, môme sans vous. Vraiment vous
731 1520 3688 1702 n'avez pas été gentil de disparaitre aussi rapidement. A propos,
731 1669 3643 1966 merci pour les cartes... Vous avez encore fait de belles par-
731 1755 1045 1937 ties?
450 1937 3771 2205 FREDERIC.- Aujourd'hui votre célébrité s'étale dans les journaux, Erna.
430 2106 1978 2272 Mme VAHL.- Nous l'avons déjà lu.
438 2272 3548 2449 FREDERIC.- Ah oui. Vous l'avez déjà lu - cette feuille est arrivée
719 2408 2957 2614 icir- Un journal bien intéressant, n'est-ce pas?
2982 2532 3692 2722 (silence L’em¬
1111 2602 2354 2788 barras des autres l'amuse)
2329 2693 3568 2895 C'était vraiment beau à la
690 2738 3164 3048 Tour Aigner, savez-vous Otto. Mais où est-il donc...1
3155 2874 3601 3114 (Otto est
1103 2969 2742 3192 un peu sur le côté avec Mme Natter)
2767 3052 3548 3267 J’ai un souvenir
677 3213 3655 3395 à vous transmettre, enfin pas précisément un souvenir. J'ai ren-
677 3345 1565 3535 contre votre père.
392 3494 2243 3680 OTTO.- Madame Hofreiter me l'a raconté.
376 3647 3601 3915 FREDERIC.-C'est dommage que vous pariez demain. Votre père doit venir
640 3808 2148 4006 passer quelques jours à Vienne.
380 3928 3688 4204 OTTO.- Vous savez bien M. Hofreiter, que nous n'avons jamais eu de rap-
640 4151 1759 4312 ports, mon père et moi.
359 4283 3585 4493 FRED RIC.- Cela pourrait encore se produire. Cela devrait être. Vous
636 4477 3692 4671 ne devriez pas partir en mer pour si longtemps... sans avoir revu
636 4605 2387 4820 votre père.... ne croyez-vous pas?
347 4688 3556 5001 PITO.- Oui, vous avez peut-être raison - mais maintenant il est trop
620 4923 884 5092 tard.
