3736 5272
1684 150 1967 283 - 67 —
291 240 1050 540 rock 4à Mme Wahl
1088 300 3355 591 Vous n'avez pas besoin de vous inquièter madame,
578 548 2760 720 ces Messieurs et dames ont même pris un guide.
566 574 3398 913 Un guide pour Hofbrandhutte? Je n'en savais rien. Ecoutez,
578 840 2023 1063 cela me parait bien singulier.
596 938 3428 1204 C'est seulement à cause des rucksack. On a besoin de quelqu'
103 934 471 1213 SENSTOCK
578 1114 3419 1375 un pour les porter. D'ailleurs mademoiselle votre fille est
591 1320 2580 1478 une alpiniste tout à fait remarquable.....
561 1440 2061 1684 Bernhaupt l'était aussi......
133 1461 381 1663 WAHL
574 1547 3449 1795 Oui...... "la mort a vite fait de rencontrer l'homme. Elle ne
94 1645 458 1851 BENSTOCK
566 1765 1945 2010 lui donne pas de délai...... "
561 1915 1628 2095 Je vous en prie!.....
141 1933 399 2134 ohni-
574 2083 3081 2258 Oh pardon!... cela ne se rapporte naturellement pas à
94 2113 454 2310 SENSTOCK
561 2245 1783 2455 mademoiselle votre fille.
566 2378 3479 2592 J'ai dû laisser un livre par ici mon son Rosenstock, donnez-le
133 2408 377 2605 WAHL
561 2515 3389 2751 moi.... dans une reliure jaune.... un livre de Rhon... oui,
561 2712 3445 2948 c'est celui-là.... je vais m'asseoir là et lire un peu... si
561 2871 986 3047 je peux.
583 2961 3454 3239 Oh ce livre vous distraira certainement madame, Monsieur Rhon
81 2995 471 3265 SENSTOCK.
527 3175 1230 3342 écrit si bien.
81 3295 1474 3522 se WaHL (sáassied à une table)
86 3449 3535 3685 MEYER (qui était près de là avec sa carte dépliée, ce risque de nouveau)
574 3608 3492 3797 Je veux seulement vous poser une question Portier, je lis dans
561 3784 3458 3976 le Baedecker que l'ascension est très difficile et je voulais
587 3912 3565 4131 vous demander s'il ne vaudrait pas mieux prendre deux guide...
583 4118 3419 4302 Certainement, vous pouvez aussi prendre deux guide, docteur.
73 4126 484 4302 SENSTOCK
454 4272 3501 4448 (descend l'escalier, Grand, fort, vêtement de loden, négligemment
73 4302 420 4491 ERKENITZ
583 4366 3368 4589 habillé, chemise de sport avec une cordelière, à Rosenstock
574 4456 1731 4606 sans s'occuper de Meyer)
1808 4525 2768 4696 Il y a des lettres?
583 4619 3265 4868 Pas encore M. von Serknitz. Dans une demi-heure environ.
69 4632 510 4889 DSENSTOCK
591 4829 2764 5056 Pardon: le facteur est monté depuis longtemps.
64 4833 394 5035 ERKENITZ
