<?xml version="1.0" encoding="UTF-8" standalone="yes"?>
<PcGts xmlns="http://schema.primaresearch.org/PAGE/gts/pagecontent/2013-07-15" xmlns:xsi="http://www.w3.org/2001/XMLSchema-instance" xsi:schemaLocation="http://schema.primaresearch.org/PAGE/gts/pagecontent/2013-07-15 http://schema.primaresearch.org/PAGE/gts/pagecontent/2013-07-15/pagecontent.xsd">
    <Metadata>
        <Creator>prov=READ-COOP:name=TrHtr:version=2.1.0:model_id=51170:date=15_08_2023_06:52</Creator>
        <Created>2023-05-10T15:30:46.188+02:00</Created>
        <LastChange>2023-08-15T06:52:59.521+02:00</LastChange>
        <TranskribusMetadata docId="1428916" pageId="55434634" pageNr="107" tsid="132841272" status="IN_PROGRESS" userId="64420" imgUrl="https://files.transkribus.eu/Get?id=DKFXVPWYNOSTKVLAEKKKWAXN&amp;fileType=view" xmlUrl="https://files.transkribus.eu/Get?id=EJLKAZKRZEKGDRGPLBHLDUTJ" imageId="44708624"/>
    </Metadata>
    <Page imageFilename="1428916_0107.jpg" imageWidth="4088" imageHeight="5304">
        <ReadingOrder>
            <OrderedGroup id="ro_1711801915084" caption="Regions reading order">
                <RegionRefIndexed index="0" regionRef="tr_1"/>
                <RegionRefIndexed index="1" regionRef="tr_3"/>
                <RegionRefIndexed index="2" regionRef="tr_2"/>
            </OrderedGroup>
        </ReadingOrder>
        <TextRegion id="tr_1" custom="readingOrder {index:0;}">
            <Coords points="418,284 3774,284 3774,2064 418,2064"/>
            <TextLine id="tr_1_tl_1" custom="readingOrder {index:0;}">
                <Coords points="1874,414 1943,410 1984,443 2025,443 2095,398 2144,398 2189,430 2226,422 2218,262 2116,283 2058,234 1972,262 1939,246 1923,262 1865,254"/>
                <Baseline points="1893,334 1983,340 2072,340 2162,346 2233,352"/>
                <TextEquiv>
                    <Unicode>— 106 —</Unicode>
                </TextEquiv>
            </TextLine>
            <TextLine id="tr_1_tl_2" custom="readingOrder {index:1;}">
                <Coords points="418,672 963,586 3686,668 3682,504 2341,410 2046,504 414,447"/>
                <Baseline points="436,561 525,555 615,555 704,555 794,555 884,549 973,549 1063,549 1152,549 1242,549 1331,549 1421,549 1511,555 1600,555 1690,555 1779,555 1869,561 1959,561 2048,567 2138,567 2227,567 2317,573 2407,573 2496,579 2586,579 2675,579 2765,585 2855,585 2944,585 3034,585 3123,591 3213,591 3303,591 3392,591 3482,597 3571,597 3661,597 3697,603"/>
                <TextEquiv>
                    <Unicode>PAUL.- (qui était avec Erna et Mme Wahl, vient vers les précédents).Eh</Unicode>
                </TextEquiv>
            </TextLine>
            <TextLine id="tr_1_tl_3" custom="readingOrder {index:2;}">
                <Coords points="681,779 3423,812 3419,664 3153,631 676,627"/>
                <Baseline points="698,704 788,704 878,704 967,704 1057,704 1146,704 1236,710 1326,710 1415,710 1505,710 1594,710 1684,710 1773,716 1863,722 1953,722 2042,722 2132,728 2221,728 2311,734 2401,734 2490,734 2580,734 2669,734 2759,740 2849,746 2938,746 3028,746 3117,752 3207,746 3297,746 3386,746 3434,746"/>
                <TextEquiv>
                    <Unicode>bien lieutenant, notre "Signle" si vous voulez (A Drédéric)</Unicode>
                </TextEquiv>
            </TextLine>
            <TextLine id="tr_1_tl_4" custom="readingOrder {index:3;}">
                <Coords points="3411,894 3493,869 3551,894 3592,853 3616,865 3653,853 3641,676 3551,676 3501,717 3477,717 3419,767 3403,767"/>
                <Baseline points="3428,824 3518,824 3607,830 3661,842"/>
                <TextEquiv>
                    <Unicode>Nous</Unicode>
                </TextEquiv>
            </TextLine>
            <TextLine id="tr_1_tl_5" custom="readingOrder {index:4;}">
                <Coords points="652,968 3768,1004 3682,877 2321,902 1968,795 652,865"/>
                <Baseline points="674,943 764,937 854,943 943,937 1033,937 1122,943 1212,943 1302,943 1391,943 1481,943 1570,949 1660,949 1750,955 1839,955 1929,955 2018,955 2108,961 2198,961 2287,961 2377,967 2466,967 2556,967 2646,967 2735,973 2825,973 2914,973 3004,973 3094,973 3183,979 3273,979 3362,985 3452,991 3541,991 3631,991 3721,985 3774,979"/>
                <TextEquiv>
                    <Unicode>ne jouons aujourd'hui que des "Sangle". Vous devriez aussi y pren-</Unicode>
                </TextEquiv>
            </TextLine>
            <TextLine id="tr_1_tl_6" custom="readingOrder {index:5;}">
                <Coords points="664,1119 3210,1201 3583,1156 3583,1013 660,1017"/>
                <Baseline points="686,1099 776,1099 866,1105 955,1105 1045,1105 1134,1105 1224,1105 1314,1105 1403,1105 1493,1105 1582,1105 1672,1110 1762,1110 1851,1110 1941,1116 2030,1116 2120,1116 2210,1116 2299,1122 2389,1122 2478,1122 2568,1122 2657,1128 2747,1128 2837,1128 2926,1134 3016,1134 3105,1128 3195,1128 3285,1134 3374,1134 3464,1140 3553,1140 3595,1140"/>
                <TextEquiv>
                    <Unicode>dre part M. Hofreiter; le lieutenant von Aigner part demain et</Unicode>
                </TextEquiv>
            </TextLine>
            <TextLine id="tr_1_tl_7" custom="readingOrder {index:6;}">
                <Coords points="652,1304 3354,1300 3264,1177 652,1156"/>
                <Baseline points="674,1254 764,1254 854,1260 943,1260 1033,1260 1122,1260 1212,1260 1302,1260 1391,1260 1481,1260 1570,1266 1660,1266 1750,1272 1839,1272 1929,1272 2018,1272 2108,1272 2198,1272 2287,1272 2377,1272 2466,1278 2556,1278 2646,1278 2735,1284 2825,1284 2914,1284 3004,1284 3094,1284 3183,1284 3273,1290 3362,1296"/>
                <TextEquiv>
                    <Unicode>les rangs doivent être absolument déterminés aujourd'hui.</Unicode>
                </TextEquiv>
            </TextLine>
            <TextLine id="tr_1_tl_8" custom="readingOrder {index:7;}">
                <Coords points="394,1501 3526,1468 3432,1312 389,1324"/>
                <Baseline points="418,1427 507,1421 597,1415 686,1415 776,1415 866,1415 955,1415 1045,1415 1134,1421 1224,1415 1314,1415 1403,1421 1493,1421 1582,1421 1672,1421 1762,1427 1851,1427 1941,1427 2030,1427 2120,1427 2210,1427 2299,1433 2389,1433 2478,1433 2568,1433 2657,1433 2747,1439 2837,1439 2926,1439 3016,1439 3105,1439 3195,1439 3285,1439 3374,1445 3464,1445 3536,1451"/>
                <TextEquiv>
                    <Unicode>FREDERIC.- Mais naturellement. Je suis à votre disposition. Ne vous</Unicode>
                </TextEquiv>
            </TextLine>
            <TextLine id="tr_1_tl_9" custom="readingOrder {index:8;}">
                <Coords points="656,1611 951,1665 1316,1583 2640,1607 2587,1464 652,1501"/>
                <Baseline points="680,1564 770,1570 860,1570 949,1570 1039,1576 1128,1576 1218,1576 1308,1576 1397,1576 1487,1576 1576,1576 1666,1576 1756,1576 1845,1576 1935,1582 2024,1582 2114,1582 2204,1582 2293,1582 2383,1582 2472,1588 2562,1588 2646,1594"/>
                <TextEquiv>
                    <Unicode>dérangez pas - je bois seulement mon café.</Unicode>
                </TextEquiv>
            </TextLine>
            <TextLine id="tr_1_tl_10" custom="readingOrder {index:9;}">
                <Coords points="1086,1767 3698,1771 3698,1689 3346,1648 1086,1607"/>
                <Baseline points="1110,1738 1200,1732 1290,1726 1379,1732 1469,1732 1558,1732 1648,1738 1738,1738 1827,1732 1917,1738 2006,1732 2096,1738 2186,1738 2275,1738 2365,1744 2454,1744 2544,1744 2634,1744 2723,1744 2813,1744 2902,1744 2992,1744 3082,1744 3171,1744 3261,1744 3350,1744 3440,1750 3530,1750 3619,1750 3709,1750"/>
                <TextEquiv>
                    <Unicode>( M. Hatter, Stanzides, Genia, - après les premiers mots</Unicode>
                </TextEquiv>
            </TextLine>
            <TextLine id="tr_1_tl_11" custom="readingOrder {index:10;}">
                <Coords points="1226,1816 3415,1870 3526,1849 3526,1755 1222,1747"/>
                <Baseline points="1248,1809 1337,1809 1427,1809 1517,1809 1606,1809 1696,1809 1785,1809 1875,1809 1965,1815 2054,1815 2144,1815 2233,1815 2323,1821 2413,1821 2502,1815 2592,1821 2681,1815 2771,1821 2861,1821 2950,1821 3040,1821 3129,1821 3219,1821 3309,1821 3398,1827 3488,1827 3536,1833"/>
                <TextEquiv>
                    <Unicode>de Frédéric à Otto sur Aigner, - et Gustave, sont</Unicode>
                </TextEquiv>
            </TextLine>
            <TextLine id="tr_1_tl_12" custom="readingOrder {index:11;}">
                <Coords points="1210,1931 2177,1906 2415,1968 2919,1911 3378,1972 3378,1857 1205,1816"/>
                <Baseline points="1230,1887 1320,1893 1409,1893 1499,1893 1588,1893 1678,1893 1768,1893 1857,1893 1947,1893 2036,1899 2126,1893 2215,1893 2305,1893 2395,1893 2484,1893 2574,1899 2663,1899 2753,1899 2843,1899 2932,1899 3022,1899 3111,1899 3201,1899 3291,1905 3380,1911 3386,1911"/>
                <TextEquiv>
                    <Unicode>déjà partis; Paul, Adèle et Otto les suivent).</Unicode>
                </TextEquiv>
            </TextLine>
            <TextLine id="tr_1_tl_13" custom="readingOrder {index:12;}">
                <Coords points="1636,2107 1734,2083 1804,2112 2050,2087 2128,2120 2165,2099 2349,2120 2349,1980 2280,1980 2226,1935 2021,1984 1988,1956 1906,1980 1800,1943 1775,1964 1636,1956"/>
                <Baseline points="1660,2048 1750,2048 1839,2054 1929,2054 2018,2054 2108,2054 2198,2048 2287,2054 2359,2054"/>
                <TextEquiv>
                    <Unicode>ERNA. DREOERRIC.</Unicode>
                </TextEquiv>
            </TextLine>
        </TextRegion>
        <TextRegion id="tr_3" custom="readingOrder {index:1;}">
            <Coords points="388,2154 3697,2154 3697,3480 388,3480"/>
            <TextLine id="tr_3_tl_1" custom="readingOrder {index:0;}">
                <Coords points="389,2271 2070,2218 2505,2308 2649,2222 3005,2255 3005,2079 385,2132"/>
                <Baseline points="406,2204 495,2204 585,2204 674,2204 764,2204 854,2204 943,2204 1033,2204 1122,2204 1212,2204 1302,2204 1391,2204 1481,2204 1570,2204 1660,2204 1750,2204 1839,2204 1929,2204 2018,2204 2108,2204 2198,2204 2287,2210 2377,2210 2466,2204 2556,2210 2646,2210 2735,2210 2825,2210 2914,2210 3004,2215 3016,2210"/>
                <TextEquiv>
                    <Unicode>ERNA.- (est restée debout derrière le siège de Frédéric)</Unicode>
                </TextEquiv>
            </TextLine>
            <TextLine id="tr_3_tl_2" custom="readingOrder {index:1;}">
                <Coords points="365,2431 1267,2444 1427,2366 1984,2431 2226,2382 2226,2239 2034,2316 1570,2247 894,2308 705,2251 365,2276"/>
                <Baseline points="388,2353 477,2359 567,2359 657,2359 746,2359 836,2365 925,2365 1015,2365 1105,2365 1194,2365 1284,2365 1373,2365 1463,2365 1552,2365 1642,2365 1732,2365 1821,2365 1911,2365 2000,2365 2090,2365 2180,2371 2233,2371"/>
                <TextEquiv>
                    <Unicode>FREDERIC.- Oh Erna.... (il reste assis)</Unicode>
                </TextEquiv>
            </TextLine>
            <TextLine id="tr_3_tl_3" custom="readingOrder {index:2;}">
                <Coords points="365,2579 2665,2554 2665,2440 2398,2464 2284,2394 1652,2472 1525,2403 365,2431"/>
                <Baseline points="388,2520 477,2520 567,2520 657,2514 746,2520 836,2520 925,2520 1015,2520 1105,2520 1194,2520 1284,2520 1373,2520 1463,2520 1552,2520 1642,2520 1732,2520 1821,2520 1911,2520 2000,2520 2090,2520 2180,2520 2269,2520 2359,2520 2448,2520 2538,2520 2628,2526 2675,2526"/>
                <TextEquiv>
                    <Unicode>ERNA.- Je suis si heureuse que tu sois de retour.</Unicode>
                </TextEquiv>
            </TextLine>
            <TextLine id="tr_3_tl_4" custom="readingOrder {index:3;}">
                <Coords points="373,2726 2915,2710 2862,2571 373,2583"/>
                <Baseline points="394,2687 418,2675 507,2681 597,2675 686,2675 776,2675 866,2675 955,2675 1045,2675 1134,2681 1224,2675 1314,2681 1403,2681 1493,2681 1582,2681 1672,2681 1762,2681 1851,2681 1941,2681 2030,2681 2120,2681 2210,2681 2299,2681 2389,2681 2478,2681 2568,2681 2657,2681 2747,2681 2837,2681 2926,2681"/>
                <TextEquiv>
                    <Unicode>FREDERIC.- Vraiment? (Il lui baise la main) Moi aussi.</Unicode>
                </TextEquiv>
            </TextLine>
            <TextLine id="tr_3_tl_5" custom="readingOrder {index:4;}">
                <Coords points="365,2886 3645,2878 3645,2722 3432,2698 2562,2796 365,2722"/>
                <Baseline points="388,2843 430,2831 519,2837 609,2831 698,2831 788,2831 878,2831 967,2831 1057,2831 1146,2831 1236,2837 1326,2837 1415,2837 1505,2831 1594,2837 1684,2837 1773,2837 1863,2837 1953,2837 2042,2837 2132,2837 2221,2837 2311,2837 2401,2837 2490,2837 2580,2837 2669,2837 2759,2837 2849,2837 2938,2837 3028,2837 3117,2843 3207,2837 3297,2837 3386,2837 3476,2837 3565,2837 3655,2837"/>
                <TextEquiv>
                    <Unicode>ERMA.- Et maintenant je veux savoir aussi vite que possible le vérita-</Unicode>
                </TextEquiv>
            </TextLine>
            <TextLine id="tr_3_tl_6" custom="readingOrder {index:5;}">
                <Coords points="640,3050 799,3009 922,3059 1103,3018 1648,3054 1804,2997 1804,2845 1615,2878 1505,2849 1341,2915 1230,2858 1132,2915 955,2927 881,2878 787,2907 640,2862"/>
                <Baseline points="663,2986 752,2986 842,2992 931,2992 1021,2992 1110,2986 1200,2992 1290,2986 1379,2992 1469,2992 1558,2992 1648,2992 1738,2992 1809,2992"/>
                <TextEquiv>
                    <Unicode>ble motif de ton départ.</Unicode>
                </TextEquiv>
            </TextLine>
            <TextLine id="tr_3_tl_7" custom="readingOrder {index:6;}">
                <Coords points="373,3223 3518,3186 3464,3075 2989,3046 373,3083"/>
                <Baseline points="394,3147 483,3147 573,3147 663,3153 752,3147 842,3147 931,3147 1021,3147 1110,3147 1200,3147 1290,3147 1379,3153 1469,3153 1558,3153 1648,3153 1738,3153 1827,3153 1917,3153 2006,3147 2096,3147 2186,3147 2275,3147 2365,3147 2454,3147 2544,3147 2634,3147 2723,3147 2813,3147 2902,3147 2992,3147 3082,3147 3171,3153 3261,3147 3350,3147 3440,3147 3530,3153"/>
                <TextEquiv>
                    <Unicode>FREDERIC.-Que tu es drôle, Erna. Je te l'ai dit. Je t'avais révenue</Unicode>
                </TextEquiv>
            </TextLine>
            <TextLine id="tr_3_tl_8" custom="readingOrder {index:7;}">
                <Coords points="636,3333 3686,3337 3686,3247 3395,3161 636,3186"/>
                <Baseline points="657,3309 746,3303 836,3309 925,3309 1015,3309 1105,3309 1194,3309 1284,3309 1373,3309 1463,3309 1552,3309 1642,3309 1732,3309 1821,3309 1911,3309 2000,3309 2090,3309 2180,3309 2269,3303 2359,3303 2448,3303 2538,3309 2628,3309 2717,3309 2807,3309 2896,3309 2986,3309 3076,3309 3165,3309 3255,3309 3344,3309 3434,3309 3524,3309 3613,3309 3697,3315"/>
                <TextEquiv>
                    <Unicode>de cela. Si j'étais resté, au bout de quelques jours - que dis-je</Unicode>
                </TextEquiv>
            </TextLine>
            <TextLine id="tr_3_tl_9" custom="readingOrder {index:8;}">
                <Coords points="623,3505 3403,3510 3592,3481 3596,3329 627,3346"/>
                <Baseline points="645,3464 734,3464 824,3464 913,3464 1003,3464 1093,3464 1182,3464 1272,3470 1361,3470 1451,3464 1541,3464 1630,3464 1720,3458 1809,3458 1899,3458 1989,3464 2078,3458 2168,3458 2257,3458 2347,3458 2436,3458 2526,3458 2616,3464 2705,3458 2795,3458 2884,3458 2974,3458 3064,3458 3153,3458 3243,3458 3332,3458 3422,3458 3512,3458 3601,3458"/>
                <TextEquiv>
                    <Unicode>le même jour, - tout l'hôtel aurait été au courant. C'est comme</Unicode>
                </TextEquiv>
            </TextLine>
        </TextRegion>
        <TextRegion id="tr_2" custom="readingOrder {index:2;}">
            <Coords points="370,3563 3691,3563 3691,4919 370,4919"/>
            <TextLine id="tr_2_tl_1" custom="readingOrder {index:0;}">
                <Coords points="636,3686 3514,3669 3514,3473 640,3530"/>
                <Baseline points="663,3637 746,3625 836,3625 925,3625 1015,3625 1105,3625 1194,3625 1284,3625 1373,3625 1463,3625 1552,3625 1642,3625 1732,3625 1821,3619 1911,3619 2000,3619 2090,3619 2180,3613 2269,3613 2359,3613 2448,3619 2538,3619 2628,3619 2717,3613 2807,3619 2896,3613 2986,3613 3076,3613 3165,3619 3255,3619 3344,3619 3434,3613 3524,3613"/>
                <TextEquiv>
                    <Unicode>ca. Tu sais bien les rayons autour de la tête. Nous les avons</Unicode>
                </TextEquiv>
            </TextLine>
            <TextLine id="tr_2_tl_2" custom="readingOrder {index:1;}">
                <Coords points="636,3829 713,3813 804,3846 849,3817 910,3850 984,3792 1046,3792 1513,3858 1513,3706 1464,3690 951,3682 910,3706 836,3665 722,3719 636,3694"/>
                <Baseline points="657,3780 716,3780 806,3780 895,3780 985,3780 1075,3780 1164,3780 1254,3780 1343,3780 1433,3780 1523,3774"/>
                <TextEquiv>
                    <Unicode>loyalement gagnés.</Unicode>
                </TextEquiv>
            </TextLine>
            <TextLine id="tr_2_tl_3" custom="readingOrder {index:2;}">
                <Coords points="664,4014 1095,3948 1447,3981 1578,3940 1853,3944 1853,3833 1792,3801 1656,3858 1390,3858 1304,3809 1201,3866 832,3821 668,3874"/>
                <Baseline points="692,3942 698,3936 788,3936 878,3942 967,3942 1057,3936 1146,3936 1236,3942 1326,3936 1415,3936 1505,3936 1594,3936 1684,3930 1773,3930 1863,3930"/>
                <TextEquiv>
                    <Unicode>Et si on les avait vus?</Unicode>
                </TextEquiv>
            </TextLine>
            <TextLine id="tr_2_tl_4" custom="readingOrder {index:3;}">
                <Coords points="353,3993 377,3985 389,3997 443,3993 463,4010 488,4010 521,3977 558,3989 615,3981 607,3842 566,3846 549,3862 529,3854 496,3870 439,3825 389,3821 377,3809 344,3817"/>
                <Baseline points="376,3936 465,3942 555,3948 627,3948"/>
                <TextEquiv>
                    <Unicode>ERNA.</Unicode>
                </TextEquiv>
            </TextLine>
            <TextLine id="tr_2_tl_5" custom="readingOrder {index:4;}">
                <Coords points="348,4178 3641,4096 3633,3903 353,3989"/>
                <Baseline points="370,4103 424,4103 513,4103 603,4103 692,4103 782,4103 872,4103 961,4097 1051,4097 1140,4097 1230,4097 1320,4097 1409,4097 1499,4097 1588,4097 1678,4091 1768,4091 1857,4091 1947,4091 2036,4085 2126,4085 2215,4085 2305,4085 2395,4079 2484,4079 2574,4079 2663,4085 2753,4079 2843,4079 2932,4079 3022,4079 3111,4079 3201,4079 3291,4079 3380,4079 3470,4079 3559,4079 3649,4073"/>
                <TextEquiv>
                    <Unicode>FREDERIC.- Enfant!... On ne doit pas se révéler ainsi au monde. D'au-</Unicode>
                </TextEquiv>
            </TextLine>
            <TextLine id="tr_2_tl_6" custom="readingOrder {index:5;}">
                <Coords points="627,4297 2386,4252 3034,4342 3559,4260 3563,4170 2931,4084 631,4166"/>
                <Baseline points="651,4264 704,4258 794,4258 884,4258 973,4258 1063,4258 1152,4258 1242,4252 1331,4252 1421,4258 1511,4252 1600,4252 1690,4252 1779,4246 1869,4246 1959,4246 2048,4246 2138,4240 2227,4240 2317,4240 2407,4240 2496,4240 2586,4234 2675,4240 2765,4234 2855,4234 2944,4240 3034,4234 3123,4234 3213,4234 3303,4234 3392,4240 3482,4234 3571,4234"/>
                <TextEquiv>
                    <Unicode>tant moins qu'on le méprise. Le monde ne comprend pas cela. Ou</Unicode>
                </TextEquiv>
            </TextLine>
            <TextLine id="tr_2_tl_7" custom="readingOrder {index:6;}">
                <Coords points="599,4448 3177,4440 3653,4330 603,4317"/>
                <Baseline points="621,4420 704,4420 794,4420 884,4420 973,4420 1063,4420 1152,4420 1242,4420 1331,4420 1421,4414 1511,4414 1600,4414 1690,4414 1779,4408 1869,4408 1959,4408 2048,4402 2138,4408 2227,4402 2317,4402 2407,4402 2496,4402 2586,4396 2675,4396 2765,4396 2855,4396 2944,4396 3034,4396 3123,4396 3213,4396 3303,4396 3392,4402 3482,4396 3571,4390 3661,4396"/>
                <TextEquiv>
                    <Unicode>bien il le comprend à sa manière, ce qui est encore pire! Tu de-</Unicode>
                </TextEquiv>
            </TextLine>
            <TextLine id="tr_2_tl_8" custom="readingOrder {index:7;}">
                <Coords points="594,4649 2271,4563 3624,4645 3682,4383 599,4485"/>
                <Baseline points="621,4581 645,4581 734,4581 824,4581 913,4581 1003,4581 1093,4575 1182,4575 1272,4575 1361,4575 1451,4575 1541,4575 1630,4569 1720,4569 1809,4569 1899,4563 1989,4557 2078,4557 2168,4557 2257,4557 2347,4557 2436,4557 2526,4557 2616,4557 2705,4557 2795,4551 2884,4551 2974,4551 3064,4551 3153,4551 3243,4551 3332,4551 3422,4551 3512,4551 3601,4551 3691,4551"/>
                <TextEquiv>
                    <Unicode>vrais me savoir gré, au contraire, de ne t'avoir pas "compromise"</Unicode>
                </TextEquiv>
            </TextLine>
            <TextLine id="tr_2_tl_9" custom="readingOrder {index:8;}">
                <Coords points="599,4793 1136,4826 1492,4760 1775,4834 2325,4715 2583,4772 2587,4641 2021,4596 1812,4670 1000,4666 771,4612 603,4670"/>
                <Baseline points="621,4742 710,4736 800,4742 889,4742 979,4742 1069,4742 1158,4736 1248,4736 1337,4736 1427,4736 1517,4736 1606,4730 1696,4724 1785,4724 1875,4724 1965,4718 2054,4712 2144,4718 2233,4712 2323,4712 2413,4712 2502,4712 2592,4706"/>
                <TextEquiv>
                    <Unicode>Plus tard tu m'en aurais peut-être voulu.</Unicode>
                </TextEquiv>
            </TextLine>
            <TextLine id="tr_2_tl_10" custom="readingOrder {index:9;}">
                <Coords points="353,4932 701,5022 927,4932 3374,4940 3505,4904 3510,4699 2107,4826 353,4785"/>
                <Baseline points="376,4909 465,4897 555,4897 645,4903 734,4903 824,4903 913,4903 1003,4903 1093,4903 1182,4903 1272,4903 1361,4897 1451,4897 1541,4891 1630,4891 1720,4891 1809,4891 1899,4885 1989,4885 2078,4879 2168,4879 2257,4879 2347,4879 2436,4879 2526,4873 2616,4873 2705,4873 2795,4873 2884,4867 2974,4873 3064,4867 3153,4867 3243,4867 3332,4867 3422,4867 3512,4873"/>
                <TextEquiv>
                    <Unicode>ERMA.- Plus tard?.. Ah ouil... Je ne veux pas me marier, Frédéric.</Unicode>
                </TextEquiv>
            </TextLine>
        </TextRegion>
    </Page>
</PcGts>
