4088 5288
1912 222 2247 448 6 83 -
798 401 3755 631 Merci bien, mon bon Hofreiter.- Je ne dis pas que j'éviterais
397 347 713 565 AIGNER
798 596 3770 810 un hasard de cette espèce, mais - une rencontre arrangée - cela
1044 670 1620 802 fatalement
791 752 3026 931 aurait un arriere-gout de sentimentalité.
397 853 1379 1083 FREDERIC (incidemment
1394 985 2189 1184 Pourquoi......?
378 1110 670 1281 AIGNER
798 1106 3798 1422 Vous oubliez aussi que par la même occasion je rencontrerais mon
810 1246 2960 1539 ancienne femme - et cela je préfère l'éviter.
366 1391 1640 1648 FREDERIC Comme vous voudrez
1667 1503 2119 1694 (silence )
370 1640 588 1799 AIGNE
763 1683 3322 1877 Il y a d'ailleurs vraiment des hasards singuliers....
374 1803 728 1967 FREDERIO
775 1780 1838 1998 Que voulez-vous dire?
354 1975 647 2158 AIGNER
756 1963 3611 2228 Que vous ayez précisément aujourd'hui... commencé à parler de
752 2115 2929 2376 mon fils.... après votre retour de là-haut....
343 2255 713 2446 FREDERIO
760 2282 3393 2481 C'est sans préméditation.... Si Paul Kreindl n'avait pas
732 2434 1387 2602 commencé....
343 2551 627 2754 AICNER
728 2571 3595 2804 Savez-vous à quel moment j'ai entrepris la première ascension
732 2746 3673 2960 de cette pointe, d'où vous venez précisément? - C'était peu de
732 2929 3622 3143 temps après que.... nous nous mêmes séparés ma femme et moi.
331 3061 701 3217 FREDERIC
732 3069 3599 3264 Voulez-vous dire qu'il y a un rapport entre ces deux choses?
331 3213 615 3385 AIGNER
705 3209 3751 3431 En quelque sorte... Je ne veux pas prétendre que j'ai précisément
701 3393 3833 3622 cherché la mort - elle aurait été plus simple à trouver - mais rien
689 3572 3790 3739 he m'attachait plus à la vie. Peut-être aussi est-ce une sorte de
689 3665 2325 3899 jugement de Dieu que j'ai cherché.
296 3848 689 4051 FREDERIC
678 3860 3786 4059 Ecoutez, si tous les maris qui se trouvent dans des cas semblables
697 4027 3696 4238 se mettent à escalader les rochers... on aura un fameux specta-
674 4136 3778 4362 ole dans les Dolomites xxxx. Finslement vous n'avez pas fait
662 4300 2185 4534 plue mal que beaucoup d'autres.
280 4452 565 4635 AIGNER
674 4456 3583 4721 Il s'agit toujours de savoir comment ces choses sont adoptées
670 4608 2945 4869 de l'autre côté.... Ma femme m'a beaucoup aimé.
