4088 5304
2108 237 2424 438 109 —
491 381 2640 618 ERNA.- Tu étais sous ma fenêtre!... Frederic.
499 561 3774 868 FREDERIC. - Pourquoi te raconterni-je de pareilles choses si ce n'était
766 786 3639 974 pas vrai... Sur quoi faut-il te le jurer? Sur le saint lac de
770 888 1044 1068 Völs?
483 1040 2694 1261 ERNA.- Tu étais sous ma fenêtre...! Mon chéri!
487 1240 3214 1396 FRE FRIC.- Chut, chut. (Il va vers la porte de la maison).
479 1380 3619 1597 MAUER. - (sort de la maison) Salut, Frederic. Bonjour, mademoiselle
737 1588 1015 1703 Erna.
471 1650 1629 1936 FREDERIO.- Salut, Mauer.
471 1822 2239 2043 ERNA.- (tranquille) Bonjour, docteur.
458 1961 3668 2223 MAUER.- (tout à fait simplement) Vous êtes de retour depuis longtemps
725 2145 1666 2321 mademoiselle Erna?
446 2288 3525 2509 ERNA.- Depuis deux jours... (A Frédéric) Je crois que vous avez à
737 2469 3549 2726 purler avec le docteur. Au revoir. ( Elle va vers le tennis.)
1711 2624 2469 2894 MAUER. FREDERIC
454 2735 2170 2984 MAUER.- Tu m'as écrit. Je suis venu.
454 3001 3684 3164 FREDERIC.- Je te re mercie encore une fois d'être venu. J'espère que je
725 3095 2460 3312 ne t'ai dérangé en rien d'important.
450 3250 3598 3529 MAUER.- Tu m'écris que tu as besoin de mes conseils. J'ai pense que
716 3410 1519 3598 tu étais malade.
430 3607 3721 3795 FREDERIC.- (le regarde) Ah oui! ce n'est pas le médecin que j'ai appe¬
704 3721 1421 3922 le mais l'ami.
426 3873 2223 4094 MAUER. - L'ami..K eh bien, je suis là.
1572 4032 1957 4135 racon tar.
430 4061 3725 4241 FRERIC. - Il s'agit d'un stupide, que tu es peut-être déjà lu
700 4208 2100 4376 ou dont tu as entendu parler.
430 4339 1531 4540 MAUER.- Quel racontar?
430 4536 1683 4716 FRErBRIO.- Que Korsakow...
418 4683 1220 4888 MAUER.- Eh bien?
409 4794 3336 5027 FREDERIC.- Que Korsakow a été la victime d'un duel américain.
