4088 5304
1935 211 2129 441 82
850 397 3635 616 estimé de ses supérieurs? Paut-être est-il le futur amiral
854 508 1569 699 de l'Autriche.
862 675 3547 961 Vous me racontez-là l'histoire d'un jeune homme que je ne
409 691 707 898 AICNER
858 862 1462 1065 connais pas.
397 1017 3484 1212 FREDERIC. Dites-moi Aigner, vous n'avez vraiment jamais le moindre
854 1136 1835 1339 desir de le revoir?
846 1311 3786 1517 Le revoir? Vous pourriez plutôt dire : faire sa connaissance.
397 1279 703 1561 AIGNER
846 1470 3559 1716 Car l'Enseigne d'aujourd'hui ne doit pas avoir la moindre
850 1653 3746 1859 ressemblance extérieure ou intérieurs avec le petit garçon que
838 1823 3794 1970 j'ai embrassé pour la dernière fois sur le front il y a 20 ans.
401 1943 783 2121 FREDERIC
858 1943 3742 2173 Enfin non, pas le désir de le revoir - mais la curiosité de le
842 2121 3802 2348 connaître -? Vous auriez maintenant une fameuse occasion. Je
838 2304 3381 2463 crois que vous avez à faire à Vienne prochainement -?
842 2471 3706 2586 Oui, je dois aller au Ministère. Nous voulons, comme vous le
397 2427 695 2594 AIONER
838 2618 3659 2797 savez, construire ici un chemin de fer, direct jusqu'ici par
822 2761 3567 2960 Atzwang Völs. Vous pensez bien qu'il pourrait y avoir ici
842 2884 1815 3091 encore trois hôtels.
377 3039 771 3238 FREDERIC
838 3055 3694 3261 Je vais voue proposer quelque chose, Aigner. Descendez chez
830 3246 3826 3428 nous à Beden. Nous avons assez de place dans notre villa. Nou¬
830 3408 3694 3599 avons une très jolie chambre d'amis. Oui, trè¬ intime. Il y
830 3559 3837 3726 revient seulement parfois l'esprit des amis morts qui avaient eu
814 3683 3436 3857 l'occasion d'y passer la nuit. Cela ne vous gène pas?
361 3841 715 4028 AIONER
830 3857 3826 4040 Non. Contre les esprits des mois je n'ai pas d'objection. Mais
826 4004 3114 4183 les fantômes vivants me sont très anticipathiques.
373 4175 3559 4342 FREDERIC le diable m'emporte, j'aurais eu vraiment plaisir, Aigner,
806 4362 3738 4525 à vous faire faire la connaissance de votre fils. On pourrait
818 4509 3603 4676 arranger cela très bien - dans notre jardin, noua jouons au
806 4656 3722 4874 tennie, vous arrivez soudain... comme un étranger de distinc-
814 4803 1239 4997 tion...
