4024 5272
1855 105 2186 319 - 126 -
729 218 3701 526 même s'il est tout à fait superflu. Il a quelques dispositions
736 452 3795 697 à prendre. Peut-être aussi quelques lettres et papiers à bruler.
732 651 3717 842 Bref faire comme s'il s'agissait d'une chose extraordinairement
1266 732 2326 865 que nous tachions tous
744 807 3643 978 grave, bien que ce ne soit rien qu'une ridicule manifestation
744 927 3830 1169 d'amour propre et de comédie d'honneur, comme nous  savons tous.
748 1068 2607 1317 Je ne suis pas convaincus madame Genia.
378 1095 592 1278 ERNA
736 1223 3698 1446 Moi, je le suis. Venez Erna, allons dans le jardin, la journée
378 1258 639 1504 CENIA
736 1430 3627 1625 est ni belle. Nous baverderons. Vous ne m'avez rien raconté
744 1582 3705 1781 de votre voyage. Vous avez vécu d'intéressantes choses.... au
756 1710 1648 1940 Völser Weiher.....
756 1890 3838 2073 Est-il possible que vous puisseiez plaisanter en ce moment, Cenia
374 1882 612 2077 ERNA
760 2053 3842 2268 Je ne plaisante pas, Ah, je suis bien loin de ça.... Vous l'aimez
374 2046 690 2303 GENIA
748 2197 3542 2423 donc beaaucoup.... "monsieur Hofreiter", n'est-ce pas -?I
744 2385 3709 2548 Allons ce n'est pas un mystère. Le premier - c'est toujours un
760 2525 3662 2743 évènement. Ou bien est-ce que cela ne signifie rien de plus
748 2673 3647 2856 il faut que vous m'éclairiez là-dessus Erna! - je ne me rends
748 2852 3674 3008 plus du tout compte. La vie est devenue tellement plus légère
760 2992 3639 3172 dans ces derniers temps. Quand j'avais votre âge, on prenait
771 3144 3768 3351 encore ces choses là terriblement au sérieux. Il n'y a pourtant
768 3312 3631 3514 pas plus de dix ans de cela, mais il me semble que le monde a
768 3472 1933 3666 bien changé depuis lors.
374 3608 3499 3853 GEMME DE CHAMBRE (avec un télégramme, vient de la droite, s'en sa
1340 3709 1823 3869 aussitpt).
374 3838 1640 4052 GENIA (l'ouvre rapidement)
1660 3838 3694 4095 C'est de la soeur Mary. Elle arrive aujour¬
764 4009 3713 4259 d'hui à Midi avec Percy, Ici. (Elle donne le télégramme à Erna)
768 4169 3662 4395 Ce sera une joyeuse réception. Mais ne voulez-vous pas venir
756 4399 3775 4574 dans le jardin Erna? 81 noue faisions une promenade en voiture,
760 4508 3787 4777 qu'en dites-vous? La journée est si belle. L'air vous fera du
771 4652 3811 4882 bien. Vous êtes pâle.... Vous n'avez peut-être pas bien dormi.
