3992 5224
1830 250 2056 448 -10-
929 460 2205 711 qu'elle va vers la véranda)
2233 505 3631 751 Je vous l'ai déjà dit l'autre
707 638 2593 893 jour, docteur, réfléchissez à la chose.
473 852 1632 1099 MAUER.- (a demi railleur)
1680 868 3635 1139 Je crois que je ne suis pas assez élégant
719 1086 2298 1260 pour elle (Il la suit peu à peu).
473 1240 2096 1450 GENIA.- (quelaues marches plus haut)
2124 1321 3708 1543 Je ne savais pas que Frédéric eut
743 1490 2839 1688 encore à faire au bureau après la cérémonie.
481 1636 3687 1826 MAUER.- Oui, Madame Genia, J'était charge de vous le dire. Il attend
743 1805 1842 2003 une dépèche importante.
460 1943 1410 2161 GENIA.- D’Amérique?
464 2124 3695 2334 MAUER.- Oui. Au sujet d'une offaire de Brevet pour sa nouvelle décou-
747 2290 2209 2460 verte de lumière incandescente.
468 2330 3708 2569 GENIA.- C'est seulement un perfectionnement, docteur! (Elle s'assied)
468 2573 2367 2799 MAUER. - (debout penché sur la balustrade)
2359 2597 3740 2835 Comme toujours la chose prend
723 2795 3780 2956 avec lui des dimensions considérables; il veut aggrandir l'usine,
715 2940 2472 3170 acheter tout un bloc de maisons......
460 3114 1208 3316 GENIA.- Oui.
448 3247 3578 3453 MAUER.- Et avec ceux il a de nouveau convoqué le Consortium qui le
711 3401 3736 3586 presse pour l'achat de l'usine. Demain matin il a une conférence
707 3594 1579 3768 avec son banquier.
456 3728 1410 3938 GENIA.- Avec Natter.
456 3877 2096 4075 MAUER.- Naturellement, avec Natter.
444 4043 3453 4301 CENIA.- Ils étaient aussi à l'enterremementles Natter, Je pense.
444 4204 1026 4406 MAUER. - Oui.
444 4370 3069 4540 GENIA. - L'autormobile écarlate a dû être très remarquée.
436 4519 3146 4721 MAUER.- Oui, qu'y faire? Elle est vraiment rouge écarlate.
1547 4685 2270 4895 (petit silence)
436 4838 2645 5085 GENIA. - (regarde Mauer aveo un faible sourire).
