4104 5288
1999 195 2275 413 93 —
397 331 651 483 ERNA
853 257 3966 616 Pourquoi n'êtes voue pas allé chercher votre manteau cette nuit?.
378 417 791 694 FREDERIC
857 468 3701 705 Je vous en prie, Erna, ne jouez pas avec moi. Je suis assez
842 686 3655 881 loyal avec vous. Dites simplement NON et tout est fini. On
845 830 3760 1075 repêchera Mauer. Je ne suis pas disposé à me rendre ridicule.
838 982 2283 1212 Voulez-vous devenir ma femme?
394 1013 655 1274 ERNA
842 1107 1804 1278 Votre femme - 7 Non.
421 1251 771 1430 DÉDERIC
845 1227 1114 1414 Bien.
429 1399 655 1574 NÄRNA
834 1348 1827 1555 Peut-être plus tard.
409 1527 760 1742 TREDERIC
834 1609 1481 1722 Plus tard -?
405 1707 584 1897 RNA
826 1695 2256 1905 Continuez de lire vos lettres.
351 1882 748 2081 FREDERIC
818 1897 3752 2065 Pourquoi? La fabrique peut aller au diable. Tout peut aller
814 1999 3896 2268 au diable. Que veut dire : plus tard! La vie n'est pas si longue
787 2194 3791 2420 Je ne vous laisse pas de délai, vous étes engagée par un baiser
799 2381 3888 2583 comme celui d'hier! Ou à un adieu immédiat, ou à un OUI sans con-
791 2529 3803 2696 ditions. Je ne peux pas attendre, et je ne le ferai pas. Dites
799 2653 2739 2844 non et je pars immédiatement aujourd'hui.
308 2798 569 2973 ERNA
787 2825 3288 3098 Je ne joue pas je sais à quoi notre baiser m'engage.
791 2981 1231 3125 Erna...
316 2953 717 3164 FREDERIC
316 3136 596 3288 ERNA
775 3055 3908 3409 Est-ce que vous ne l'avez pas toujours su que je vous appartenais!
304 3246 1504 3479 FREDERIC Erna...... Erna!
1321 3436 2735 3627 (La cloche du dîner retentit)
935 3616 3768 3791 (Les touristes qui s'était endormi au commencement de l'acte
1153 3721 3904 3943 s'éveille d'un songe, se lève, marche en criant et parcourt
1130 3783 2661 3990 toute la scène avant de sortir).
304 3896 1184 4099 Mme WAHL (descend)
308 4048 1757 4294 AIGNER (allant à sa rencontre)
1816 4142 3803 4368 Ah; voilà une boucle que je ne connaissie
791 4321 2213 4543 pas encore! Ravissante......
292 4379 674 4648 FREDERIO
803 4477 3701 4742 Oh, nous avons tellement bavardé. Je n'aurais plus de temps de
791 4601 1352 4781 m'habiller.
300 4668 713 5046 SÖne WENL.
791 4804 3620 4964 Vous êtes assez bien comme cela. Mais, où est le Dr Mauer!
