4184 5352
1939 234 2177 374 70
964 348 3663 575 vous mettiez sur un écriteau à la porte : "dans cet hôtel
953 544 3716 752 l'homme commence au baron, ou au Directeur de banque ou à
971 699 1610 866 l'americain".
964 839 2964 1009 Ce ne serait pas exact, Monsieur Serknitz.
507 816 782 1021 AGNER
964 1005 3765 1138 Croyez-vous que parce que je ne suis pas arrivé ici en auto
491 1024 839 1164 BERKENITZ
934 1187 3840 1323 je n'ai pas droit aux mêmes égards qu'un riche industriel
1002 1342 3920 1482 ou un ministre? Il n'est pas encore né l'homme qui pourra se
994 1463 3856 1633 permettre de me regarder du haut en bas, qu'il porte un mono-
1002 1599 1569 1773 cle ou non.
503 1709 1792 1984 IGNER (toujours tranquille)
1735 1867 3697 2056 Si vous avez quelque chose à me reprocher
945 2030 3871 2196 personnellement M. Serknitz, je suis tout à votre disposition.
953 2200 3840 2359 Na ha! Il faut peut,être encore que je me batte en duel avec
476 2166 843 2423 SERKENITZ
964 2340 3920 2480 vous? C'est le comble. Vous pouvez toujours attendre. On se
945 2483 3984 2706 plaint de ne pas recevoir ses chemises ou ses chaussettes et avec
953 2676 3746 2846 cela on doit encore se faire tuer. Ecoutez-moi Monsieur le
941 2850 3886 2986 Directeur. Si vous croyez que vous ferez ainsi la renommée de
956 2941 3988 3130 votre hôtel, vous êtes complètement dans l'erreur. Je quitterais
941 3130 3931 3300 immédiatement par les voies les plus rapides cette boite ridicu¬
941 3296 3946 3406 le, cet Eldorado pour snobs, chevaliers d'industrie et boursiers
934 3444 3878 3606 juifs, si j'avais la moindre envie de vous faire cadeau de mon
941 3610 3814 3769 linge. Je vais voir encore une fois s'il n'est pas venu. Je
956 3754 2510 3916 vous salue monsieur le Directeur.
469 3901 771 4147 ÄIGNER
930 3897 2139 4045 Bonjour Monsieur Serknitz
2136 3920 3825 4173 (Il va vers Madame Wahl qui l'a déjà
956 4090 3164 4260 salué pendant cet entretien d'un signe de tête)
3134 4139 3848 4362 Bonjour Madam
476 4207 847 4476 Räme WaHl.
941 4207 2873 4487 J'admire votre patience, M. le Directeur.
465 4449 775 4627 AIGNER
934 4487 1705 4615 Cela s'apprend.
469 4608 843 4823 Kme WAHL
930 4589 3077 4808 Je voudrais avoir un peu de votre sang froid.
