3704 5272
1445 170 1745 344 — 43 —
606 299 3375 558 Je ne te comprends vraiment pas. Il y a encore autre chose
92 392 370 569 ADELE
610 554 1955 758 sur la terre que-les femmes.
599 728 3463 883 Oui,-les intervalles entre l'une et l'autre. Ils ne sont pas
92 621 525 909 FREDERIC.
606 872 3301 1039 non plus sans intérêté. Quand on a le temps et qu'on est
599 1046 3356 1216 d'humeur à le faire, on construit des usines, on conquiert
595 1179 3563 1368 des pays, on écrit des semphonies, on devient millionnaire...J.
610 1353 3497 1515 Mais crois-moi tout cela est accessoire. La chose principale
617 1467 1937 1652 c'est vous! — vous - vouel..
628 1630 1430 1811 (hochant la tête)
111 1586 392 1819 DÉLE.
1419 1652 3316 1900 Quand on pense qu'il y a des gens qui te
606 1870 2085 2063 prennant pour un homme sérieux!
614 1933 3393 2225 Ah, est-ce que tu trouves particulièrement gai ce que je te
111 2063 543 2218 FREDERIC.
610 2192 1031 2403 dis là?
673 2332 3275 2499 arrive; Un grand, assez gros homme dans un très élégant
78 2340 569 2602 Mr. Natter
665 2454 2221 2595 complet d'été, favoris, monocle).
625 2539 2635 2791 Bonjour, Adèle! Bonjour mon chef Hofreiter.
111 2595 551 2765 M. NATTER
100 2743 506 2916 FREDERIC
621 2739 2525 3042 (lui tendant le main) pourquoi si tard?
107 3009 418 3227 ADELE.
628 2975 1290 3208 Otrès aimable)
1305 3009 2351 3231 Oh as-tu vadrouillé?
610 3160 3493 3356 Pardonne-moi mon enfant. Je suis allé m'asseoir dans le parc
107 3219 462 3386 NATTER.
610 3345 3526 3530 et j'ai lu. Rien d'autre que ça. Dites-moi Hofreiter, savez-
610 3493 3545 3667 vous rien de meilleur que d'aller s'asseoir en liberté sous un
617 3659 1382 3844 arbre et lire?
625 3770 2125 4007 Ca dépend... Que lisiez-vous?
122 3829 566 4029 FREDERIC.
628 3959 3419 4177 Voue allez rire. Un nouveau Sherlock Holmeel Vais vraiment
118 4014 444 4177 UATTER
628 4121 2111 4339 extraordinaire: captivant même!
344 4269 2768 4447 (Mauer et Erna sortent de la maison - salutation).
103 4450 987 4646 ERNA (à Frédério)
1035 4532 2314 4757 Allons-nous encore jouer?
665 4716 1279 4920 naturellement
111 4606 510 4960 FREDERIC
1368 4753 1826 4983 (à Natter.)
1889 4801 3412 4990 Vous prendrez du thé avec nous?
