4072 5304
1714 180 2114 464 107—
460 412 3679 657 FREERIC.- Il ne faut pas parler de l'avenir, enfant. On ne doit rien
713 613 3663 849 prédire, ni pour soi ni pour los autres. Même pour la prochaine
705 769 1602 965 minute! Crois-moi.
761 941 3663 1145 Et penses-tu vraiment que si j'aimais quelqu'un après toi - je
456 993 693 1193 ERNA.
713 1085 1830 1277 pourrais lui cacher....
432 1197 3535 1477 VREDERIC.- certainement tu le pourrais. Et tu aurais raison. Je ne
693 1429 2891 1646 l'assure, nous ne méritons pas autre chose...
444 1525 2695 1778 ERNA.- "Nous"... Il y en a de meilleurs que toi.
436 1722 2002 1974 FREDERIC. - Crois-tu? (Il se lève)
444 1878 3607 2074 ERNA. - Qu'as-tu donc? Pourquoi es-tu si distrait? Fourquoi regardes-
713 2070 2983 2254 tu toujours vers la portez Attends-tu quelqu'un?
424 2158 1994 2454 FREDERIC.- Oui, le docteur Mauer.
432 2350 2374 2566 ERNA.- Le docteur Mauer? que lui veux-tu?
432 2510 2594 2767 FREDERIC. - c'est pour une question d'affaires.
432 2666 2130 2895 ERNA.- Mauer n'est pas un avocat....
432 2843 1529 3083 FREYERIC. - Mais un ami.
436 2979 2182 3187 ERNA.- Crois-tu qu'il l'est toujours?
424 3179 3603 3391 FREDERIC.- Oui. De telles choses ne dépendent pas des expériences?
689 3307 3691 3539 qu'on a pu faire l'un avec l'autre. C'est parce que les rapports
689 3435 3595 3663 intimes subsistent que les désillusions font souffrir... Mais
689 3595 3667 3792 comme ces choses-là sont toujours liées... Vois-tu il y a seule-
697 3748 3603 4004 ment des amours éternelles et des amities éternel]es. Et Mauer
677 3924 3639 4156 est et reste mon unique ami. C'est un point acquis... Même s'il
685 4076 3195 4304 devait me tuer un jour, il n'en serait pas autrement.
424 4240 2707 4488 KRMA.- Qu'as-tu donc de si important à lui dire?
448 4388 2803 4668 FREDERIC.- Cela a trait à mon voyage en Amérique.
396 4632 2038 4825 ERNA.- Tu es donc décidé à partir:
376 4736 3583 5025 FREDERIO.- Oui... Et il y a bien des choses à régler - du passé pour
