3736 5304
1468 231 1736 496 -77 -
559 399 1267 585 Drôle de goût.
559 578 3451 749 C'est le jeu le plus difficulté qui existe; bien plus difficile
518 742 3458 898 que les échecs. Savez-vous combien il y a de combinaisons dans
555 887 984 1066 ce jeu?
551 1058 2340 1215 Comment voulez-vous que je le sache?
89 1036 291 1230 I.RHON
559 1200 3484 1416 Je le sais.... Je me suis occupé cette année de la philosophie
97 1204 402 1412 BUSTAVE
537 1323 1014 1520 des jeux.
551 1479 1878 1681 Et vous n'avez pas tremblé...?
97 1528 261 1666 HON
112 1662 395 1830 RUSTAVE
548 1669 2575 1818 Pourquoi? Il m'est indifférent de perdre.
548 1815 3134 2001 Pendant que votre soeur là-haut entre ciel et terre...
112 1830 272 2001 HON
108 1986 391 2169 MUSTAVE
548 1971 3342 2191 Maïe pardon, il ne peut rien arriver à ma soeur, elle vivra
559 2146 1293 2333 jusqu'à 84 ans.
559 2292 1643 2471 Vous en êtes certain?
97 2292 276 2474 HON
548 2489 3309 2616 J'ai fait son horoscope. Elle est née sous le ecorption...
93 2452 395 2661 RUSTAVE
540 2586 3413 2817 Elle pourra à 83 ans traverser encore des placiers, si ça lui
551 2754 1207 2951 fait plaisir.
559 2921 3301 3085 Vous n'allez pas me raconter que vous croyez à ces bêtises.
130 3070 395 3264 WISTAVE
551 3078 3547 3253 Pourquoi pas? Je reconnais presque toujours au premier regard
559 3212 2761 3424 sous quelle constellation sont nés les gens...
134 3365 429 3577 RHON
559 3380 3525 3536 (arrivé. Petite, jolie, assez grosse; saute su cou de son mari)
551 3503 995 3711 Me voilà.
108 3674 879 3860 JSTAVE (à Aigner)
898 3790 1751 3968 Regardez-les....
123 3946 347 4118 GENER
537 3931 1118 4140 Eh bien —?
548 4084 2213 4300 Visiblement sous le Capricorne!....
112 4088 414 4330 STAVE
522 4233 2653 4408 Allons, laisse-moi, nous ne sommes pas seuls.
127 4404 354 4594 GNER
522 4393 2213 4624 Je vous en prie ne voue genez- pas.
145 4565 853 4770 ON (froidement)
905 4602 2601 4799 Eh bien, était-ce beau, mon enfant!
190 4740 1140 5030 RhON Merveilleux.
749 5068 1014 5194 ers 10
