4056 5304
1784 260 2064 470 -116-
414 434 2214 718 FREDERIO.- Elle en sera très heureuse.
422 665 2060 872 MAUER.- (se dirige vers le tennis).
1525 795 2311 1050 FREDERIC. NATTER
422 925 3670 1180 UATTER.- Je voulais vous demander, mon cher Hofreiter, si je puis vous
669 1160 3568 1302 parler au bureau demain matin. J'ai beaucoup de choses à vous
657 1257 3706 1476 dire. Le Consortium dont il, s'agit a de nouveau fait une communi-
669 1431 1679 1622 cation. On offre......
414 1557 2538 1788 FREDERIC. - A demain les affaires, M. Natter.
426 1768 1748 1983 rntre. - Comme vous voudrez.
414 1963 2117 2157 FREDERIC. - Aujourd'hui nous causons.
414 2096 1362 2307 anser.- Volontiers.
422 2165 3581 2433 FREDERIC.- Dites-moi Natter, comment trouvez-vous Demeter Stanzides?
397 2352 3613 2583 UATTER.- Stanzides? - Un homme tout à fait sympathique. Un peu senti-
693 2514 3495 2757 mental pour un capitaine de huesards. Mais un gentil garçon.
426 2697 1792 2920 FRED. - Il n'a pas de dettes?
410 2887 1650 3094 ranten - Pas que je sache.
414 3078 2478 3256 FRED.- Il ne brutalise pas ses subordonnés?
422 3175 3017 3406 UATTER.- Je n'ai jamais entendu dire rien de semblable.
418 3378 2271 3564 FRED.- Il ne triche pas un peu au jeu?
511 3540 2173 3710 ETTER. - Croyez-vous cela Hofreiter?
414 3641 3585 3860 FRED.- Non. Je veux seulement vous aider à trouver,quelque chose sur
685 3771 3597 4104 lui, pour plus tard, quand l'histoire entre lui et votre femme
685 4010 1249 4250 sera finie.
1488 4010 3033 4319 (Ils se regardent dans les yeux)
422 4233 3528 4529 MATTER.- Je suis heureux de voir que vous ne me prenez pas pour un
677 4513 1691 4627 imbécile, Hofreiter.
430 4582 1930 4817 FRED.- Non, mais pour un......
414 4684 3670 5048 NATTER.- Je veux vous prévenir avant que vous m'appeliez "coquin". Il
