4008 5096
1812 150 2161 291 — 136 —
927 241 3155 474 Et - où que tu silles Frédéric - je te suivrai.
453 366 686 561 FRED
931 362 2369 619 Merci. Je ne puis l'accepter.
449 544 673 756 ERNA
919 524 3707 823 Je plus fort encore qu'avant, Frédério, que nous nous
931 690 1542 869 appartenons.
919 761 3790 1031 Erreur, tu es en ce moment sous l'impression de ce qui vient
2153 989 2315 1114 und
902 985 3749 1243 de se passer. Probablement xxx t'en impose, mais c'est une
914 1155 3832 1401 Illusion. Tout est illusion. Prochainement, ce sera la déten¬
1625 1280 1816 1430 aussi
923 1326 3587 1584 te. C'est fini(entre nous, Erna. Tu as vingt ans, tu ne
902 1467 1754 1683 m'appartiens pas.
432 1484 686 1850 ERNA
736 1588 1941 1845 (toujours à la même place)
1941 1667 3225 1958 Tu es plus jeune que tous.
445 1837 682 2049 FRED
902 1825 3749 2082 Taisatoi! Je sais ce qu'est la jeunesse. Il n'y a pas encore
894 2045 3790 2240 une heure, je l'ai vue briffent### dans des yeux froids et
894 2157 3749 2402 insolente. Je sais ce qu'est la jeunesse.- Et on ne peut pas
677 2294 3204 2510 tous les tuer... Reste où tu es, amuse-toi bien et....
436 2469 1480 2718 ERNA (prête l'oreille)
1542 2564 2111 2756 Une voiture
411 2681 1384 2930 FRED (reste immobile)
1421 2822 1791 2984 Percy.
420 2826 3753 3150 ERMA (maintenant un peu plus près de lui) crois-moi Frédéric, je t'aime
889 3084 1596 3292 je suis à toi.
894 3217 3849 3516 Moi, je ne suis à personne au monde, à personné. Et je le veux
399 3234 657 3500 FRED
889 3396 1409 3612 ainsi....
424 3516 2485 3807 VOIX D'ENFANT DANS LE JARDIN - Mamant Papa!
2257 3637 3038 3978 viel armen
852 3736 1097 3961 Pero
403 3707 665 3903 FRED
1172 3736 2107 4007 11 xxx une voix
2943 3828 3691 4106 Ne voilà, Perey
881 4007 3570 4406 j'arrive. Je suis le (il sort rapidement sur la vérande).
387 4268 1492 4518 ERNA (reste immobile).
1746 4680 2028 4875 RIDEAV
