3688 5288
1541 221 1774 338 - 46 -
442 264 3443 474 Cette aimable pensée vient malheureusement un peu tard. - Je ne
93 303 322 547 MAUER
466 442 3439 640 dissimulersi pas que, comme tous les hommes, je....... etc,...
439 621 3268 838 Mais j’ai.?.. terminé. Je n'aime d'ailleurs pas le désordre
431 772 2383 951 sentimental. Je me mépriserais moi-même.
442 935 3357 1126 Vous êtes vraiment un honnête homme, dacteur MAUFR! On a bien
70 916 272 1168 ERNA
431 1075 3357 1238 l'impression que si on voua confie une fois son destin.... on
427 1226 3198 1417 est arrivé au port. Il ne peut plus rien vous arriver.
439 1386 1487 1587 Il faut l'espérer......
97 1370 318 1599 MAUER
431 1525 3384 1712 Mais voilà, je ne sais vraiment pas si ce sentiment de sécurité
82 1595 276 1809 ERNA
415 1719 3447 1882 est particulièrement souhaitable. Du moins pour moi. Pour être
427 1871 3435 2045 tout à fait sincère, ducteur Mauer, il me semble parfois que j'ai
439 1995 3280 2205 encore autre chose à attendre ou à demander au destin que la
431 2205 3400 2356 sécurité et la paix. Quelque chose de meilleur ou de pire - je
439 2360 997 2519 ne sais pas
431 2527 3369 2670 Ne me prenez pas pour un niais, mademoiselle Erna, si je pense
85 2503 318 2674 MAUER
431 2639 3268 2818 qu'à mes côtés, sans avoir précisément ce qu'il y a de mieux
439 2826 3474 3020 au monde, vous aurez tout de même une part assez bonne. La vie
439 2989 3559 3190 comporte encore autre chose que des a blentures d'une certaine sorte.
431 3152 1091 3338 Ai-je dit -?
85 3159 276 3334 ERNA
450 3299 3245 3450 Vous ne l'avez pas dit, mademoiselle ERNA, mais c'est votre
101 3322 330 3532 iauen
439 3431 3528 3648 pensée. Ce n'est pas étonnant,- dans cette atmosphère! on respire
439 3613 3509 3831 le désir autour de nous! Mais je vous assure qu'il existe, et je
435 3718 3505 3939 me crois capable de vous en faire goûter, une plus fraisse
376 3916 1114 4122 et plus libre.
396 4068 3439 4320 Vous avez la foi, docteur, vous me plaisez tout particulièrement.
89 4095 283 4308 ERNA
431 4246 2049 4448 Venez au Völser Weiher. On verra.
497 4297 3408 4557 (Sortent de la maison : Adèle, Natter, Stanzides; les suivent
574 4491 3447 4630 peu à peu Genia, Otto, Paul, Frédéric, Mme Wahl, Mauer, Erna)
