3672 5288
1701 216 1913 326 50 -
629 380 3230 618 Vous pouvez le penser, Mme Meinhold. Je ne l'ai pas vu
611 545 3277 750 depuis Noel. Ce n'est pas gai d'avoir son fils unique à
625 710 3339 874 l'étranger. Mais je crois que vous en savez quelque chose
625 870 1262 1050 Mme Meinhold.
625 1017 1233 1203 Un peu, oui.
121 1035 571 1200 MEINHOUD
607 1159 3482 1335 Je crois que votre fils va voue quitter encore pour plusieurs
91 1214 249 1350 NIA
611 1320 1009 1529 annéeß?
154 1459 556 1690 MEINHOLD
618 1500 2564 1671 Oui, pour trois ans, Et loin, très loin.
611 1639 3489 1840 Dans les mers du Sud; il me l'a raconté. Oui, c'est vraiment
611 1836 3497 1997 long. Mais il me semble que vous êtes mieux partagée que moi
607 1993 3464 2132 à ce point de vue Mme Meinhold. Vous avez un but personnel
618 2129 3431 2293 votre profession qui est si belle et qui vous absorbe telle-
625 2286 2242 2425 ment! Cela aidé beaucoup à vitre.
629 2414 1255 2622 Oui, parfois.
629 2579 3442 2783 N'est-ce pas? Il me semble parfois; il n'est peut-être pas
629 2747 3295 2922 tout à fait juste que les femmes ne soient que des mères.
618 2875 3376 3091 Vous n'auriez certainement pas accepté que votre Otto soit
611 3083 3551 3226 dans la marine si vous n'aviez pas été autre chose qu'une mère
629 3237 1174 3380 (simplement
1167 3255 2992 3471 Et si je ne l'avais pas accepte.....?
618 3464 3277 3647 Il serait resté près de vous; Oh j'en suis persuadée, si
625 3610 3475 3804 vous l'aviez souhaité, si vous l'a viez demande! Il vous aime
618 3760 3475 3932 trop pour cela. Il aurait fait autre chose. Je me le repré-
607 3921 3303 4107 sente très bien comme propriétaire....... ou - oh oui....
611 4089 1543 4254 aussi comme savant.
377 4250 563 4440 HOLD
618 4235 3328 4440 Mais voilà, chère Madans Genia: la question est de savoir
600 4378 3453 4590 si je l'aurais eu davantage, alors, que maintenant où il of
1152 4524 1807 4660 peut tur mes
596 4532 1020 4755 Conclusu.
1156 4612 1639 4740 Kasere.
91 4674 271 4912 UIA
593 4689 1075 4897 Oh...I
