4072 5272
1999 187 2347 405 - 86 -
894 268 3670 627 Docteur Mauor. Ob est-il donc? C'est inouï. Je voudrais
906 512 2232 719 vous dire à tous deux......
891 696 3176 879 Mais naman Wahl, Erna y serait montée sans nous.
401 566 799 818 FREDERIC
898 810 2144 1009 Vous auriez dû l'attacher.
398 799 772 986 Mme 7  7
887 944 3750 1242 Elle l'était Maman Wahl. Nous l'étions tous. A une seule et
390 937 772 1177 FREDERIO
875 1105 1441 1281 même corde.
386 1250 780 1456 Mme WaHL
887 1284 2638 1475 C'est une laisse qu'il vous faudrait.
386 1449 2385 1674 ERNA (descend dans une robe d’été, blanche)
2401 1540 2760 1716 Bonsoir
860 1640 1934 1835 Bonjour, Arna, bonjour
367 1655 673 1820 AICNER
1953 1751 3673 1953 (Il entnprend les mainse t l'embrasse
864 1820 1479 2049 sur le front
1533 1946 2251 2091 Vous permettez.
367 1992 749 2209 FREDERIC
845 2057 2703 2278 Comme le vieux Liezt la jeune pianiste.
382 2232 1762 2381 ÇRNA (baisse 1a main d'Aigner)
1785 2305 3624 2508 et Comme une très jeune pianiste au pas
852 2450 1770 2615 encore vieux Liszt.
336 2588 646 2767 AICNER
833 2607 1540 2798 Mais Erna....
340 2741 730 2924 Mme WAHL
845 2737 2171 2989 Il ne manquait plus que ça!
336 2909 554 3069 ERNA
826 2943 3784 3142 J'ai vécu là haut la plus belle heure de ma vie, M; von Aigner.
329 3047 627 3264 AICNER
826 3089 3566 3291 Oui, là-hautl.... Jéespère tout de même que vous en vivrez
822 3264 2164 3448 encore de plus belles, Erna.
2603 3291 2875 3486 bden.
336 3333 539 3536 ERNA
814 3413 3746 3616 Je crois que c'est difficile. Il peut se faire que la vie
665 3578 3738 3822 Meparaine encore une fois aussi belle, mais qu'en même temps la
803 3704 3608 3895 mort vous soit aussi complètement indifférente, cela arrive
803 3861 3715 4056 seulement dans des circonstances rares. Et cela.... cela est
795 3991 1785 4220 merveilleux!
1143 4155 3750 4342 (Pendant de temps la poste est arrivée. Rosenstock trie
1174 4319 3777 4488 les lettres, les Glients arrivent, prennent leur corres-
1154 4365 1995 4533 pondance, ete,..)
298 4453 531 4728 PRUL
784 4522 3807 4744 Mademoiselle Erna, permettez-moi aussi de déposer mon admiration
791 4667 1388 4881 à vos pieds.
