3752 5288
1666 207 1984 410 — 64 -
772 299 3536 588 Je ne peux plus remuer. Envoyez-moi une chaise à porteurs,
229 377 724 569 D TOURISTE
754 636 3447 735 Bogenheimer, si vous en trouvez une... ou un mulet. (Il
780 802 2938 964 s'assied vers la droite et sommeille bientôt).
118 802 754 1127 EMIER TOURISTE
809 924 1434 1145 (à Rosenstock)
1411 972 3403 1138 Allons, veillez seulement sur mon camarade
765 1101 2878 1341 afin qu'on ne le trouble pas dans son sommeil.
2908 1245 3569 1434 (Il se dispose
754 1411 3422 1674 à sortir) »Voyager à pied est le plaisir du meunier....
1485 1611 1925 1822 (II sort)
1053 1770 3503 1932 (Un couple arrive. Un groom derrière eux avec leurs
1323 1873 1951 2003 sace à main).
248 1951 994 2158 tock les salue)
318 2162 510 2317 IEUR
761 2132 1818 2346 La chambre est prête?
754 2309 3392 2468 Bien entendu, Monsieur le Conseiller, Ne cinquante sept.
772 2494 3433 2623 (Sonnette. Le couple avec le groom vers l'ascenseur? Ils
839 2579 1293 2697 montent).
373 2657 3344 2889 INOL. (arrive dans un élégant costuma de voyage, large pardessus,
665 2830 2313 2919 chapeau vert avec barbe de chamois
2487 2823 3296 3008 gants cuir fauve,
661 2838 2498 3011 raquette dans son enveloppe,à la main.
421 3034 1899 3196 vec ses bagages à main derrière)
754 3174 1179 3326 Bonjour.
750 3281 2143 3477 Bonjour Monsieur von Kreindl.
732 3425 3377 3662 Ah, que vois-je...i vous mon bon Rosenstock? Vous êtes
750 3658 3074 3839 êtes ici? Que va faire le Semmering sans vous?
754 3821 3470 4020 On monte de plus en plus haut, M. Von Kreindl, De mille...
743 3961 1726 4138 à quatorze cent......
735 4090 2720 4316 Ah bien avez-vous quelque chose pour moi?
750 4242 3296 4434 naturellement. Malheureusement au 4e étage, si M. von
732 4438 3392 4563 Kreindl avait seulement télégraphié un jour plus tôt...
750 4556 2550 4755 Soit, au sixième. Il y a l'ascenseur.
70 4733 477 4992 Pesenstocke
735 4678 3322 4885 S'il n'est pas arrêté en ce moment.... oui.... M. von
