3752 5288
1609 219 1967 423 — 68. -
253 393 514 600 STOCK
619 332 3032 650 Mais le tri n'est pas encore fait, M. von Serknitz.
608 536 3346 748 Le tri? Racontez ça à d'autres, je trierais tout le paquat
151 570 397 763 RKNITZ
616 702 3414 940 en un quart d'heure. Si à mon bureau j'avais besoin de tant
612 910 3414 1118 de temps pour trier mes lettres; - voilà bien la nonchalance
600 1076 3414 1280 autrichienne. Et on se plaint qu'il n'y a pas de voyageurs.
151 1152 495 1386 ENSTOCK
597 1246 3542 1443 Nous ne nous plaignons pas M. von Sæknitz. Nous sommes débor-
600 1322 827 1495 dés.
125 1473 400 1665 RKNITZ
597 1473 3089 1726 Je veux dire que vous ne méritez pas votre beau pays.
117 1665 495 1843 SENSTOCK
600 1696 2825 1858 Mais nous l'avons tout de même M. von Xerknitz.
117 1820 419 2047 RUKNITZ
589 1786 3621 2024 Je vous fais grâce du "von". Je ne coupe pas dans ces sornette.
589 2005 3553 2160 D'ailleurs je ne viens pas précisément pour la poste? Je viens
574 2160 1325 2304 pour mon linge.
106 2254 521 2470 SENSTOCK
578 2326 2768 2432 Pardon M. Serknitz, ce n'est pas à moi........
117 2458 393 2670 LÄLKNITZ
582 2443 3535 2651 A vous ou à un autre. La femme de chambre de l’étage m'adresse
566 2632 3214 2794 au bureau; depuis trois jours j'attends après mon linge.
98 2753 476 2927 SENSTOCK
574 2787 3516 2972 Je regrette beaucoup. Voici précisément Monsieur le Directeur.
106 2900 393 3123 LKNITZ
578 2923 2322 3149 Il n'est pas seul - comme d'habitude.
117 3021 616 3285 von AIGNER
642 3081 3497 3342 (vient justement de dehors avec une très belle espagnole dont
646 3191 1382 3312 il prend congé)
98 3274 1967 3504 SPAGNOLE (va vers l'ascenseur et monte)
162 3459 627 3648 Von AIGNEZ
661 3474 3266 3625 (Un homme de 50 ans au moins, très bien encore Elégant,
706 3587 3553 3689 costume de montagne, avec canne, cheveux noirs un peu grison-
699 3678 3599 3784 rants, moustache, monoole; aimable avec une légère affectation
702 3738 1465 3859 Pas de chapeau).
94 3818 359 4010 AKKHITZ
600 3890 1967 3984 Monsieur le Directeur......
106 4007 287 4146 NER
336 4029 1148 4241 (politesse voulue
1193 4093 2092 4286 Tout de suite......
2088 4165 2745 4407 (à Rosenstock)
2764 4203 3172 4441 Mon bon
627 4362 3331 4611 Rosenstock, S. Excellence Wendra arrive demain au lieu de
612 4573 3157 4751 Jeudi, et il lui faut quatre chambres, vous le savez.
87 4690 449 4936 ENST0CK
589 4698 3542 4909 Quatre chambres, monsieur le Directeur, pour demain.... Comment
582 4879 3565 5072 faire? Je ne peux pourtant pas... excusez-moi M. le Directeur,
