4008 5336
3419 266 3630 456 1
1742 249 1958 502 -7-
502 465 1772 755 GENIA.- C'est Frédéric....
506 676 3643 888 ERNA.- On peut arranger tout de suite une partie de tennis. Est-ce
784 842 2087 1054 que le terrain est préparé.
821 987 3809 1207 naturellement. Nous avons pendant deux heures hier, joué à deux
502 1045 801 1220 OTTO.-
801 1162 1776 1357 M. Hofreiter et moi.
506 1311 3705 1547 Mme WaHL.- Est-ce qu'il est bien convenable, dans ces circonstances,
792 1489 1767 1664 de jouer au tennis?
519 1618 3651 1854 ERMA.- Pourquoi ne serait-ce pas convenable, mawan? Je trouve cela
805 1796 3792 2000 tout naturel. Sur maîtombe je voudrais xxxx qu’on danse le cake-
801 1933 3767 2215 walk ou du matchiche... oui... Ce serait une sympathique pensée
784 2145 1398 2327 à mon égard.
527 2203 3759 2456 Dr MAUER. (Arrive. 35 ans. Il porte toute sa barbe, blinde. Pincenez.
996 2365 3713 2489 Cicatrice d'un coup de sabre sur le front. Costume sombre.
979 2435 3290 2634 Il n'est pas élégant, mais il n’est pas négligé.)
514 2572 2323 2805 Dr MAUER. Bonsoir mesdames, messieurs.
531 2751 1859 2958 GENIA. - C'est vous docteur?
531 2875 3871 3099 MAUER (saluant tout le monde rapidement) Je vous présente mes hom ages
797 3020 1709 3294 Madame (A Mme.WAKL)
1730 3083 3862 3269 Bonsoir Mademoiselle Erna, bonsoir lisutenant
813 3286 1249 3477 (A Genia)
1216 3273 3862 3564 Frédéric vous prie de l'excuser, madame Genia, il a enco
801 3531 3829 3701 re à faire à l'usine. Je suis alle avec lui jusque là et il a eu
805 3655 3771 3879 l'amabilite de me laisser l'auto pour faire quelques visites à
797 3829 3091 4057 mes malades. Il viendra plus tard avec le train.
531 4033 2593 4236 Moe WaH. - Nous vous prions de nous excuser.
2614 3999 3854 4236 (A Mauer) Peut-être aurons-
805 4186 3755 4385 nous le plaisir de vous voir chez nous, docteur ; bien que nous
809 4381 2722 4580 ayons, sieu merci, une excellente santé.
539 4547 3692 4734 ERNA.- Mais il faut venir bientôt docteur; en Juillet nous partons
805 4676 2576 4891 dans les Dolomites, au Völser Weiher.
535 4854 1145 5078 MAUER.- Ah!
