3688 5304
1567 75 1822 262 of
1410 240 1653 465 47
1188 292 1361 439 ' 1'
517 427 3366 585 Autrefois il m'est arrivé souvent d'assister au spectacle de
75 450 457 615 ANZIDES.
517 559 3441 768 l'Arène, non pas des gradins, mais tout en haut d'une colline
517 724 1777 941 d'où je dominais la scène.
521 870 1466 1098 Ce doit être drôle.
90 1065 469 1233 ANZIDES.
517 1012 3179 1218 Drôle - je ne sais pas. Mais c'est curieux. On ne voit
529 1226 3516 1376 naturellement qu'une petite partie du décor. Un coin de rocher,
529 1361 3498 1537 une cheminée ou autre chose. Et des acteurs, ons ne voit autant
521 1507 3329 1709 dire rien; seulement de temps en temps on entend un mot par
517 1653 3479 1814 hasard.... Mais ce qui est tout à fait particulier, c'est quand
536 1803 3351 2002 soudain une voix se détache parmi celles des autres acteurs.
2320 1953 2755 2073 Crimme
529 1961 3528 2148 Par exemple celle d'une femme.... dont on connaît la voix. Alors
536 2171 3531 2320 tout l'un coup, on peut aussi comprendre ce qu'elle dit. On ne
521 2328 3535 2448 distingué absolument, rien de ce que les autres disent, mais tout
1417 2437 1589 2545 over the
529 2440 2283 2665 à fait bien les plus dit la femme.......
1597 2639 1871 2778 me
86 2632 570 2812 ELE (Riant)
521 2654 2373 2875 La famme dont-on-connaît la voix!
3126 2774 3520 2973 mine.
79 2823 375 3115 EDERIC
521 2864 3321 3074 Au lieu de maîtresse, on ne doit pas dire “la femme dont on
517 3051 3494 3220 connait la voix" Stanzides, mais la "Femme inconnue" c'est plus
529 3190 836 3333 juste!
71 3351 281 3539 LE
529 3306 2182 3565 Ou Amie quand on veut être discret.
465 3464 1016 3708 Ouf Ennemie.
101 3498 356 3723 DERIO
420 3685 1485 3884 ...Si on Œst indiscret.
510 3846 900 4026 Erna!...
131 3831 367 4000 WAhl.
105 3985 274 4180 TER
506 3966 3261 4180 Il se fait tard, il faut que nous partions si nous voulons
506 4146 3363 4345 encore avoir quelque chose de la représentation. Je vous en
499 4281 1829 4498 prie, ne vous dérangez pas.
1102 4394 2853 4656 (Watter, Adèle, Stanzides s'en vont)
94 4592 540 4776 L (à Otto
517 4585 3419 4911 L'année dernière nous avons une fois joué pendant neuf heures
499 4855 3400 5031 avec le docteur Herz. D'abord quatre heures, puis nous avons
