4040 5352
2343 266 2681 378 ....,..
990 274 1160 374 " "
3197 254 3531 471 V:A:S:
1075 491 2947 652 Lieu de l'action: BADEN, près de Vienne
1087 664 2987 765 Le 3e acte, seul, se passe dans un hôtel
1123 805 2508 946 du Völser Weiher (Dolomites).
1679 926 2283 1019 ̃ ̃ * x=============
1087 1047 2617 1156 Droite et gauche des spectateurs
1888 1224 2194 1300 ======
1602 1357 2202 1518 PREMIER NOT
1196 1470 3575 1667 (Veranda de la ville Hofreiter et jardin d'entrée)
886 1635 3652 1776 Droite de la vérande, spécieuse; balustrade qui se prolonge
1111 1751 3652 1840 de chaque côté des parches qui descendent dans le Jar-
1111 1824 3583 1916 din d'entrée. La double porte qui mène de la véranda
1123 1864 3716 1993 au jardin-salon est ouverte. Devant la véranda, pelouse
1131 1985 3676 2102 avec massif de rosiers en fleurs.- Une clôture de bois
1131 2061 3491 2158 peinte en vert, assez haute, entoure le jardin. La
1123 2158 3748 2231 clôture tourne à angle droit vers l'arrière et se prolon-
1131 2222 3583 2319 ge derrière la villa.- Sentier le long de la clôture
1119 2283 3664 2396 au dehors.-Heute purmllèle au sentier. - A l'intérieur
1119 2367 2798 2464 le long de la clôture, broussailles.
886 2432 3700 2541 La porte du jardin, à gauche, au milieu, face à la véranda,
1119 2541 3632 2617 est ouverte. Bancs autour de la pelouse: un face à la
1119 2609 3583 2710 salle, un face à la porte du jardin, un troisième de
1123 2681 3620 2794 l'autre côté de la pelouse, donc tournant le dos à la
1111 2762 1397 2847 salle.
886 2818 3603 2923 Sur la véranda, une table rectangulaire avec six chaises,
1123 2903 3664 3020 Dans le coin derrière, un laufier-rose. La véranda est
1123 2992 3716 3112 couverte d'une marquise rayée rouge et blanc. Une lampe
1111 3068 3583 3165 électrique sur la table. Une lampe-applique à droite
1111 3132 3748 3257 de la porte. La table est mise pour le thé. Fin d'après-
1123 3225 3656 3314 midi après une pluie d'orage. Les feuilles sont mouil-
1111 3302 3628 3386 lées. De longues ombres de la clôture tombent dans le
1119 3386 1458 3483 jardin.
1107 3680 3620 3801 Mme GENIA (31 ans, mise avec une simplicite élégante:
1361 3761 3672 3861 costume gris foncé, blouse mauve. Elle est assise
1345 3837 3495 3942 devant la table de la véranda, du côté étroit
1357 3873 3656 4014 tourne vers le public. Elle posé sa tasse de the,
1357 3994 3716 4099 regarde un instant devant elle, se lève, repousse
1361 4079 3676 4167 sa chaise, regarde vers l'arrière, dans le jardin
1353 4159 3716 4264 par-dessus la balustrade; elle descend les marches
1353 4240 3628 4364 vers le jardin, les mains dans le dos, selon son
1341 4304 1852 4441 habitude).
1099 4461 3515 4578 La FERME DE CHAMBRE (vient du jardin-salon dans la
1353 4550 3543 4638 véranda aveo un plateau; elle veut emporter le
1345 4618 2694 4739 service à thé; elle hésite).
427 4735 3656 4912 GENIA (ensore sur les marches, se tourne vers elle). Vous pouvez des-
632 4896 3672 5061 servir. Monsieur aura probable ent pris son thé en ville. (après
