4024 5336
901 283 1081 512 1/1
1999 369 2183 483 -3-
725 508 2634 733 qui nous avons ainsi rondu service......
528 717 3576 905 ERNA. - Namen a parfaitement raison... Nous n'avons pas avec cela
729 885 2253 1049 rendu la vie au pauvre Korsakow.
520 1028 2548 1200 GENIA. - L'assistance était-elle nombreuse?
504 1176 3760 1368 Mme LAHL. - Enorse. Dans l'église il était impossible de remuer. Et au
746 1331 3732 1532 cimetière il y avait certainement au moins deux cent personnes
741 1487 1765 1688 malgre ce sale temps.
520 1634 2167 1856 GEMIA. - Beaucoup de connaissances?
520 1782 3810 2056 Mme WABL.- Oui, naturellement.... Les Hatter sont venus dans deur aute
741 1954 1749 2142 neuve rouge ecarlate.
528 2110 1319 2339 GENIA (souriant)
1348 2187 2679 2347 J'en ai déjà entendu parler.
520 2331 3756 2507 Mme WaH. - Cela a fait une impression fantastique près du mur du cime¬
754 2491 3863 2618 tière.... Pas précisément fantastique, mais cela a paru singulier.
545 2634 3687 2814 LA FERLE DE CHABRE (vient avec le manteau blanc, que prend Genis).
766 2773 2523 2990 Bonjour Madame, bonjour mademoiselle.
549 2900 1430 3154 Mme HaHL. (affable)
1471 3035 2130 3257 Bonjour Kathi.
557 3207 1262 3441 ERNA. - Bonsoir.
1471 3351 2937 3531 (La femme de chambre s’éloigne)
545 3515 2867 3719 CENIA. - Avez-vous parlé à mon mari au cimetière?
545 3678 1933 3838 Mme rAHL.- Oui... en passant.
541 3789 1921 3982 ERNA. - Il était très affecté.
561 3949 1737 4166 GENIA.- Je le pense bien.
561 4072 3756 4358 ERMA. - Cela m'a surprise. Il n'est pas de ces hommes qui se laissent
770 4276 1876 4502 si facilement mouvoir.
533 4436 1409 4690 GENIA.- (souriant)
1438 4449 2871 4698 Comme vous le connaissez bien.
549 4649 1761 4883 ERIA.- C'est tout naturel.
1823 4739 2577 4969 (Très simplement
2626 4756 3732 5014 Je l'aimais déjà quand
