3656 5240
1392 278 1649 523 -12-
109 507 672 732 AUER.— Oh! -
109 716 3142 917 ENIA.- Avec mon fils, naturellement. Vous pouvez être tranquille,
378 829 2023 1034 je ne lui aurais pas laisse Peroy.
93 981 2144 1179 AUER.- Vous avez voulu quitter Frédéric...?
109 1167 3282 1376 ENIA.- Oui, je l'ai voulu une fois... Et une autre fois j'ai été sur
366 1368 3270 1545 le point de me tuer. En vérité, tout cela est déjà loin. Peut-
366 1500 3085 1689 être ces souvenirs reviennent-iis seulement parce que....
109 1617 3234 1798 AUKR. - certainement.... vous ne l'auriez jamais fait... ne serait-
366 1818 2506 2007 ce que pour ne pas lui causer de désagrément.
97 1967 3154 2140 ENIA.- Est-ce que vous croyez que j'ai tant d'égards? C'est une
358 2132 3206 2281 erreur, docteur.... Il a été aussi un temps où j'étais prête
366 2253 3222 2422 à faire ce qui peut être le plus désagréable à un homme, sur-
366 2434 2345 2599 tout à un homme organeilleux. Me... venger.
105 2454 1066 2759 AUER.- Vous venger?
117 2743 1754 2916 ENIA. - Disons; prendre ma revanche.
105 2908 3222 3061 AUER.- Ah! Comme ça... C'eût été le plus simple dans tous les cas.
346 3045 3238 3254 Et la chose aurait peut-être en d'autres avantages. Cela peut
354 3198 3109 3423 se présenter encore. L'heure du destin peut aussi une fois
378 3383 1810 3540 sonner pour vous madame Genia.
398 3516 2997 3717 Et pourquoi serait-ce nécessairement l'heure du destin.
117 3471 330 3717 KNIA.
121 3669 901 3902 AUKR.- (gravement
949 3693 3210 3946 Pour vous si, ce serait justement cela, et c'est
346 3886 3190 4103 dommage. Pour moi mon sentiment de la justice se révolte de-
346 4059 3270 4264 puis longtemps à l'idée que mon viel ami Fréderie ne paierait
366 4208 2136 4413 pas un jour la douloureuse, lui aussi.
105 4352 3343 4598 EMIA.- Et qui vous dit, cher Docteur que Frédéric ne paye pas? Faut-il
338 4525 3335 4734 que ce soit absolument en même monnaie? Il paye déjà - à sa ma-
330 4670 3282 4924 nière! Tout ne vaé pas pour lui aussi bien que vous croyez, ni
