<?xml version="1.0" encoding="UTF-8" standalone="yes"?>
<PcGts xmlns="http://schema.primaresearch.org/PAGE/gts/pagecontent/2013-07-15" xmlns:xsi="http://www.w3.org/2001/XMLSchema-instance" xsi:schemaLocation="http://schema.primaresearch.org/PAGE/gts/pagecontent/2013-07-15 http://schema.primaresearch.org/PAGE/gts/pagecontent/2013-07-15/pagecontent.xsd">
    <Metadata>
        <Creator>prov=READ-COOP:name=TrHtr:version=2.1.0:model_id=51170:date=15_08_2023_06:52</Creator>
        <Created>2023-05-10T15:30:35.986+02:00</Created>
        <LastChange>2023-08-15T06:52:38.447+02:00</LastChange>
        <TranskribusMetadata docId="1428916" pageId="55434330" pageNr="35" tsid="132841199" status="IN_PROGRESS" userId="64420" imgUrl="https://files.transkribus.eu/Get?id=QNMFXCHURPWTDKNPZIQLCLPV&amp;fileType=view" xmlUrl="https://files.transkribus.eu/Get?id=SUYCGWLTDWDIUOEEWMULNTRF" imageId="44708320"/>
    </Metadata>
    <Page imageFilename="1428916_0035.jpg" imageWidth="3544" imageHeight="5256">
        <ReadingOrder>
            <OrderedGroup id="ro_1711801738585" caption="Regions reading order">
                <RegionRefIndexed index="0" regionRef="tr_1"/>
            </OrderedGroup>
        </ReadingOrder>
        <TextRegion id="tr_1" custom="readingOrder {index:0;}">
            <Coords points="118,322 3437,322 3437,4805 118,4805"/>
            <TextLine id="tr_1_tl_1" custom="readingOrder {index:0;}">
                <Coords points="1266,486 1307,477 1365,515 1423,502 1469,527 1544,481 1623,515 1681,486 1751,486 1731,220 1631,241 1598,220 1540,224 1511,253 1448,241 1394,282 1307,257 1249,266"/>
                <Baseline points="1281,372 1370,377 1458,377 1547,383 1635,389 1724,407 1753,413"/>
                <TextEquiv>
                    <Unicode>- 34 -</Unicode>
                </TextEquiv>
            </TextLine>
            <TextLine id="tr_1_tl_2" custom="readingOrder {index:1;}">
                <Coords points="108,656 253,631 320,656 540,652 614,614 664,647 706,610 797,647 801,469 726,494 660,461 589,502 535,481 490,502 315,419 220,477 166,440 112,452"/>
                <Baseline points="129,572 188,572 277,572 366,572 454,572 543,566 631,566 720,561 809,561"/>
                <TextEquiv>
                    <Unicode>A. (se levant)</Unicode>
                </TextEquiv>
            </TextLine>
            <TextLine id="tr_1_tl_3" custom="readingOrder {index:2;}">
                <Coords points="838,697 2938,643 3283,722 3283,564 3142,515 2469,577 2241,469 1926,585 1743,498 1473,569 838,481"/>
                <Baseline points="862,637 903,637 992,637 1080,637 1169,637 1257,637 1346,637 1435,637 1523,637 1612,637 1700,643 1789,643 1877,643 1966,637 2055,637 2143,637 2232,637 2320,637 2409,637 2498,637 2586,637 2675,637 2763,637 2852,631 2940,637 3029,631 3118,631 3206,631 3295,625"/>
                <TextEquiv>
                    <Unicode>Il faudra que vous me parliez encore de cela lieute-</Unicode>
                </TextEquiv>
            </TextLine>
            <TextLine id="tr_1_tl_4" custom="readingOrder {index:3;}">
                <Coords points="195,838 3013,801 3241,884 3287,722 199,693"/>
                <Baseline points="218,797 277,797 366,797 454,797 543,797 631,797 720,797 809,791 897,797 986,791 1074,797 1163,797 1251,797 1340,797 1429,797 1517,797 1606,797 1694,797 1783,797 1872,797 1960,797 2049,791 2137,791 2226,791 2315,791 2403,797 2492,791 2580,791 2669,791 2757,791 2846,791 2935,791 3023,791 3112,791 3200,785 3289,785"/>
                <TextEquiv>
                    <Unicode>nant..... de ces histoires du fond des mers. (Mme Wahl vient de</Unicode>
                </TextEquiv>
            </TextLine>
            <TextLine id="tr_1_tl_5" custom="readingOrder {index:4;}">
                <Coords points="195,971 544,1029 872,950 1370,1013 1436,967 1436,855 452,855 357,901 195,872"/>
                <Baseline points="218,950 307,950 395,950 484,950 572,944 661,950 750,944 838,944 927,944 1015,950 1104,950 1192,950 1281,950 1370,950 1446,956"/>
                <TextEquiv>
                    <Unicode>la maison dans le jardin).</Unicode>
                </TextEquiv>
            </TextLine>
            <TextLine id="tr_1_tl_6" custom="readingOrder {index:5;}">
                <Coords points="112,1150 2382,1120 2382,1038 1822,979 1643,1050 112,1017"/>
                <Baseline points="135,1104 177,1104 265,1104 354,1104 442,1104 531,1104 620,1104 708,1104 797,1104 885,1104 974,1098 1063,1104 1151,1098 1240,1098 1328,1104 1417,1110 1505,1104 1594,1104 1683,1104 1771,1104 1860,1104 1948,1104 2037,1098 2126,1098 2214,1098 2303,1098 2391,1092"/>
                <TextEquiv>
                    <Unicode>WAHL. Bonjour ma chère Genia, bonjour lieutenant,</Unicode>
                </TextEquiv>
            </TextLine>
            <TextLine id="tr_1_tl_7" custom="readingOrder {index:6;}">
                <Coords points="2386,1199 2735,1212 2781,1183 2922,1228 2988,1195 3137,1295 3200,1249 3316,1291 3420,1245 3415,1079 3386,1071 2976,1116 2677,1000 2602,1033 2548,1004 2469,1042 2382,1025"/>
                <Baseline points="2409,1175 2498,1169 2586,1175 2675,1169 2763,1169 2852,1169 2940,1175 3029,1175 3118,1175 3206,1175 3295,1175 3383,1181 3431,1187"/>
                <TextEquiv>
                    <Unicode>(Mettant ses lorgnons)</Unicode>
                </TextEquiv>
            </TextLine>
            <TextLine id="tr_1_tl_8" custom="readingOrder {index:7;}">
                <Coords points="876,1299 2552,1303 2552,1179 2386,1162 2083,1199 1851,1141 1760,1199 1610,1137 1448,1224 876,1145"/>
                <Baseline points="897,1257 962,1257 1051,1257 1139,1251 1228,1251 1316,1257 1405,1257 1494,1257 1582,1257 1671,1257 1759,1257 1848,1257 1937,1251 2025,1251 2114,1251 2202,1251 2291,1251 2379,1251 2468,1251 2557,1251"/>
                <TextEquiv>
                    <Unicode>La jeunesse est déjà très occupée?</Unicode>
                </TextEquiv>
            </TextLine>
            <TextLine id="tr_1_tl_9" custom="readingOrder {index:8;}">
                <Coords points="112,1477 2598,1457 2598,1361 2328,1291 1955,1361 963,1270 112,1336"/>
                <Baseline points="135,1417 218,1417 307,1411 395,1411 484,1411 572,1411 661,1405 750,1411 838,1411 927,1411 1015,1411 1104,1405 1192,1411 1281,1411 1370,1411 1458,1411 1547,1411 1635,1411 1724,1411 1813,1411 1901,1411 1990,1411 2078,1411 2167,1405 2255,1405 2344,1405 2433,1405 2521,1411 2610,1411"/>
                <TextEquiv>
                    <Unicode>A. Si vous comptez aussi Frédéric parmi la jeunesse</Unicode>
                </TextEquiv>
            </TextLine>
            <TextLine id="tr_1_tl_10" custom="readingOrder {index:9;}">
                <Coords points="108,1627 3121,1643 3332,1610 3332,1469 108,1477"/>
                <Baseline points="129,1564 153,1570 242,1570 330,1570 419,1570 507,1564 596,1564 685,1564 773,1570 862,1564 950,1564 1039,1564 1127,1564 1216,1564 1305,1564 1393,1564 1482,1564 1570,1564 1659,1570 1748,1564 1836,1570 1925,1564 2013,1564 2102,1564 2190,1564 2279,1564 2368,1559 2456,1564 2545,1564 2633,1564 2722,1564 2811,1564 2899,1564 2988,1559 3076,1559 3165,1559 3253,1559 3342,1559"/>
                <TextEquiv>
                    <Unicode>MAHL. Lui tout particulièrement. Oui, surtout les hommes! Croiriez-</Unicode>
                </TextEquiv>
            </TextLine>
            <TextLine id="tr_1_tl_11" custom="readingOrder {index:10;}">
                <Coords points="195,1768 3324,1772 3324,1648 2772,1606 195,1631"/>
                <Baseline points="218,1724 236,1718 324,1724 413,1724 501,1724 590,1718 679,1724 767,1718 856,1718 944,1724 1033,1730 1122,1724 1210,1724 1299,1724 1387,1724 1476,1724 1564,1718 1653,1724 1742,1724 1830,1724 1919,1724 2007,1724 2096,1718 2185,1724 2273,1718 2362,1718 2450,1718 2539,1724 2628,1724 2716,1718 2805,1718 2893,1718 2982,1718 3070,1718 3159,1718 3248,1712 3336,1712"/>
                <TextEquiv>
                    <Unicode>vous lieutenant, que nous avons à peu près le même âge M. Hofreiter</Unicode>
                </TextEquiv>
            </TextLine>
            <TextLine id="tr_1_tl_12" custom="readingOrder {index:11;}">
                <Coords points="199,1930 3212,1901 3125,1785 199,1768"/>
                <Baseline points="224,1883 301,1883 389,1883 478,1883 566,1883 655,1883 744,1883 832,1883 921,1883 1009,1877 1098,1883 1187,1883 1275,1883 1364,1883 1452,1883 1541,1883 1629,1883 1718,1877 1807,1877 1895,1883 1984,1877 2072,1877 2161,1883 2250,1883 2338,1883 2427,1883 2515,1883 2604,1883 2692,1883 2781,1877 2870,1877 2958,1883 3047,1877 3135,1877 3224,1872"/>
                <TextEquiv>
                    <Unicode>et moi? Vraiment la nature s'est bien mal conduite envers nous</Unicode>
                </TextEquiv>
            </TextLine>
            <TextLine id="tr_1_tl_13" custom="readingOrder {index:12;}">
                <Coords points="191,2067 257,2096 320,2079 349,2108 448,2092 490,2116 515,2092 714,2116 747,2087 780,2108 859,2075 859,1984 818,1971 548,1967 461,1917 290,1913 249,1946 191,1926"/>
                <Baseline points="212,2037 248,2037 336,2037 425,2037 513,2037 602,2037 690,2037 779,2037 868,2031"/>
                <TextEquiv>
                    <Unicode>autres femmes.</Unicode>
                </TextEquiv>
            </TextLine>
            <TextLine id="tr_1_tl_14" custom="readingOrder {index:13;}">
                <Coords points="905,2162 1054,2204 1129,2175 1245,2229 1494,2183 1814,2241 1884,2204 2067,2233 2067,2038 1303,2063 905,2029"/>
                <Baseline points="927,2120 1015,2108 1104,2114 1192,2114 1281,2114 1370,2114 1458,2120 1547,2114 1635,2120 1724,2114 1813,2114 1901,2114 1990,2120 2078,2131"/>
                <TextEquiv>
                    <Unicode>(sur un sourire de Genia)</Unicode>
                </TextEquiv>
            </TextLine>
            <TextLine id="tr_1_tl_15" custom="readingOrder {index:14;}">
                <Coords points="2125,2204 3291,2229 3291,2116 2913,2071 2843,2100 2718,2067 2631,2125 2502,2063 2332,2112 2125,2100"/>
                <Baseline points="2149,2185 2238,2185 2326,2185 2415,2185 2503,2185 2592,2190 2681,2185 2769,2185 2858,2190 2946,2185 3035,2185 3124,2185 3212,2185 3301,2190"/>
                <TextEquiv>
                    <Unicode>Oui réellement très mal.</Unicode>
                </TextEquiv>
            </TextLine>
            <TextLine id="tr_1_tl_16" custom="readingOrder {index:15;}">
                <Coords points="195,2395 3166,2382 3237,2200 2905,2295 2270,2212 199,2266"/>
                <Baseline points="218,2350 230,2356 318,2350 407,2350 496,2350 584,2350 673,2344 761,2344 850,2344 938,2344 1027,2350 1116,2350 1204,2350 1293,2350 1381,2350 1470,2350 1559,2350 1647,2344 1736,2344 1824,2350 1913,2344 2002,2344 2090,2350 2179,2356 2267,2350 2356,2350 2444,2350 2533,2350 2622,2350 2710,2350 2799,2344 2887,2344 2976,2344 3065,2344 3153,2344 3242,2344"/>
                <TextEquiv>
                    <Unicode>Qui est encore de la partie? Adèle Natter gûrement, j'ai aperçu</Unicode>
                </TextEquiv>
            </TextLine>
            <TextLine id="tr_1_tl_17" custom="readingOrder {index:16;}">
                <Coords points="195,2532 3179,2581 3378,2527 3378,2399 195,2407"/>
                <Baseline points="218,2503 289,2498 377,2498 466,2503 555,2498 643,2503 732,2498 820,2498 909,2498 998,2503 1086,2503 1175,2503 1263,2503 1352,2503 1440,2503 1529,2503 1618,2503 1706,2503 1795,2503 1883,2503 1972,2503 2061,2503 2149,2503 2238,2503 2326,2498 2415,2498 2503,2498 2592,2498 2681,2503 2769,2498 2858,2498 2946,2498 3035,2498 3124,2498 3212,2492 3301,2498 3389,2498"/>
                <TextEquiv>
                    <Unicode>dehors l'automobile rouge. Ici à la campagne sur le fond vert, cela</Unicode>
                </TextEquiv>
            </TextLine>
            <TextLine id="tr_1_tl_18" custom="readingOrder {index:17;}">
                <Coords points="191,2685 3403,2698 3403,2602 2976,2565 191,2590"/>
                <Baseline points="212,2657 301,2663 389,2663 478,2663 566,2669 655,2669 744,2663 832,2669 921,2669 1009,2663 1098,2663 1187,2663 1275,2663 1364,2663 1452,2663 1541,2669 1629,2669 1718,2669 1807,2669 1895,2669 1984,2663 2072,2669 2161,2663 2250,2663 2338,2663 2427,2663 2515,2663 2604,2663 2692,2663 2781,2657 2870,2663 2958,2663 3047,2663 3135,2663 3224,2663 3313,2669 3401,2669 3413,2669"/>
                <TextEquiv>
                    <Unicode>ne fait pas mal; certainement mieux que près du mur d'un cimetière...</Unicode>
                </TextEquiv>
            </TextLine>
            <TextLine id="tr_1_tl_19" custom="readingOrder {index:18;}">
                <Coords points="95,2897 278,2830 477,2893 822,2826 934,2859 1054,2830 1320,2905 1324,2731 1253,2751 1170,2702 1008,2768 772,2710 681,2764 577,2714 527,2751 357,2731 237,2793 100,2714"/>
                <Baseline points="124,2828 183,2828 271,2822 360,2822 448,2822 537,2822 625,2822 714,2822 803,2822 891,2822 980,2822 1068,2822 1157,2822 1246,2822 1334,2822"/>
                <TextEquiv>
                    <Unicode>—  (sourire longuissant)</Unicode>
                </TextEquiv>
            </TextLine>
            <TextLine id="tr_1_tl_20" custom="readingOrder {index:19;}">
                <Coords points="1440,2938 2361,3013 2614,2934 2756,2988 3262,2913 3332,2955 3332,2839 3113,2751 2677,2839 1440,2797"/>
                <Baseline points="1464,2893 1553,2893 1641,2893 1730,2893 1818,2899 1907,2893 1996,2893 2084,2893 2173,2899 2261,2893 2350,2899 2439,2893 2527,2899 2616,2893 2704,2899 2793,2893 2881,2899 2970,2899 3059,2899 3147,2893 3236,2893 3324,2893 3342,2893"/>
                <TextEquiv>
                    <Unicode>Voue ne pouvez pas oublier cette impres¬</Unicode>
                </TextEquiv>
            </TextLine>
            <TextLine id="tr_1_tl_21" custom="readingOrder {index:20;}">
                <Coords points="195,3088 540,3129 747,3054 892,3133 1631,3133 1631,2934 1274,2996 1125,2922 1008,2984 452,2884 195,2922"/>
                <Baseline points="218,3053 307,3047 395,3047 484,3053 572,3053 661,3047 750,3047 838,3047 927,3047 1015,3047 1104,3047 1192,3047 1281,3047 1370,3047 1458,3047 1547,3053 1635,3053 1641,3053"/>
                <TextEquiv>
                    <Unicode>sion, il me semble, Mme Wahl?</Unicode>
                </TextEquiv>
            </TextLine>
            <TextLine id="tr_1_tl_22" custom="readingOrder {index:21;}">
                <Coords points="116,3270 1502,3208 2063,3283 2258,3208 2403,3299 3030,3291 2938,3113 116,3133"/>
                <Baseline points="141,3200 230,3200 318,3206 407,3200 496,3200 584,3206 673,3206 761,3200 850,3200 938,3200 1027,3200 1116,3200 1204,3206 1293,3200 1381,3200 1470,3206 1559,3200 1647,3200 1736,3206 1824,3206 1913,3206 2002,3212 2090,3206 2179,3206 2267,3206 2356,3206 2444,3200 2533,3200 2622,3200 2710,3206 2799,3200 2887,3200 2976,3200 3041,3206"/>
                <TextEquiv>
                    <Unicode>WAHL. Il n'y a pas encore si longtemps, quinze jours à peine.</Unicode>
                </TextEquiv>
            </TextLine>
            <TextLine id="tr_1_tl_23" custom="readingOrder {index:22;}">
                <Coords points="295,3374 2718,3490 3241,3415 3241,3303 3100,3266 295,3283"/>
                <Baseline points="318,3348 407,3354 496,3354 584,3354 673,3348 761,3354 850,3354 938,3354 1027,3354 1116,3354 1204,3354 1293,3354 1381,3354 1470,3354 1559,3354 1647,3354 1736,3354 1824,3354 1913,3360 2002,3360 2090,3360 2179,3360 2267,3360 2356,3360 2444,3360 2533,3360 2622,3354 2710,3360 2799,3360 2887,3360 2976,3360 3065,3360 3153,3366 3242,3372 3253,3378"/>
                <TextEquiv>
                    <Unicode>Frédéric et Erna viennent du tennis, leurs raquettes à la main,</Unicode>
                </TextEquiv>
            </TextLine>
            <TextLine id="tr_1_tl_24" custom="readingOrder {index:23;}">
                <Coords points="290,3457 510,3449 573,3490 668,3498 701,3461 830,3449 1038,3490 1104,3465 1104,3353 1017,3386 681,3357 564,3403 477,3370 290,3370"/>
                <Baseline points="312,3437 401,3431 490,3437 578,3437 667,3437 755,3437 844,3437 933,3437 1021,3442 1110,3442 1116,3442"/>
                <TextEquiv>
                    <Unicode>Genia, Mme Wahl;)</Unicode>
                </TextEquiv>
            </TextLine>
            <TextLine id="tr_1_tl_25" custom="readingOrder {index:24;}">
                <Coords points="100,3689 369,3689 535,3602 676,3677 1125,3611 1399,3669 1631,3635 1631,3515 299,3523 95,3399"/>
                <Baseline points="124,3590 212,3590 301,3590 389,3596 478,3596 566,3596 655,3596 744,3596 832,3596 921,3596 1009,3596 1098,3596 1187,3596 1275,3596 1364,3596 1452,3596 1541,3596 1629,3596 1641,3596"/>
                <TextEquiv>
                    <Unicode>DERIC. (avec son sourire ironique).</Unicode>
                </TextEquiv>
            </TextLine>
            <TextLine id="tr_1_tl_26" custom="readingOrder {index:25;}">
                <Coords points="1677,3743 2399,3764 2644,3710 2810,3772 2996,3681 3129,3747 3237,3727 3237,3594 3166,3581 1677,3590"/>
                <Baseline points="1700,3661 1789,3667 1877,3667 1966,3667 2055,3673 2143,3673 2232,3673 2320,3673 2409,3673 2498,3673 2586,3673 2675,3673 2763,3673 2852,3673 2940,3673 3029,3673 3118,3673 3206,3673 3248,3673"/>
                <TextEquiv>
                    <Unicode>Mes hommages, maman Wahl, Bonjour</Unicode>
                </TextEquiv>
            </TextLine>
            <TextLine id="tr_1_tl_27" custom="readingOrder {index:26;}">
                <Coords points="191,3855 2565,3909 2540,3731 191,3735"/>
                <Baseline points="212,3820 301,3820 389,3820 478,3826 566,3826 655,3826 744,3826 832,3826 921,3826 1009,3832 1098,3826 1187,3826 1275,3826 1364,3826 1452,3832 1541,3826 1629,3826 1718,3826 1807,3826 1895,3832 1984,3832 2072,3832 2161,3832 2250,3832 2338,3826 2427,3826 2515,3826 2574,3826"/>
                <TextEquiv>
                    <Unicode>Otto! Qu'est-ce qui s'est passé il y a 15 jours?</Unicode>
                </TextEquiv>
            </TextLine>
            <TextLine id="tr_1_tl_28" custom="readingOrder {index:27;}">
                <Coords points="116,4034 378,4075 593,3996 905,4063 1228,3988 1614,4084 2137,4055 2137,3943 2013,3909 116,3905"/>
                <Baseline points="141,3980 230,3980 318,3980 407,3980 496,3986 584,3986 673,3986 761,3980 850,3986 938,3986 1027,3986 1116,3986 1204,3986 1293,3986 1381,3986 1470,3986 1559,3986 1647,3986 1736,3986 1824,3986 1913,3986 2002,3986 2090,3986 2149,3986"/>
                <TextEquiv>
                    <Unicode>WAHL L'enterrement de ce pauvre Korsakow.</Unicode>
                </TextEquiv>
            </TextLine>
            <TextLine id="tr_1_tl_29" custom="readingOrder {index:28;}">
                <Coords points="112,4229 3295,4187 3225,4046 693,4113 112,4030"/>
                <Baseline points="135,4139 224,4133 312,4139 401,4139 490,4139 578,4139 667,4145 755,4145 844,4145 933,4145 1021,4151 1110,4145 1198,4145 1287,4145 1376,4145 1464,4145 1553,4145 1641,4145 1730,4145 1818,4151 1907,4151 1996,4145 2084,4151 2173,4151 2261,4151 2350,4145 2439,4145 2527,4145 2616,4145 2704,4145 2793,4145 2881,4145 2970,4145 3059,4145 3147,4145 3236,4139 3307,4145"/>
                <TextEquiv>
                    <Unicode>ERIC. Tiens.... Il y a ei longtemps déjà -? Qui est-ce qui revient</Unicode>
                </TextEquiv>
            </TextLine>
            <TextLine id="tr_1_tl_30" custom="readingOrder {index:29;}">
                <Coords points="195,4382 448,4399 589,4341 813,4391 1025,4378 1067,4411 1208,4374 1208,4221 1158,4212 888,4245 813,4208 735,4250 635,4212 390,4241 349,4208 299,4241 195,4208"/>
                <Baseline points="218,4311 307,4311 395,4305 484,4305 572,4305 661,4305 750,4311 838,4311 927,4311 1015,4311 1104,4317 1192,4311 1216,4311"/>
                <TextEquiv>
                    <Unicode>sur ce thème sombre?</Unicode>
                </TextEquiv>
            </TextLine>
            <TextLine id="tr_1_tl_31" custom="readingOrder {index:30;}">
                <Coords points="95,4561 3432,4544 3386,4366 95,4349"/>
                <Baseline points="118,4476 206,4470 295,4470 383,4470 472,4470 561,4470 649,4470 738,4470 826,4470 915,4470 1003,4470 1092,4470 1181,4476 1269,4470 1358,4470 1446,4470 1535,4470 1624,4476 1712,4470 1801,4470 1889,4470 1978,4470 2066,4470 2155,4470 2244,4470 2332,4470 2421,4470 2509,4470 2598,4470 2687,4470 2775,4470 2864,4470 2952,4470 3041,4470 3129,4470 3218,4476 3307,4482 3395,4482 3437,4488"/>
                <TextEquiv>
                    <Unicode>A. Mme von Wahl a aperçu dehors l'automobile des Natter - l'auomobile</Unicode>
                </TextEquiv>
            </TextLine>
            <TextLine id="tr_1_tl_32" custom="readingOrder {index:31;}">
                <Coords points="170,4656 552,4735 892,4735 963,4677 1096,4756 2038,4719 2038,4573 170,4565"/>
                <Baseline points="194,4618 283,4624 372,4630 460,4630 549,4630 637,4624 726,4624 814,4630 903,4630 992,4630 1080,4630 1169,4635 1257,4635 1346,4635 1435,4630 1523,4630 1612,4630 1700,4630 1789,4635 1877,4635 1966,4635 2049,4635"/>
                <TextEquiv>
                    <Unicode>rouge qu'ils avaient ce jour-là......</Unicode>
                </TextEquiv>
            </TextLine>
            <TextLine id="tr_1_tl_33" custom="readingOrder {index:32;}">
                <Coords points="95,4918 419,4814 544,4851 627,4793 851,4847 1191,4802 1340,4835 1336,4727 1100,4756 984,4685 896,4735 701,4698 560,4739 473,4694 378,4756 282,4694 91,4694"/>
                <Baseline points="118,4777 206,4783 295,4783 383,4789 472,4789 561,4789 649,4789 738,4789 826,4789 915,4789 1003,4789 1092,4795 1181,4795 1269,4795 1352,4795"/>
                <TextEquiv>
                    <Unicode>ERIC. Ah, c'est cà.......</Unicode>
                </TextEquiv>
            </TextLine>
        </TextRegion>
    </Page>
</PcGts>
