4056 5320
1877 148 2201 398 114
772 374 3712 575 cendre à une heure et demis du matin de la fenêtre de sa femme.
497 517 1355 723 MAUER.- Comment?
509 665 3815 899 FREDERIC.- Ah, qu'est-ce que tu en dis? Cette nuit à une heure et demie
772 871 3806 1084 j’ai vu m. Otto von Aigner, Enseigne dans la Marine de Sa Majesté
747 998 3671 1257 descendre de la fenêtre de la femme de l'industriel Genia Hof-
764 1162 2529 1347 reiter. Je puis en porter témoignage.
489 1314 2476 1507 MAUER.- Cette nuit à une heure et demie?
489 1478 2484 1704 FREDERIC.- J'étais déjà par ici hier soir.
485 1679 3646 1840 MAURR.- Ah oui -? Et où es-tu été jusqu'à une heure et demie, si on
772 1778 2152 1987 peut te poser cette question.
472 1946 3589 2160 FREDERIC.- Ah,ah! il me semble que tu penses de nouveau à Erna. Eh
743 2119 3704 2295 bien, afin de te tranquilior, je te dirai que je suis arrivé de
747 2304 3704 2447 Vienne avec le dernier train; je suis venu à pied de la gare en
747 2423 3749 2640 me promenant et, comme je le fais quelquefois, je suis entre par
747 2587 3667 2768 la petite porte du jardin. Et là à mon étonnement j'ai entendu
747 2743 3700 2940 des voix. Je me suis glisse un peu plus près et je vois un mon-
743 2907 3786 3088 sieur et une dame assis ici sous l'arbre. Henia et Otto, à minuit
747 3047 3720 3232 ici dans le jardin, ce qu'ils disaient, je ne pouvais naturelle-
747 3260 3737 3425 ment pas le comprendre; je restais à bonne distance. Après quel-
743 3400 3564 3593 ques minutes, ils se sont levés tous les deux et ont disparu
735 3589 3572 3745 dans la maison. J'ai quitte rapidement le jardin par la même
743 3720 3696 3872 porte, j'ai fait le tour de la villa et je me suis posté de ma¬
735 3848 3667 4069 nière à voir la personne qui pourrait sortir de la maison. Per¬
731 4065 3646 4180 sonne ne vient. Pendant une demi-heure, personne. Les lumières
735 4192 3642 4406 s'éteignent dans la raison. Je passe de nouveau par la pelouse
731 4357 3609 4529 en faisant le tour de la grille, de manière à voir la fenêtre
731 4509 3577 4677 de la chambre à coucher de Genia. Il faisait sombre. La nuit
719 4661 3655 4858 était merveilleuse, je me suis touché sur la pelouse à l'ombre
723 4825 3733 4981 des arbres qui sont près de la grille. Et j'ai attendu. J'ai at-
