4040 5288
2715 237 2903 396 4:9:8
1882 331 2147 527 -120-
670 469 3523 788 yable et - effrayant... La liberte qu'on affiche isi, manque
678 751 3523 943 surtout de foi en elle-même; aussi lesimes enjouees ne lui
665 898 3650 1110 réussissent pas... c'est pourquoi elle ricane.. quand elle veut
682 1070 951 1213 rire.
400 1155 3580 1388 GENIA.- Vous êtes injuste docteur. Nous faisons ce que nous pouvons.
665 1372 3629 1564 Cela ne va pas toujours très bien. Mais nous avons les meilleu¬
665 1543 3625 1694 res intentions. Vous ne remarquez pas? Adèle Natter, par exem-
674 1711 3715 1849 ple, amène ses enfants avec elle dans notre maison; je cause avec
670 1821 3564 2017 Erna comme si le lac de Völs était l'eau la plus innocente du
665 1996 3629 2172 monde; Fredéric joue sa partie je tennis avec le Lieutenant von
645 2131 1172 2335 Aigher....
372 2298 2184 2494 MAUER.- Pourquoi ne le ferait-il pas?
388 2462 1588 2637 CERIA. - Ob.Docteur!....
396 2633 2221 2780 MAUER. - Oui, je sais... sela aussi....
372 2780 1613 2997 CENIA.- Qui vous l’a dit
388 2919 2968 3168 MAURS.- Kui -? Prenez garde, Sénin, Prédéric lui- Gme.
1082 3119 3515 3319 (La partie de temis est finie. Les joueurs se rap¬
1208 3205 2143 3352 prochent peu à peu)
372 3299 3654 3495 GENIA.- Frederic..71 Naturellement il s'en doute. Je l'ai lu aussitôt
633 3503 3450 3670 dans son regard... quand il nous a saûues du belcon... Mais
641 3658 3650 3809 pourquoi ce conseil "Prenez garde" -1 Il ne peut pas trouver mal
633 3805 3638 3976 que.. Peut-être otto se serait-il tué lui aussi - comme l'autre.
633 3972 3601 4111 Et on ne doit pas pousser un jeune homme à la mort pour une pa¬
621 4119 3560 4315 reille futilité. Frederic sera content de moi. Demain quand...
633 4278 3589 4438 mon amant sera parti... je lui raconterai moi-même toute l'his-
641 4446 996 4666 toire.
359 4605 3552 4764 MAUER.- Cela ne sera pas nécessaire. Il ne se doute pas, 11 BAIT...
621 4744 3458 4940 Il a vu le Lieutenant cette nuit... à une heure et de la...
343 4887 3580 5111 GENIA.- (mouvement de surprise; elle reprend tout de suite son calme)
