<?xml version="1.0" encoding="UTF-8" standalone="yes"?>
<PcGts xmlns="http://schema.primaresearch.org/PAGE/gts/pagecontent/2013-07-15" xmlns:xsi="http://www.w3.org/2001/XMLSchema-instance" xsi:schemaLocation="http://schema.primaresearch.org/PAGE/gts/pagecontent/2013-07-15 http://schema.primaresearch.org/PAGE/gts/pagecontent/2013-07-15/pagecontent.xsd">
    <Metadata>
        <Creator>prov=READ-COOP:name=TrHtr:version=2.1.0:model_id=51170:date=15_08_2023_06:52</Creator>
        <Created>2023-05-10T15:30:31.960+02:00</Created>
        <LastChange>2023-08-15T06:52:30.254+02:00</LastChange>
        <TranskribusMetadata docId="1428916" pageId="55434235" pageNr="7" tsid="132841171" status="IN_PROGRESS" userId="64420" imgUrl="https://files.transkribus.eu/Get?id=HSAXLCUXVOTTXEDWEZVIVDDR&amp;fileType=view" xmlUrl="https://files.transkribus.eu/Get?id=CETZDDZGELTRFHQTCYEFPPGM" imageId="44708225"/>
    </Metadata>
    <Page imageFilename="1428916_0007.jpg" imageWidth="4008" imageHeight="5320">
        <ReadingOrder>
            <OrderedGroup id="ro_1711801673660" caption="Regions reading order">
                <RegionRefIndexed index="0" regionRef="tr_2"/>
                <RegionRefIndexed index="1" regionRef="tr_1"/>
                <RegionRefIndexed index="2" regionRef="tr_3"/>
            </OrderedGroup>
        </ReadingOrder>
        <TextRegion id="tr_2" custom="readingOrder {index:0;}">
            <Coords points="471,361 3719,361 3719,1831 471,1831"/>
            <TextLine id="tr_2_tl_1" custom="readingOrder {index:0;}">
                <Coords points="1702,479 1738,471 1779,495 1884,451 1921,451 1917,305 1876,325 1860,321 1844,337 1819,321 1787,325 1759,349 1722,325 1698,325"/>
                <Baseline points="1719,411 1809,417 1898,417 1922,417"/>
                <TextEquiv>
                    <Unicode>-6-</Unicode>
                </TextEquiv>
            </TextLine>
            <TextLine id="tr_2_tl_2" custom="readingOrder {index:1;}">
                <Coords points="491,625 2814,601 2814,508 2392,451 491,500"/>
                <Baseline points="513,579 603,585 692,585 782,585 871,585 961,585 1050,579 1140,579 1229,579 1319,579 1409,579 1498,579 1588,579 1677,579 1767,579 1856,579 1946,579 2036,585 2125,579 2215,579 2304,579 2394,579 2483,579 2573,579 2662,579 2752,579 2824,579"/>
                <TextEquiv>
                    <Unicode>WABL.- Oui, on dit toujours ça dans les journaux.</Unicode>
                </TextEquiv>
            </TextLine>
            <TextLine id="tr_2_tl_3" custom="readingOrder {index:2;}">
                <Coords points="467,780 1425,735 2408,841 2985,735 3550,845 3550,654 3346,634 467,658"/>
                <Baseline points="489,740 513,740 603,734 692,740 782,740 871,740 961,740 1050,734 1140,734 1229,734 1319,734 1409,734 1498,734 1588,734 1677,734 1767,734 1856,734 1946,734 2036,734 2125,734 2215,734 2304,734 2394,734 2483,734 2573,728 2662,728 2752,734 2842,734 2931,734 3021,734 3110,734 3200,734 3289,734 3379,734 3469,734 3558,728"/>
                <TextEquiv>
                    <Unicode>IA.- Le fait est par hasard vrai. Je le sais de bonne part puisque</Unicode>
                </TextEquiv>
            </TextLine>
            <TextLine id="tr_2_tl_4" custom="readingOrder {index:3;}">
                <Coords points="585,942 1998,893 3099,991 3184,958 3184,804 2977,731 2802,845 585,837"/>
                <Baseline points="609,883 698,889 788,889 877,889 967,889 1056,889 1146,889 1235,889 1325,889 1415,889 1504,889 1594,883 1683,889 1773,889 1862,889 1952,889 2042,889 2131,889 2221,889 2310,889 2400,889 2489,889 2579,889 2668,889 2758,889 2848,889 2937,889 3027,889 3116,889 3194,895"/>
                <TextEquiv>
                    <Unicode>mon mari était parmi les amis avec lesquels il a séance.</Unicode>
                </TextEquiv>
            </TextLine>
            <TextLine id="tr_2_tl_5" custom="readingOrder {index:4;}">
                <Coords points="544,1113 658,1125 812,1052 881,1088 926,1072 942,1088 983,1060 1068,1056 1092,1080 1174,1064 1174,991 1011,995 873,922 751,995 723,967 678,987 629,967 544,975"/>
                <Baseline points="567,1056 644,1050 734,1050 823,1044 913,1044 1003,1044 1092,1044 1182,1044"/>
                <TextEquiv>
                    <Unicode>AHL; 6 Ah.</Unicode>
                </TextEquiv>
            </TextLine>
            <TextLine id="tr_2_tl_6" custom="readingOrder {index:5;}">
                <Coords points="447,1279 3712,1251 3712,1101 1819,1145 1373,1007 808,1141 447,1088"/>
                <Baseline points="471,1206 495,1200 585,1200 674,1200 764,1200 853,1200 943,1200 1032,1200 1122,1194 1212,1194 1301,1194 1391,1200 1480,1200 1570,1200 1659,1200 1749,1200 1839,1200 1928,1200 2018,1200 2107,1194 2197,1194 2286,1194 2376,1200 2465,1194 2555,1194 2645,1194 2734,1200 2824,1194 2913,1194 3003,1194 3092,1194 3182,1194 3272,1200 3361,1200 3451,1200 3540,1194 3630,1200 3719,1194"/>
                <TextEquiv>
                    <Unicode>MlA.- (incidemment) Mon mari a souvent à faire en ville assez tard; il</Unicode>
                </TextEquiv>
            </TextLine>
            <TextLine id="tr_2_tl_7" custom="readingOrder {index:6;}">
                <Coords points="646,1381 3529,1413 3529,1271 2762,1222 2116,1308 646,1247"/>
                <Baseline points="668,1361 674,1361 764,1361 853,1355 943,1355 1032,1355 1122,1349 1212,1349 1301,1349 1391,1355 1480,1355 1570,1349 1659,1355 1749,1355 1839,1355 1928,1355 2018,1355 2107,1349 2197,1355 2286,1355 2376,1355 2465,1355 2555,1349 2645,1349 2734,1349 2824,1349 2913,1349 3003,1349 3092,1349 3182,1349 3272,1349 3361,1349 3451,1349 3540,1349"/>
                <TextEquiv>
                    <Unicode>dîne alors à l'hôtel Impérial, - il retrouve là quelques amis</Unicode>
                </TextEquiv>
            </TextLine>
            <TextLine id="tr_2_tl_8" custom="readingOrder {index:7;}">
                <Coords points="658,1560 3651,1555 3651,1454 3432,1421 658,1442"/>
                <Baseline points="680,1510 704,1510 794,1510 883,1510 973,1510 1062,1510 1152,1504 1241,1504 1331,1504 1421,1504 1510,1504 1600,1504 1689,1510 1779,1504 1868,1504 1958,1504 2047,1504 2137,1504 2227,1504 2316,1504 2406,1504 2495,1504 2585,1504 2674,1504 2764,1504 2854,1504 2943,1504 3033,1498 3122,1498 3212,1504 3301,1504 3391,1504 3480,1504 3570,1504 3660,1492"/>
                <TextEquiv>
                    <Unicode>comme dans sa vie de célibataire. Dans les derniers temps Korsa-</Unicode>
                </TextEquiv>
            </TextLine>
            <TextLine id="tr_2_tl_9" custom="readingOrder {index:8;}">
                <Coords points="642,1681 3615,1726 3615,1580 3432,1564 642,1604"/>
                <Baseline points="662,1665 752,1665 841,1659 931,1659 1021,1659 1110,1665 1200,1659 1289,1665 1379,1665 1468,1665 1558,1665 1647,1659 1737,1659 1827,1665 1916,1659 2006,1665 2095,1659 2185,1659 2274,1659 2364,1659 2454,1659 2543,1659 2633,1665 2722,1659 2812,1665 2901,1659 2991,1659 3080,1659 3170,1659 3260,1659 3349,1659 3439,1659 3528,1659 3618,1665 3624,1665"/>
                <TextEquiv>
                    <Unicode>kow y était souvent car il habitait l’hôtel. Et, comme Fredéric</Unicode>
                </TextEquiv>
            </TextLine>
            <TextLine id="tr_2_tl_10" custom="readingOrder {index:9;}">
                <Coords points="646,1828 3647,1921 3647,1746 3428,1722 646,1754"/>
                <Baseline points="668,1821 698,1821 788,1821 877,1821 967,1815 1056,1821 1146,1815 1235,1815 1325,1815 1415,1821 1504,1815 1594,1815 1683,1821 1773,1815 1862,1815 1952,1815 2042,1815 2131,1815 2221,1815 2310,1815 2400,1815 2489,1815 2579,1815 2668,1815 2758,1815 2848,1815 2937,1815 3027,1815 3116,1815 3206,1809 3295,1815 3385,1815 3475,1815 3564,1815 3654,1803"/>
                <TextEquiv>
                    <Unicode>lui-même me l’a raconté, il n’y avait chez lui rien de remarqua-</Unicode>
                </TextEquiv>
            </TextLine>
        </TextRegion>
        <TextRegion id="tr_1" custom="readingOrder {index:1;}">
            <Coords points="471,1914 3725,1914 3725,3723 471,3723"/>
            <TextLine id="tr_1_tl_1" custom="readingOrder {index:0;}">
                <Coords points="650,1986 3554,2051 3554,1901 3403,1880 650,1893"/>
                <Baseline points="674,1982 698,1976 788,1976 877,1976 967,1970 1056,1970 1146,1970 1235,1970 1325,1970 1415,1970 1504,1970 1594,1970 1683,1970 1773,1970 1862,1970 1952,1970 2042,1970 2131,1970 2221,1970 2310,1970 2400,1970 2489,1970 2579,1970 2668,1970 2758,1970 2848,1970 2937,1970 3027,1970 3116,1970 3206,1970 3295,1970 3385,1970 3475,1970 3564,1964"/>
                <TextEquiv>
                    <Unicode>ble ce dernier soir. Ils sont ensuite fait ensemble une partie</Unicode>
                </TextEquiv>
            </TextLine>
            <TextLine id="tr_1_tl_2" custom="readingOrder {index:1;}">
                <Coords points="642,2140 898,2177 1157,2128 1673,2173 1803,2157 1803,1998 1677,2031 1454,1990 1231,2059 1105,2018 861,2075 642,2051"/>
                <Baseline points="662,2131 740,2131 829,2125 919,2131 1009,2131 1098,2125 1188,2125 1277,2125 1367,2125 1456,2125 1546,2125 1636,2125 1725,2131 1815,2125"/>
                <TextEquiv>
                    <Unicode>de billard dans un café.</Unicode>
                </TextEquiv>
            </TextLine>
            <TextLine id="tr_1_tl_3" custom="readingOrder {index:2;}">
                <Coords points="459,2372 902,2303 1251,2347 1511,2295 1832,2364 2059,2299 2453,2319 2453,2209 2092,2161 1689,2230 1162,2124 824,2226 719,2169 459,2193"/>
                <Baseline points="483,2292 495,2286 585,2286 674,2292 764,2286 853,2286 943,2286 1032,2286 1122,2280 1212,2286 1301,2280 1391,2280 1480,2280 1570,2280 1659,2286 1749,2280 1839,2280 1928,2280 2018,2280 2107,2280 2197,2280 2286,2280 2376,2280 2465,2274"/>
                <TextEquiv>
                    <Unicode>ne WaHL.- Comment, votre mari et Korsakow?</Unicode>
                </TextEquiv>
            </TextLine>
            <TextLine id="tr_1_tl_4" custom="readingOrder {index:3;}">
                <Coords points="447,2502 3046,2490 3541,2461 3541,2339 447,2356"/>
                <Baseline points="471,2442 507,2448 597,2448 686,2442 776,2436 865,2442 955,2442 1044,2442 1134,2442 1224,2442 1313,2442 1403,2436 1492,2442 1582,2436 1671,2442 1761,2442 1850,2436 1940,2436 2030,2436 2119,2436 2209,2442 2298,2436 2388,2436 2477,2436 2567,2442 2657,2436 2746,2436 2836,2442 2925,2436 3015,2436 3104,2436 3194,2436 3283,2430 3373,2436 3463,2436 3552,2430"/>
                <TextEquiv>
                    <Unicode>ENIA.- Oui. Ils ont même parie - et mon mari a perdu. Le lendemain</Unicode>
                </TextEquiv>
            </TextLine>
            <TextLine id="tr_1_tl_5" custom="readingOrder {index:4;}">
                <Coords points="650,2648 3273,2595 3545,2676 3663,2664 3663,2485 650,2534"/>
                <Baseline points="674,2597 716,2597 806,2597 895,2597 985,2597 1074,2597 1164,2597 1253,2597 1343,2597 1432,2597 1522,2597 1612,2603 1701,2603 1791,2597 1880,2597 1970,2597 2059,2591 2149,2597 2239,2597 2328,2597 2418,2591 2507,2597 2597,2591 2686,2591 2776,2597 2865,2597 2955,2597 3045,2597 3134,2597 3224,2591 3313,2597 3403,2597 3492,2597 3582,2591 3672,2591"/>
                <TextEquiv>
                    <Unicode>matin il a envoyé le garçon du bureau à l'hôtel, avec les eigares</Unicode>
                </TextEquiv>
            </TextLine>
            <TextLine id="tr_1_tl_6" custom="readingOrder {index:5;}">
                <Coords points="634,2770 3663,2835 3663,2664 634,2648"/>
                <Baseline points="656,2758 716,2758 806,2758 895,2752 985,2752 1074,2752 1164,2752 1253,2752 1343,2752 1432,2752 1522,2758 1612,2752 1701,2752 1791,2752 1880,2752 1970,2752 2059,2752 2149,2752 2239,2752 2328,2752 2418,2752 2507,2752 2597,2758 2686,2752 2776,2752 2865,2752 2955,2752 3045,2752 3134,2752 3224,2752 3313,2758 3403,2758 3492,2758 3582,2752 3672,2752"/>
                <TextEquiv>
                    <Unicode>qu'il avait perdus... et - vous ne saviez pas cela? - le garçon</Unicode>
                </TextEquiv>
            </TextLine>
            <TextLine id="tr_1_tl_7" custom="readingOrder {index:6;}">
                <Coords points="642,2944 2656,2932 2624,2806 1543,2867 642,2790"/>
                <Baseline points="662,2919 698,2919 788,2913 877,2913 967,2913 1056,2913 1146,2913 1235,2913 1325,2913 1415,2907 1504,2913 1594,2913 1683,2913 1773,2907 1862,2907 1952,2907 2042,2907 2131,2907 2221,2913 2310,2907 2400,2907 2489,2907 2579,2907 2668,2913"/>
                <TextEquiv>
                    <Unicode>était là lorsque la chose a été découverte.</Unicode>
                </TextEquiv>
            </TextLine>
            <TextLine id="tr_1_tl_8" custom="readingOrder {index:7;}">
                <Coords points="455,3127 560,3115 690,3160 918,3091 1153,3087 1255,3131 1332,3095 1332,2944 1036,2932 861,3005 824,2977 723,3001 646,2981 459,2839"/>
                <Baseline points="477,3074 537,3080 626,3080 716,3080 806,3074 895,3074 985,3074 1074,3069 1164,3074 1253,3069 1343,3063"/>
                <TextEquiv>
                    <Unicode>de rah; - Comnent?</Unicode>
                </TextEquiv>
            </TextLine>
            <TextLine id="tr_1_tl_9" custom="readingOrder {index:8;}">
                <Coords points="471,3273 3716,3302 3716,3147 3395,3091 471,3131"/>
                <Baseline points="495,3242 501,3242 591,3236 680,3230 770,3230 859,3230 949,3230 1038,3230 1128,3230 1218,3230 1307,3230 1397,3224 1486,3230 1576,3224 1665,3224 1755,3224 1844,3224 1934,3224 2024,3224 2113,3224 2203,3224 2292,3224 2382,3224 2471,3224 2561,3224 2651,3218 2740,3218 2830,3218 2919,3224 3009,3224 3098,3224 3188,3224 3277,3224 3367,3218 3457,3218 3546,3218 3636,3218 3725,3212"/>
                <TextEquiv>
                    <Unicode>IA. - Eh bien, il a frappé deux fois, personne n'a répondu.Oinalement</Unicode>
                </TextEquiv>
            </TextLine>
            <TextLine id="tr_1_tl_10" custom="readingOrder {index:9;}">
                <Coords points="629,3407 1852,3395 2059,3505 3087,3460 3087,3330 2855,3294 629,3310"/>
                <Baseline points="650,3397 680,3391 770,3391 859,3391 949,3391 1038,3391 1128,3391 1218,3391 1307,3391 1397,3385 1486,3385 1576,3385 1665,3385 1755,3385 1844,3385 1934,3385 2024,3385 2113,3385 2203,3385 2292,3385 2382,3385 2471,3385 2561,3385 2651,3385 2740,3385 2830,3385 2919,3385 3009,3385 3098,3385"/>
                <TextEquiv>
                    <Unicode>il a ouvert la porte pour déposer les eigares et....</Unicode>
                </TextEquiv>
            </TextLine>
            <TextLine id="tr_1_tl_11" custom="readingOrder {index:10;}">
                <Coords points="447,3619 999,3602 1113,3550 1880,3566 2087,3623 2087,3501 1998,3480 1523,3497 1474,3452 1243,3497 1036,3444 638,3509 447,3468"/>
                <Baseline points="471,3552 483,3552 573,3558 662,3552 752,3546 841,3546 931,3546 1021,3546 1110,3546 1200,3546 1289,3546 1379,3546 1468,3546 1558,3540 1647,3540 1737,3546 1827,3546 1916,3546 2006,3546 2095,3546"/>
                <TextEquiv>
                    <Unicode>NA. - Korsakow était là mort......</Unicode>
                </TextEquiv>
            </TextLine>
            <TextLine id="tr_1_tl_12" custom="readingOrder {index:11;}">
                <Coords points="467,3781 1531,3822 1897,3704 2173,3822 3554,3773 3472,3606 1222,3671 467,3594"/>
                <Baseline points="489,3713 519,3713 609,3713 698,3707 788,3707 877,3707 967,3707 1056,3707 1146,3707 1235,3701 1325,3707 1415,3701 1504,3701 1594,3701 1683,3701 1773,3701 1862,3701 1952,3701 2042,3701 2131,3695 2221,3695 2310,3695 2400,3695 2489,3695 2579,3695 2668,3695 2758,3695 2848,3695 2937,3695 3027,3695 3116,3701 3206,3701 3295,3695 3385,3701 3475,3701 3564,3695"/>
                <TextEquiv>
                    <Unicode>WIA.- Oui. Mort, sur le divan, le révolver encore dans la main...</Unicode>
                </TextEquiv>
            </TextLine>
        </TextRegion>
        <TextRegion id="tr_3" custom="readingOrder {index:2;}">
            <Coords points="477,3807 3516,3807 3516,4977 477,4977"/>
            <TextLine id="tr_3_tl_1" custom="readingOrder {index:0;}">
                <Coords points="1572,3931 1767,3952 1848,3935 2035,3948 2039,3773 1921,3805 1872,3785 1689,3797 1612,3749 1576,3753"/>
                <Baseline points="1594,3863 1683,3857 1773,3857 1862,3857 1952,3857 2042,3857"/>
                <TextEquiv>
                    <Unicode>(silence)</Unicode>
                </TextEquiv>
            </TextLine>
            <TextLine id="tr_3_tl_2" custom="readingOrder {index:1;}">
                <Coords points="451,4118 893,4025 3505,4045 3411,3919 865,3988 455,3769"/>
                <Baseline points="477,4030 561,4024 650,4018 740,4024 829,4018 919,4018 1009,4018 1098,4018 1188,4018 1277,4018 1367,4018 1456,4012 1546,4012 1636,4012 1725,4018 1815,4012 1904,4012 1994,4012 2083,4012 2173,4012 2262,4012 2352,4012 2442,4012 2531,4012 2621,4012 2710,4012 2800,4006 2889,4006 2979,4012 3069,4006 3158,4006 3248,4006 3337,4006 3427,4006 3516,4006"/>
                <TextEquiv>
                    <Unicode>te WaH.- Ce garçon a dû être bien effrayd.- Et qu'a-t-il fait des</Unicode>
                </TextEquiv>
            </TextLine>
            <TextLine id="tr_3_tl_3" custom="readingOrder {index:2;}">
                <Coords points="621,4199 804,4248 1032,4179 1722,4187 1937,4256 2116,4191 2575,4212 2526,4090 621,4086"/>
                <Baseline points="644,4179 704,4179 794,4179 883,4179 973,4179 1062,4179 1152,4179 1241,4179 1331,4179 1421,4179 1510,4173 1600,4173 1689,4173 1779,4173 1868,4173 1958,4173 2047,4173 2137,4173 2227,4173 2316,4173 2406,4173 2495,4167 2585,4167"/>
                <TextEquiv>
                    <Unicode>zigares? Est-ce qu'il les a laissés là?</Unicode>
                </TextEquiv>
            </TextLine>
            <TextLine id="tr_3_tl_4" custom="readingOrder {index:3;}">
                <Coords points="467,4378 2502,4374 2502,4248 2173,4212 1681,4276 467,4224"/>
                <Baseline points="489,4334 543,4340 632,4334 722,4340 812,4334 901,4340 991,4334 1080,4334 1170,4340 1259,4334 1349,4334 1438,4334 1528,4334 1618,4334 1707,4334 1797,4334 1886,4328 1976,4328 2065,4328 2155,4328 2245,4328 2334,4328 2424,4328 2513,4322"/>
                <TextEquiv>
                    <Unicode>NA.- Maman aime les précisions historiques.</Unicode>
                </TextEquiv>
            </TextLine>
            <TextLine id="tr_3_tl_5" custom="readingOrder {index:4;}">
                <Coords points="479,4577 3310,4589 3468,4561 3468,4354 479,4423"/>
                <Baseline points="501,4496 525,4496 614,4496 704,4496 794,4490 883,4496 973,4490 1062,4496 1152,4496 1241,4496 1331,4490 1421,4496 1510,4496 1600,4490 1689,4496 1779,4490 1868,4490 1958,4490 2047,4484 2137,4484 2227,4484 2316,4490 2406,4484 2495,4484 2585,4484 2674,4484 2764,4484 2854,4484 2943,4484 3033,4484 3122,4484 3212,4484 3301,4478 3391,4484 3480,4484"/>
                <TextEquiv>
                    <Unicode>NIA.- Exousez-moi Mme von Wajul, J'ai completement oublié de m'en</Unicode>
                </TextEquiv>
            </TextLine>
            <TextLine id="tr_3_tl_6" custom="readingOrder {index:5;}">
                <Coords points="629,4715 812,4744 857,4715 910,4711 987,4739 1101,4695 1101,4553 1019,4545 967,4577 938,4557 841,4581 788,4565 739,4581 678,4561 629,4569"/>
                <Baseline points="650,4651 740,4651 829,4645 919,4645 1009,4651 1098,4651 1110,4651"/>
                <TextEquiv>
                    <Unicode>informer.</Unicode>
                </TextEquiv>
            </TextLine>
            <TextLine id="tr_3_tl_7" custom="readingOrder {index:6;}">
                <Coords points="1511,4878 1718,4886 1803,4833 1856,4853 1921,4825 2108,4882 2286,4817 2372,4861 2408,4849 2408,4654 2205,4731 2071,4695 1945,4719 1864,4679 1511,4731"/>
                <Baseline points="1534,4806 1612,4800 1701,4800 1791,4794 1880,4794 1970,4794 2059,4794 2149,4794 2239,4794 2328,4794 2418,4800"/>
                <TextEquiv>
                    <Unicode>(Bruit d'une unto)</Unicode>
                </TextEquiv>
            </TextLine>
            <TextLine id="tr_3_tl_8" custom="readingOrder {index:7;}">
                <Coords points="467,5003 638,5040 784,4995 1296,5032 1413,4963 1653,4999 1653,4878 1547,4890 1470,4833 1417,4874 1348,4817 1040,4878 902,4821 654,4849 467,4809"/>
                <Baseline points="489,4967 501,4967 591,4967 680,4967 770,4967 859,4961 949,4961 1038,4961 1128,4961 1218,4961 1307,4961 1397,4961 1486,4961 1576,4961 1665,4961"/>
                <TextEquiv>
                    <Unicode>HAHä.- On s'arrête ici.</Unicode>
                </TextEquiv>
            </TextLine>
        </TextRegion>
    </Page>
</PcGts>
