4136 5352
1999 218 2224 357 39
1037 410 3844 601 On ne doit pas croire ces choses formellement. Mais il me
481 417 778 658 MAUER.
996 601 3960 752 semble voir là comme un rapport mystérieux. N'avez-vous jamais
988 729 1706 902 pensé à cela?
981 898 3795 1078 Moi? pour dire la vérité, je pense bien peu à cette triste
481 857 759 1060 GENIA
981 1045 1454 1225 histoire.
988 1202 2668 1398 Cela vous apparaît seulement ainsi.
477 1214 748 1390 MAUER
977 1345 3998 1537 Et si j'y pense parfois, cet évènement me semble extraordinaire.
473 1383 748 1571 GENIA
988 1480 3934 1676 ment effacé et lointain...... Je vous assure très lointein
996 1672 3960 1871 Ce n'est plus qu'une vague tristesse, rien de plus. Je ne peux
981 1819 3919 1984 pas me faire meilleure ni plus sensible que je ne suis. Peut-
988 1988 3754 2172 être plus tard, ce souvenir reviendra-t-il; avec l'automne
996 2157 3773 2341 c'est possible. L'été est maintenant trop beau, trop clair
988 2345 3773 2476 pour permettre la tristesse, pour qu'on puisse s'appesantir
999 2480 3859 2615 sur les choses. Il n'en est pas seulement ainsi de ce souve¬
981 2611 3833 2807 nir. La plupart des choses me paraissent plus légères. Par
1007 2777 3821 2927 exemple, je ne peux pas, en vouloir à cette bonne Adèle. Je
988 2901 3859 3119 l'ai même invitée tout à l'heure à amener ses enfants la pro¬
996 3100 3904 3220 chaine fois; je ne pouvais pas faire autrement. Il me parais-
996 3254 3945 3374 sait presque risible de lui garder rancune, à elle ou à qui qui
988 3408 3878 3581 ce soit. Elle a même quelque chose de touchant pour moi. Je
958 3577 3814 3761 la vois comme un être qui est mort depuis longtemps et ne le
999 3727 1462 3904 sait pas.
552 3866 759 4122 JAUER.
981 3897 2127 4088 La regardant longuement
2164 3938 2968 4182 Ah oui, (silence)
2991 3945 3915 4231 Et Frédéric parait
996 4193 3964 4374 être revenu définitivementa la raison. Ce qui ne doit pas être
988 4317 3859 4505 difficile au fond quand la raison ressemble tellement au bon-
981 4494 3870 4701 heur, comme dans ce cas. - Mais si maintenant il ne sait pas
906 4644 2442 4896 Uetenir ce bonheur, alors......
