4072 5304
1935 268 2368 429 — 88 —
854 360 3781 613 sait de vous demander si vous préferez le macaroni à la compote
847 506 3758 766 de prunes, si Wagner doit être joué intégralement ou non? Mais
824 644 3559 973 maintenant leur curiosité n'a plus de limites... Ecoutez-
854 789 1866 996 un peu ça, Hofreiter.
352 992 3165 1249 FREDERIC (assis à une table voisine et parcourt ses lettres)
843 1111 3686 1368 Un journal féminindemande:a)à quel âge on a commence à jouir
360 1161 598 1322 RHON
828 1295 3605 1601 du bonheur de l'amour, b) si on n'a jamais eu de penchant
816 1464 1418 1628 pervers....
345 1586 1268 1801 AIGNER (à Hofreiter)
1295 1716 3667 1919 Voilà justement qu'on m adresse aussi une question:
812 1847 2755 2084 Est-ce qu'on peut se baigner dans le hac.
326 2015 525 2191 RHON
808 1992 1881 2199 Par 5 degrés.... orr —
326 2184 640 2360 AIGNER
824 2157 3490 2375 Mais si on pouvant le faire - la Suisse serait simplement
812 2333 1372 2509 fichue....
314 2444 529 2632 RHON
805 2517 3621 2747 Ecoutez. J'ai une idée; Mais vous me donnerez naturellement
797 2640 3808 2858 une Graticipation dans les bénéfices. Vous avez une incomparable
782 2762 3728 3015 force à utiliser, l'eau des chutes qui tombent des montagnes...
789 2939 3322 3134 si avec cela vous chauffiez électriquement votre lac?
299 3076 866 3280 MIGNER (rit)
306 3268 506 3444 RAHON
782 3272 3655 3448 Vous riez.... naturellement! Mais si j'avais seulementétudié
789 3444 3824 3601 un peu la technique - ja bâtirais moi-même toute l'installation..
766 3601 3770 3774 Je la vois très bien dans ma tête! C'est seulement la pratique
770 3758 3632 3939 qui me manqua. Si je l'avais eue d'ailleurs, je crois que je
774 3900 2341 4099 n'aurais jamais touché une plume.
280 4034 651 4257 FREDERIO
755 4046 3536 4237 Je me demande quelquefois si les poëtes ne sont pas devenus
755 4207 3532 4398 poètes...... seulement par une certaine pemurie intérieure?
253 4348 475 4552 RHON
755 4356 1985 4571 Qu'entandez-vous par là?
372 4525 647 4701 EDERIO
743 4506 3621 4751 J'imagine que beaucoup de poètes sont des criminels nés - qui
739 4678 3824 4885 ont manqué du courage nécessaire - ### des débauches, qui n'étaient
736 4835 2073 5076 pas assez prodigues......
