4040 5336
1862 269 2111 513 —:—:1
945 481 3513 725 une légère pause pendant laquelle elle regarde le ciel)
3549 603 3757 750 Vous.
713 697 2282 949 pouvez aussi relever la marquise.
485 896 3741 1092 LA FERDE DE CHAMBRN. (pendant qu'elle enlève le service à the et relè
958 1039 1654 1198 ve la marquise
1691 1039 3867 1210 Dois-je apporter un vêtement à madame? Il fait
713 1210 1500 1398 fait plus frais.
575 1341 1980 1577 NIA.- Oui. Don mantonu blano.
1927 1451 3680 1610 (Elle respire une rose et continue sa
933 1516 3109 1707 promenade le long de la véranda vers le fond).
489 1695 3623 1874 LA FERTE DE CH. BÆE.- (a relevé complètement la marquise et enlevé
945 1797 3003 1948 les tasses; elle s'éloigne avec le plateau).
477 1952 3696 2127 lème WaHl et ERA. (viennent du fond par la rue, le long de la clôture
933 2050 1663 2192 vers l'entrée).
477 2107 3672 2319 GENIA. (continue sa promenade le long de la pelouse dans la direction
937 2286 1577 2433 de l'entrée).
477 2319 3745 2547 Müe WaH, et EHÎL (saluent déjà du dehors par une inclinaison de tête).
485 2592 3708 2742 GENIA (fait légère ent signe de la main, hâte un peu le pas et arrive
945 2661 2612 2816 en même temps qu'elles à la porte).
497 2832 3676 2987 sime l'AIL & trav.l (toutes deux en costume tailleur sombre, s'arrêtent).
485 2971 3659 3146 Mme WAHL (svelte, re uante, 45 ans environ, distinction voulue. Elle
929 3044 3725 3195 nasille un peu et ne parle pas une langue très ristocrati-
949 3138 3676 3236 que. Regard et parole tantôt trop las, tantô trop animés.
945 3215 3659 3329 Pendant qu'elle parle, elle regarde le plus souvent à côté
945 3297 3529 3394 de son interlocuteur, et seule ent quand elle a fini de
949 3342 3627 3484 parler, elle le regarde en face, d'une regard amicalement
949 3423 3802 3566 interrogateur, comme pour s'assurer de l'impression produite)
481 3513 3578 3749 ERNA. (plus grande qua sa mère, svelte, decidée sans ja ais aucune
945 3668 3716 3859 hésitation, mais sans impertinence. Kemard ferme et droit.)
489 3826 3663 3969 GR PIA (leur tend anicalement la main) Vous avez fait un bon voyage?
497 3957 3610 4124 Mme VAHL.- Comme vous voyez, chère madame Genia. Il a fait un orage
713 4132 1117 4320 affreux.
489 4275 2889 4482 GENIA.- Par ici, l'orage est fini depuis une heure.
477 4450 3753 4646 È�¬ Vous avez eu bien raison de rester chez vous. Au cimetière
701 4556 3761 4756 nous étions complète ent embourbés. J'y suis allée seulement pour
693 4727 3590 4947 faire plaisir à Erna. Il aurait été bien suffisant à mon avis
701 4914 3672 5077 d'assister à la cérémonie à l'église! Je vous demande un peu à
