3640 5272
1574 144 1892 326 - 55 -
381 271 3352 567 J'aurais plaisir à partir pour quelques jours dans la montagne.
389 491 3479 766 Que je parte aujourd'hui - ou demain, ou après-demain..... il n'y
389 711 1875 918 a pas là un motif d'étonnement.
97 851 1748 1109 IA (se passant la vain sur le front)
1740 851 3331 1088 Certainement tu as raison. C'est
394 1079 2721 1287 seulement parce qu'il n'en avait pas été question
1384 1219 2205 1405 (silence pénible)
93 1346 3492 1574 DERIC Allona, je télégraphierai naturellement tous les jours, aussi bien
402 1558 3280 1727 ici qu'au bureau. Et j'écrirai aussi. De ton côté donne-moi
411 1659 3183 1871 ponctuellement des nouvelles. Et si quelque chose de Percy
398 1816 3513 2015 arrive, envoie-le moi.... même si c'est adressée à la dear mother.
398 1994 3428 2201 Oui, mon enfant, Allons, il s'agit de...... Mauer doit vraiment
432 2163 1092 2358 s'impatienter.
419 2298 1845 2514 Pourquoi pourquoi - pars-tu.
2997 2438 3420 2607 je crois
419 2476 2277 2641 (un peu impatient mais sans bnusquerie).
85 2497 347 2666 EDERIO
2269 2548 3492 2734 Ecoute Genia, semble
432 2641 2023 2916 que Après répondu à cette question.
423 2878 2878 3009 Tu sais très bien que tu ne m'as pas encore répondu.
419 3047 3378 3208 Il me semble que cette manière de questionner est quelque chose
102 3030 360 3246 EDERIC
419 3208 1477 3407 de nouveau entre nous.
432 3344 3458 3538 Tu n'es pas obligé de me faire des discours, c'est certain. Mais
423 3517 3492 3725 je ne voie pas non plus de raison pourquoi tu ne me répondrais pas
423 3665 1012 3885 franchement
427 3830 3394 4025 Eh bien, ma chère enfant, puisque tu trouves que cela doit être
93 3839 368 4067 EDERIC
432 3974 3259 4194 expressément formubé, alors voilà : Je ne me trouve pas bien
432 4161 3310 4334 depuis quelque temps. Cela passera probablement - c'est même
432 4300 3479 4503 sûr. Mais j'ai précisément besoin pour quelques jours d'un autre
423 4448 3458 4652 air, d'une autre atmosphère. Ce qui est certain, c'est que j'ai
423 4626 1752 4812 besoin de m'éloigner d'ici.
419 4626 2446 4969 Tééloigner d'icil?.... t'éloigner de moi!!
