3672 5304
1438 385 1605 517 -4-
250 513 3036 827 j'étais une jeune fille de 17 ans. Bien avant vous, madame.
91 676 1164 926 ENIA.- Encore "madane".
103 894 1538 1105 2 NA. - (presque affectueusement)
1550 997 2134 1188 Madame GENIA
2122 1013 3290 1240 (Elle lui baise la pain).
103 1232 3298 1387 ENIA.- Il avait d'ailleurs beaucoup d'affection pour Alexis Korsakow.
95 1391 3258 1586 RNA.- Evidemment, Mais je pensais que Korsakow était simplement son
234 1538 711 1725 pianiste.
91 1633 2567 1876 ENIA— que voulez-vous dire par là.... son pianiste.
79 1828 3262 2035 RNA.- Eh bien, comme le Dr Mauer est son meilleur ami, M. Natter son
234 1991 3274 2162 banquier, moi sa partenaire de tennis, le lieutenant Stanzides...
238 2146 850 2352 son témoin...
103 2317 751 2488 NIA. - Oh.... 1/2
107 2452 3251 2658 1NA.- Dans le cas où il en aurait besoin, je veux dire... Il ne voit
238 2631 3274 2766 dans chacune des personnes qui l'entourent que ce qui peut préci-
238 2798 3302 2941 sément lui convenir, et ce que les hommes peuvent être en dehors
227 2881 1804 3115 de cela, il s'en souvie à peine.
99 3028 3247 3314 ne NAH.-  Savezèvous madame Genia, comment mon pauvre mari appelait
223 3199 3239 3417 ces remarques d'Erna e Ses productions dans le demaine psycholo-
215 3409 552 3588 gique.
95 3481 2492 3747 TO von AIGNER.- (Salue près de la porte en passant)
2499 3632 2921 3823 Bonsoir.
91 3747 3235 3930 KNIA. - Bonsoir Monsieur von Aigner. Ne voulez-vous pas venir un ins-
215 3950 997 4117 tant avec nous?
95 4053 1284 4292 TO.- Si vous le permettez
1299 4061 3243 4296 sil entre dans le jardin. C'est une jeune
457 4264 3107 4427 bonne de 25 ans de maintien réservé et aimable; il porte
449 4355 2265 4502 l'uniforme des Enseignes de vaisseau).
1339 4459 2015 4669 (Salutations)
83 4625 3147 4840 ENIA.- Comment va madame votre mère? J'avais espéré la voir cette
199 4800 795 4975 après-midi.
68 4908 2925 5150 &70.- Est-ce qu'elle n'est pas venue hier chez vous, madame?
