3544 5256
1367 199 1699 376 - 37 -
446 365 2598 549 Dans huit jours environ si vous le permettez.
96 520 332 715 ERIC.
446 516 1430 722 (Franchement indigné)
1456 608 3416 822 Ah...... ils se donnent des rendez-vous...
394 789 2406 921 Sans demander votre permission, Frédéric!
114 895 291 1098 TAhl.
446 936 2204 1142 Nous partons après-demain directement
2174 1006 3350 1190 (Pendant ce qui suit Otto
427 1168 2826 1349 avec Genia et Adèle se sont assis un peu à l'écart)
2867 1187 3232 1378 Gustave
439 1352 3309 1540 est déjà là bas. Du moins, c'est ce qu'il m'a écrit I savez-
446 1540 3191 1728 vous qui est le directeur du nouvel Hôtel? Le Docteur von
435 1702 792 1861 Aigner.
111 1865 280 2030 RIC
427 1839 1035 2038 Ah, Aigner!
107 2056 295 2285 VAHL
424 1975 3228 2170 Et il doit naturellement faire tourner la tête à toutes les
427 2178 1924 2358 femmes malgré ses cheveux gris.
107 2307 310 2502 ERIC.
446 2344 3346 2517 Oui, les femmes sont toujours tombées dans ses pièges. Faites
427 2476 1537 2694 attentions, Maman NAHL.
114 2653 468 2797 revient
442 2675 1279 2922 C'est encore moi!
1316 2778 2244 2966 (levant sa raquette)
2296 2878 3121 3066 Voilà ma vieille!
435 3055 2856 3239 avec cela on a quelque chose de juste dans la main.
416 3206 1585 3445 Alors nous commençons?
96 3184 317 3387 RIC.
1592 3283 1979 3475 (à Paul)
1997 3357 3339 3508 Mais maintenant vous n'aurez
435 3460 3350 3718 plus d'excuse si vous perdez! Autrement il faudrait choisir un
427 3630 2406 3825 autre mètier...... avocat...... ou coiffeur
2200 3744 3066 3925 (Ile s'éloignent).
439 3913 3180 4054 (Frédéric, Erna, Adèle, Otto, Paul au tennis. Mme Wahl et
468 4009 1555 4131 Stanzides les suivent).
1496 4124 2112 4345 GENIA, MAUER
435 4234 3272 4470 Voulez-vous que nous allions les voir? Erna est particuliè-
409 4455 1887 4632 rement bonne à voir au tennis.
424 4625 3390 4894 (reste immobile) N'avez-vous pas l'impression Madame que je lui
