3688 5288
1524 155 1826 298 — 48 —
373 266 1866 520 mangé quelque chose, puis......
1898 286 3509 504 (ils continuent de parler avec Ott¬
67 457 913 770 ¬ (prenant congé
897 564 2096 822 Mon heure est venue aussi
2144 592 2569 830 (à Genta)
2596 738 3188 925 Madame
87 885 3116 1116 DERIC. Pourquoi es-tu si pressé? Si tu peux m'attendre un quart
413 1024 2318 1258 d'heure, je pars tout de suite avec toi.
421 1187 1914 1393 Comment - c'est sérieux alors?
64 1187 226 1401 JER
421 1342 2255 1528 naturellement... Alors m'attends-tu?
60 1397 361 1572 EDERIC
405 1493 3176 1763 Tu veux partir avec le Docteur - tu veux aller dès ce soir
64 1572 226 1747 NIA
421 1679 1127 1854 en ville -??
433 1783 3490 1997 Oui, c'est ce qu'il y a de plus raisonnable. Toutes les affaires
79 1743 357 2021 EDERIO
421 1957 3498 2136 dont j’aurai besoin à la montagne sont là bas; je peux les prépa¬
433 2124 3335 2362 rer avec joseph en une heure, et demain matin je serai prêt à
429 2322 1302 2505 partir avec Mauer.
433 2489 1314 2636 Ce serait épatant.
83 2473 250 2660 UER
429 2636 2287 2831 Alors tu m'attends? Un quart d'heure!
95 2648 365 2811 EDERIC
445 2795 1151 2962 Oui j'attends.
91 2831 254 2981 DER
421 2910 1890 3116 (va rapidement vers la maison).
67 2958 361 3128 EDERIO
631 3057 2779 3240 (Erna, Paul, Otto, Mme Wahl restent ensemble )
330 3271 1326 3438 (a toutefois entendu)
333 3402 1195 3601 (regarde Frédéric)
449 3521 2322 3748 Il est l'homme des résolutions rapides.
95 3573 250 3752 AUER
357 3676 1100 3883 (ne répond pas)
83 3736 238 3895 1381A
441 3795 2974 4049 Allona, profitons des derniers rayons de soleil.......
790 4010 3077 4184 (Erna, Otto, Paul, Mme Wahl vont vers le tennis)
337 4153 2132 4331 (les suit après une courte réflexion).
67 4212 278 4391 AUER
337 4296 3426 4502 (reste encore un instant immobile, soudain elle va vers la maison
91 4371 274 4581 INIA
540 4442 2358 4609 et rencontre Mme Meinhold qui arrive).
1076 4550 2001 4768 Mme MEINHOLD, GENIA
91 4693 3279 4919 ne HEINHOUD (environ 44 ans, parait cet âge, traité un peu fatigués;
758 4851 1374 5018 allure jeune)
1489 4871 1925 5078 Bonsbir.
