4136 5288
1972 219 2298 434 - 28 -
2654 314 2865 521 me
777 306 3299 620 Vous me permettrez bien de fumer encore oigerette.
459 368 740 595 OTTO.
463 575 3791 785 PAUL.- Bien. Nous allons jouer aujourd'hui la partie sérieuse. Un tour-
728 699 3654 914 noi de "singles". Peut-être M. Hofreiter viendra-t-il encore à
732 905 3654 1112 temps pour y prendre part. Aujourd'hui il faut décider finale-
728 1071 2956 1232 ment du rang de chacun...! (Il sort avec Erna)
446 1203 2365 1381 Mme VABL.- Qu'est-ce qu'il y a ensuite r
471 1381 3629 1546 STANZIDES. ( continue de lire) "Une des plus fameuses cimes du Sud
740 1455 3679 1612 Ouest des Dolomites à cause du danger que présente son ascen-
818 1546 3547 1695 sion; la même où, il y a sept ans, un jeune médecin, le Dr
732 1612 1881 1765 " Bernhaupt, a trouvé...
455 1724 3762 1951 Mme WaH.;- Oui, madame Genia, ils ont entraîha Erna sur cette montagne.
756 1893 3592 2075 Je n'ai jamais été aussi en colère de ma vie que ce jour-là.
719 2017 2269 2261 après le Dr Mauer et votre mari.
438 2199 3646 2385 GUSTAVE. - Devant la bruyante fursur de naman les deux messieurs sont
719 2373 1492 2575 partis aussitôt.
446 2538 3720 2737 GENIA.- (regard furtif vers Erna, souriant) Mais il me semble que Fre-
711 2695 3749 2873 déric a porté sa mauvaise conscience bien légèrement. Chaque jour
728 2848 3625 3022 J'ai reçu de lui une carte d'un endroit différant: de Kaprile,
699 2989 2414 3220 de Pordof, et Dieu sait d'où encore.
401 3142 3671 3357 Mme xxxL.- (a pris le journal dans les mains et feuillette). Qu'est-
694 3303 2112 3518 ce que c'est que ce journal!
418 3472 3658 3691 NATTER.- Mais maintenant vous êtes fière, madame, de la célébrité de
707 3646 1716 3828 mademoiselle Erna...
405 3787 1600 4006 Mme wAHL.- Fière - moi r
426 3923 3361 4183 GRNIA.- (viens vers eux, à peu près au milieu où est Mme Wahl).
3344 3973 3712 4204 Qu'est-
674 4171 3733 4353 ce que c'est que cette feuible? Je ne la connais pas... comment
653 4316 1405 4514 est-elle ici?
401 4473 3158 4700 Mme WABL.- Tiens, il y a quelque chose souligné en rouge.
430 4642 3605 4865 STANZIDES.- On doit éviter justement de lire ce qui est souligne en
670 4812 1765 5056 rouge dans un journal.
