4120 5272
1936 272 2246 396 —.99 -
1928 363 2168 487 1/4
520 425 2263 661 Mme WaHL.- Mais c'est extraordinaire.
467 586 867 789 ADELE. -)
491 747 826 917 GUSTAVE
879 743 1441 912 Quoi donc?
471 896 842 1090 CENIA. -
479 1094 3745 1243 came wAHL (lit). "Depuis quelques jours circule dans le monde viennois
764 1173 3749 1338 un bruit qui prend de plus en plus de consistance, et que nous
846 1276 3534 1383 reproduisons ici - naturellement sous toutes réserves. Il
846 1346 3798 1490 s'agit du suioide d'un virtuose célèbre, qui a causé une grande
846 1429 3716 1511 sensation au commence ent de l'été, et dont la raison est res-
764 1486 3749 1614 s tée obscure malgré l'explication, commode mais insuffisante, de
747 1585 3695 1680 " la crise d'alienation aigüe. Le bruit auquel nous faisons al-
842 1652 3571 1767 lusion attribue la cause de ce outside à un duel américain
838 1709 3716 1854 duel dont la decision n'aurait pas été obtenue, comme on sait
855 1829 3712 1974 par une boule blanche et une noire, mais par deux blanches et
838 1879 1387 2015 une rouge“.
1408 1969 3654 2147 Deux blanches et une rouge, - qu'est-ce que cela
747 2106 1268 2296 signifie?
1874 2250 2675 2457 (silence pénible)
471 2399 3666 2597 GENIA.- (tranquillement) Il s'agit de la partie de billard qui a été
751 2580 3699 2750 jouée avec Korsakow et que mon mari a perdue. Si cela avait été
739 2725 3732 2919 un duel américain... Frédéric aurait dû se tuer - n'est-ce pas
789 2874 1404 3084 (silence)
458 3047 3778 3229 STANZIDES. - Il est incroyable qu'on soit desarme contre de telles infa¬
747 3208 2903 3406 mies. D'autant plus que personne n'est nommé.
454 3344 1895 3551 UATTER. - On s'en gardera bien.
467 3501 3695 3691 Mme VABL.- (qui a enfin compris) Ah, cette partie de billard... natu-
731 3658 3728 3869 rellement, madame Cenia, vous nous avez raconté cela. Votre mari
731 3840 3609 4009 a envoyé les oigares à Korsakow le lendemain de bonne heure à
735 3984 3547 4174 son hôtel... Mais réellement vous savez! Je puis être temoin
735 4125 1672 4315 devant la justice!
450 4236 3642 4496 GUSTAVR.- Tu n'auras pas besoin d'être témoin, maman. Personne ne te
694 4467 1383 4649 le demandera.
1164 4550 3786 4760 (Adèle et Stanzides ont pris le chemin du tennis et dis-
1164 4707 2754 4851 paraissent peut à peu de la scène)
438 4789 3642 5045 Mme xxx. - C'est vraiment extraordinaire... Comment oela est-il dans
