3992 5336
1635 313 1830 460 -8-
395 439 2680 704 ne WaHL; Nous avons là rendez-vous avec Gustave.
2721 492 3417 728 (A Otto) C’est
586 700 3551 875 mon fils, qui voyage toute l'année. Enfin pas tout à fait toute
586 846 3457 1017 l'année -  mais une grande partie... on peut le dire... L'annee
598 1005 2017 1192 dernière il était dans l'Inde.
411 1176 2807 1326 RA.- Et je veux encore une fois escalader des pies.
431 1359 3522 1542 UER.-Vraimene? En bien, nous nous rencontrerons peut-être sur quel-
598 1489 3522 1704 que rocher. J'ai grande envie aussi d'aller dans les Dolomites.
598 1647 1017 1834 (A Genia)
1053 1696 3575 1887 Et je ne vous cacherai pas, madame, que j'aurais vrai-
590 1867 2831 2046 ment plaisir à décider Frédéric à m'accompagner.
411 1859 3258 2245 NIA.-Dans les Dolomites  -?... Et que dit-il de ce projet?...
411 2192 2440 2371 UER.- Il ne semble pas tout à fait dispose.
435 2294 3632 2502 te NABL.- Je pensais que Frédéric avait renoncé aux ascensions depuis.
602 2461 2115 2652 depuis... l'accident de jadis.
447 2636 1773 2831 UER.- Mais pas pour toujours.
435 2798 3494 2969 ENIA.- (A Otto, expliquant) Un ami de mon mari un certain Dr Bern-
586 2929 3547 3116 haupt a été enlevé à son côté par un rocher et tué sur le coup.
590 3075 2522 3250 Il y a du reste déjà sept années de cela.
366 3258 3628 3441 0d70. (A Genia) Vraiment? Votre mari avait pris part à cette excussion?
468 3372 3543 3620 A. - (pensive) On peut dire... il n'a pas de chance avec ses amis.
460 3559 2615 3742 IA (a Otto). Vous connaissiez cette histoire?
447 3754 3482 3921 10.- Je me la rappelle parfaitement bien puisqu'elle s'est passée
891 3864 1241 3970 somme
2192 3844 2359 3966 ein
598 3852 3604 4092 sur le montagne que mon père a l### le premier - il y a plus
586 4043 1224 4238 de vingt ans.
456 4141 2347 4364 WIA.- C'est juste. C’est la Tour Aigner.
456 4348 3494 4588 DER.- La Tour Aigner... on a vraiment tout h fait oublie qu'elle
594 4580 2449 4722 se nomme ainsi d'après un homme vivant.
1558 4661 2306 4848 (petit silence)
439 4816 3616 5011 JA. - Ce doit être pour vous une singulière sensation, lieutenant, de
