4008 5256
1734 155 2037 360 129 -
2612 300 2767 515 mil
310 257 2083 539 Mme MEINHOLD Naturellement je le sais
2073 307 2559 575 (sourtant)
2545 402 3596 705 Otto m'a transmis hier
959 620 1974 835 soir, ses salutations.
966 712 3423 994 Ah.Monsieur votre fils vous quitte aujourd'hui...?
321 853 627 1040 GENIA
980 864 3560 1160 Mon fils est déjà parti. Il est parti hier soir par le
328 998 913 1181 Mme MEINHOLD
976 1132 3271 1361 dernier train. Et aujourd'hui il partpour Pola.
976 1280 1875 1449 Déjà ce soir? Ah!
317 1273 617 1491 GENIA
1001 1417 2080 1625 Ne le saviez-vous pas?
314 1480 948 1685 Mme MEINHOUD
1001 1470 3440 1766 Oh je le savais bien. Mais je pensais qu'il voulait
331 1643 634 1805 CENIA
994 1724 3169 1911 consacrer cette journée entièrement à sa mère.
1015 1777 3588 2076 Il a encore une foule de choses à faire en ville, aussi
345 1889 945 2133 Mme MEINHOUD
1015 1949 3708 2274 nous nous sommes dit adieu dès hier soir...... C'est mieux
1008 2214 1329 2415 Ainsi.
1026 2355 2210 2556 Certainsment c'est mieux.
363 2372 652 2601 GENIA
1033 2376 3747 2704 Voue pouvez penser madame Genia combien je me suis trouvée
370 2559 994 2750 Mme MEINHOUD
1029 2584 3835 2845 seule ce matin quand je me suis assise sous la tonnelle pour
1029 2739 3744 3007 déjeuner. Yaintenant ma petite maison est tout à coup si
1040 2883 3800 3169 vide... comme je n'y étais plus habituée depuis longtemps.
1033 3053 3726 3335 J'ai été pendant un certain temps vraiment gâtée - malgré
1058 3204 3648 3486 tout. Et la pensée qu'il est maintenant parti pour si
1050 3342 3835 3662 longtempe et si loin fait ma maison encore plus vide et plus
1075 3606 3363 3814 triste. C'est pourquoi j'ai préféré partir.......
1061 3761 1847 3969 Je le comprende.
416 3839 712 4001 GENIA
1082 3849 3740 4121 Ce n'est pas avec l'intention de vous déranger de si bon
405 3927 1058 4174 Mme MEINHOUD
1050 3966 3765 4293 matin, madame Genia, je dois voue l'avouer. Pas du tout.
1068 4093 3888 4406 Je voulais faire une propenade...... une promenade solitaire
1061 4286 3899 4582 dans le forêt. Et maintenant je suis là. Dieu seit comment
1082 4519 2672 4766 Quelque chose doit m'avoir poussée.
2683 4526 3920 4748 (Elle la regard longuement)
419 4706 1752 5083 GENIA (rencontre son regard
1798 4713 2658 5020 Je voue remercie.
