4072 5288
1811 254 2212 408 „ - 37 -
828 350 2484 604 Bonjour Paul, comment allez-vous?
357 368 570 585 ERNA
835 541 3617 732 Oui, que le diable.... pardon... Cela ne surprend personne
353 574 578 762 PAUL
857 681 1656 880 que je sois là?
357 876 740 1034 FREDERIC
821 824 1516 1038 (qui est assis)
1494 1008 3599 1222 Ecoutez-moi Paul, il est bien plus merveilleux
850 1093 2064 1321 que NOUS, nous soyons là.
335 1273 2683 1479 AIGNER (un peu plus loin aveo une jolie française)
357 1409 1130 1652 RHON (à,Mme Wahl)
1144 1479 3665 1744 Regardez donc madame, voilà celle de demain. Il fait
832 1604 1811 1884 des provisions.......
339 1825 2896 1998 ERNA (à Mme Wahl, à qui Rosenstock a remis ses lettres)
2922 1869 3680 2083 Eh bien maman...
802 2042 3452 2215 C'est de la maison. Ah, il y a une carte de votre femme
346 2046 758 2267 Mme 7/2 7
835 2168 1409 2388 (à Frédéric)
1479 2289 3235 2462 Elle vous fait ses amitiés, Frédéric.
328 2418 729 2631 FREDERIC
813 2432 3312 2650 Elle ne voue dit pas si elle a l'intention de venie?
331 2628 3032 2812 ROSENSTOCK Voilà aussi des lettres pour vous V. Hofreiter.
339 2771 699 2937 FREDERIO
732 2760 1159 2996 (se lève)
1185 2782 2800 2999 Ah? En voilà une aussi de Genia.
331 2966 2193 3202 CUSTAVE (pose ses lettres sur son front)
335 3146 699 3327 Mme RHON
813 3128 1792 3294 Que faites-vous là?
316 3319 655 3485 GUSTAVE
802 3283 3625 3474 Depuis longtemps je ne lis plus les lettres. Je me les pos¬
802 3459 3404 3669 simplement sur le front et je sais ce qu'il y a dedané.
309 3592 1284 3801 Kme WAHL (à Frédéric)
1317 3684 2539 3916 Eh bien, viendra-t-elle?
316 3864 707 4055 REDERIC
799 3871 3548 4070 Non. Elle m'écrit que Peroy a retardé son arrivée, il est
791 4011 3584 4210 invité par des amis à Richard et y restera huit joué Ce
802 4199 3617 4387 n'est qu'un microbe et ça a déjà des invitations à Richard.
313 4331 552 4515 RHON
659 4306 2204 4556 (s'est assis et lit son courrier)
2248 4434 2694 4574 Ah......
305 4519 703 4740 Kme-RhON
799 4493 1829 4729 Qufestfce qu'il y a?
298 4703 559 4887 RHON
773 4703 3584 4916 C'est incroyable, ces enquêtes! - On peut dire que les gens
791 4861 3746 5042 deviennent de plus en plus exigeante. Autrefois il leur suffi-
