3768 5272
1548 241 1844 442 - 59 -
642 275 1841 601 Moi..... J'y réfléchirai.
104 345 293 575 ENIA
104 572 2646 724 EMME DE CHAMBRE (vient avec le pardessus et la valise)
631 698 3392 943 Allons, adieu madame Genia. (Il prend également congé des
111 716 312 898 AUER
2279 831 2628 965 autres)
646 924 3526 1150 Adieu, mesdames, messieurs. Eh bien qu'allez-vous faire tous
100 972 438 1143 EDERIC
653 1110 1299 1280 aujourd'hui?
642 1254 3574 1444 J'ai une idée. Nous pourrions faire une promenade au clair de
631 1392 2464 1588 lune jusqu'au couvent d'Heiligenkre###.
642 1581 1592 1752 J'irais volontiers.
122 1715 449 1882 ne 7r.
635 1752 1150 1889 A pied -?
642 1859 3425 2089 Ce n'est pas nécessaire. Je vous renvoie l'autode la gare.
115 1882 449 2075 EDERIC
594 2041 2438 2230 Hourrah, pour le généreux bienfaiteur!
601 2197 3537 2353 Pas d'ovation s'il vous plait, Allons adieu. Amusez-vous bien
601 2342 1793 2564 en tous cas. Adieu Genia
1770 2405 3529 2602 (Il lui prend encore une fois la main
1065 2527 2854 2713 qu'elle laisse retomber indifférente).
360 2680 1934 2850 IC et MAUER sortent par la Maison)
345 2828 1113 2980 (reste immobile)
338 2995 2449 3129 ERNA, Mme VAHL (sont près les uns des autres)
345 3136 2965 3318 t Mme VEINHOUD (échangent un bref regard d'intelligence)
375 3299 1410 3477 Genia, prenant congé)
1433 3370 2646 3533 Madame, permettez-nous —
416 3518 1852 3708 sortant de sa torpeur,
1852 3555 3481 3785 Vous voulez partir? et vous aussi
601 3767 3477 3960 Madame? Mais pourquoi? Nous pouvons tenir tous aisément dans
583 3919 969 4094 1'auto.
594 4097 3515 4272 naturellement! M. Kregdel s'assiera devant, près du chauffeur.
583 4227 1247 4424 Avec bonheur.
583 4279 3403 4561 Je me permettrai seulement de vous faire remarquer qu'il se
586 4554 3570 4736 présente une difficulté pour notre promenade au clair de lune :
583 4702 2230 4877 nous sommes dans la nouvelle lune.
67 4851 297 5047 gRNA
575 4851 2921 5018 Les étoiles nous suffiront au besoin, lieutenant.
