3784 5288
1479 214 1768 368 - 71 -
617 332 1274 558 Qu'y a—t-11?
605 502 3374 747 Je suis dans une inquiétude extrème. Nos touristes ne sont
605 692 1629 874 pas encore de retour.
597 767 3172 1028 Je vous en prie, Madame.... Tout le monde revient de
605 910 3279 1194 Hofbrandhütte. Céest une promenade.... Vous permettez 1
1135 1096 1764 1250 (il s’assied)
609 1226 3295 1432 Si je permets? Onest bien heureux que vous puissiez vous
609 1408 3247 1550 distraire un moment de vos occupations.... exotiques....
609 1538 1226 1709 érotiques...
617 1705 3302 1859 Exotiques.... érotiques....? Ce n'est pas de vous. Vous
597 1831 2472 2037 n'êtes pas si malicieusey belle madame.
629 2013 1724 2183 Non.... c'est de Rhon.
609 2144 3575 2294 Oui.... je le pensais.... C'est un poëte Monsieur Rhon... oui...
609 2322 3334 2472 Quelle ravissante broche vous avez là, madame t du moderne
657 2460 1720 2654 paysan, vraimant joli.
621 2587 3378 2788 Oui, c'est très joli, n'est-ce pas? et pas cher. Enfin ce
605 2772 3291 2946 n'est pas non plus bon marché. M. Swatek de Salzbourg me
617 2946 2939 3113 réserve des choses comme ça, il connait mon goût.
376 3057 3389 3251 RhON (taille moyenne, gros, cheveux noirs légèrement grisonnants
720 3196 3469 3378 et un peu indisciplinés, amples vêtements d'été; il descend
712 3283 1301 3429 l’escalier).
617 3382 3342 3548 Bonjour madame, Bonsoir Directeur. Eh bien,est-ce que nos
629 3587 1811 3745 touristes sont de retour.
605 3706 2326 3884 Non! Qu'est-ce que vous en dites?!
617 3848 3583 4058 Ils reviendront...... Ils auront peut-être déjeuné copieusement
75 3876 245 4066 RHON
609 4034 1736 4240 Ma femme tout au moins.
87 4169 3259 4343 UNE TRES VOLIE ANCLAISE (s'approche d'Aigner avec un recent anglais)
629 4339 3061 4588 Monsieur le Directeur, je voudrais vous dire un mot.
71 4453 380 4738 AIGNER
605 4544 1475 4639 Excusez-moi
1495 4556 3318 4813 (Il se lève et s'en va avec elle verae
605 4695 1159 4904 l'arrière).
67 4801 846 5015 RHON (à Mme Wahl.
886 4884 3010 5110 Savez-vous qui c'est? Sa nouvelle conquête.
