4008 5256
1875 138 2108 271 131
430 194 968 477 Lunisten.
989 168 3458 443 ne nous dorinons pas une seule fois. C'est entendu.
1002 409 2366 632 Vous êtes très bonne, Genia.
335 439 938 645 Mme MEINHOUD.
998 520 3596 813 Je suis seulement...prudente, Mme MEINHOUD, seuement
348 624 658 774 GENIA
989 731 1587 929 prudente...
1583 869 3686 1037 (soudain elle éclate en un violent sanglot et
1742 946 3075 1101 baisse la tête sur la table)
348 1050 951 1243 Mme MEINHOUD
1011 1019 1587 1239 Cenia, Genia
1626 1148 3540 1368 (Elle lui passe la main dans les cheveux)
985 1372 3639 1536 pleurez pas, Cenial C'est una bien petite autorlidation,
1011 1548 3678 1712 mais nous supporterons ensemble son absence... Vous voyez
1019 1708 3673 1854 que mon choix est fait, et que je me suis décidée à... ne
998 1815 3592 2034 pas vous hafr. Enfant, enfant - tranquilisez-vous donc.
1015 1991 3678 2258 Nous serons des amis, Genia. Cela ne peut être autrement,
998 2129 1837 2331 Cenia... Genia!
1002 2297 1768 2495 Mme Meinhold....
348 2293 632 2508 GENIA
1755 2379 3501 2589 (Elle lui prend la main comme si elle
1910 2525 3007 2641 voulait la lui baiser).
1032 2564 3544 2835 Vous ne trouvez réellement pas un autre nom pour moi?
348 2589 972 2847 Mme MEINHOUD
998 2744 2736 2972 Je suis sa mère, et il vous a aimée.
357 2912 1966 3161 CENIA (secous farouchement la tête)
1970 2981 3557 3174 Non, non, noa, je ne peux plus...
357 3226 2047 3441 Mme MEINHOLD (la regarde longuement)
2039 3196 3686 3450 Je vous vous laisser toute seule...
1015 3355 3643 3557 Adieu. Mais quand vous serez lasse de la solitude - eh
1011 3514 3854 3768 bien venez me voir. Vous me trouverez toujours prête à vous
1015 3695 2224 3910 recevoir. Adieu, Genia.-
357 3789 3811 4065 FREDERIC (arrive par la terrasse. Paletot sombre sur une redingote noire,
933 3979 3441 4172 Enlève rapidement son paletot et compose ses traits).
361 4121 2232 4306 GENIA (le fixe d'un air interrogateur).
366 4237 3411 4426 FREDERIC (scurtre contraint sans faire un signe. A Mme Meinhold a
843 4258 3630 4564 souriant de la manière méchante, qui en ce moment parait un
839 4482 1217 4645 masque).
1213 4465 2181 4688 des hommages, Madame
2202 4525 3755 4792 (Il prend sa main tendue avec une
830 4688 2017 4964 imperceppible hésitation
2065 4723 3058 4994 Comment allez-vous?
