3688 5288
1532 213 1846 476 - 51 -
2751 288 3014 516 :1:10:
634 389 1327 577 Je ne crois pas
195 368 584 577 MEINHOUD.
1341 429 2318 685 (presque légèrement)
2332 519 3345 732 Je crois madame Genia
649 721 3425 865 qu'on ne peut pas se libérer trop tôt de cette illusion que
649 847 3374 1056 nos enfants nous appartiennent jamais. Surtout les fils!
649 1009 3518 1175 Ils nous ont mais nous ne les avons pas. Je crois même qu'on
649 1172 3226 1341 s'en rendrait encore plus douloureusement compte si on
649 1305 3547 1492 habitait toujours scus le même toit. Tant qu'ils sont petite
649 1453 3475 1644 ils noue vendent pour un jouet, et plus tard.... plue tard,
642 1608 1774 1806 pour bien moins encore.
288 1766 1060 1958 (hochant la tête)
1089 1824 3363 2069 C'est vraiment...... non c'est...... Puis-je vous
660 2015 2444 2239 dire quelque chose, Yadame Meinhold?
213 2152 598 2387 MEINHOUD.
667 2199 1143 2365 (souriant)
1179 2260 3562 2430 pourquoi pas? Nous causons néest-ce pas. Chacun
649 2368 3493 2628 par le parle spoutaisement.
653 2596 3518 2736 Je me suis souvent demandée si votre - excusez-moi - jugement
660 2743 3479 2888 si sévère sur les hommes en général, n'a pas un rapport avec
649 2884 3482 3046 les rôles que vous jouez et qui vous font paraitre la vie si
653 3039 1161 3219 tragique?
357 3180 580 3378 NHOLI.
624 3187 1085 3392 (souriant)
1125 3223 2426 3436 Tragique.... trou ez-vous?
653 3432 3418 3591 Car j'ai certainement une conception de la vie plus légère
656 3605 3526 3771 que la vôtre Mme Meinhold. J'imagine bien par exemple que je
649 3767 3547 3883 ne cesserai jamais de compter, le compter beaucoup pour Percy.
634 3919 3482 4084 Et vous aussi Mme Meinhold, voue avez au fond la même idée...
653 4063 3526 4290 oui, précisément votre fils me semble particulièrement tendre
653 4225 2740 4427 un peu - je suis persuadée qu'il vous adore.
101 4358 598 4578 MEINHOLD.
660 4402 1565 4586 Appelons-le ainsi!
653 4564 3464 4690 Et s'il doit vous "vendre" un jour, comme vous dites, ce ne
94 4546 281 4715 ENIA
660 4686 3270 4878 sera pas certainement pour quelque chose d'indigne. Et
653 4838 3486 5025 encore, dans ce cas, les rapports entre une mère et son fils
