3592 5256
1405 278 1602 479 -25-
320 405 2865 587 saurai bien discerner la verité. Allons...oui ou non?
104 556 3039 784 KNIA.- Il n'était pas mon amant. Il n était malheureusement pas
313 718 2116 896 mon amant. Est-ce que cela te suffit?
124 884 3220 1073 REDERIC.- Cela me suffit. Je sais maintenant qu'il l'était. Tu t'es
305 1019 3216 1236 toi-même trahie. Tu ne remarques pas? - Malheureusement as-tu
301 1212 3155 1429 dit. Et si tu l'as aime tu as naturellement été sa maîtresse:
305 1371 3089 1541 qu'est-ce qui t'en aurait empêchée? et comme maintenant tu
290 1517 3131 1699 as voulu le quitter, il s'est suicidé. C'est très simple. Et
301 1672 3155 1853 pourquoi tu as voulu le quitter; c'est encore plus simple. Je
301 1815 3243 1965 vais te le dire: parce que ces choses doivent précisément avoir
301 1962 3290 2131 une fin. Surtout quand il s'agit d'une laison avec un homme qui
293 2131 3128 2286 est plus jeune de quelques années - et qui est la plupart du
305 2274 3197 2456 temps en tournée de concerts. Peut-être aussi, parce que Percy
290 2440 3182 2602 revient bientôt, et que cela te donne - comment dirai-je?- une
282 2599 3197 2796 sensation de pureté... particulièrement convenable. Avec cela
290 2741 3186 2927 tout devient clair, jusqu'à l'idée du voyage en Angleterre. Je
290 2915 3070 3112 comprends même très bien cette résolution. finalement si la
278 3070 3147 3236 chose était finie pour toi aussi, - cette fik... oui, même si
278 3259 2583 3425 tu ne l'as pas aimé passionément - tu aurais...
104 3348 2162 3618 NIA.- Ne te donne pas tant de mal. Lis cela.
2174 3417 3174 3684 (Elle tire une lettre)
680 3548 1321 3722 de sa poche).
97 3711 1294 3931 EDERIC. - Que dois-je....?
104 3861 595 4066 NIA. - Lis.
97 4016 3193 4247 EDERIC.- Qu'est-ce... une lettre? Une lettre de lui? Uae lettre da
251 4174 3131 4359 lui à toi? - ah, garde-là. Je ne veux pas. Cela a l'air... je
259 4359 3220 4498 pense. Si tu n'avais pas l'intention de me montrer cette lettre,
251 4471 1869 4691 eh bien garde-là, cela vaut mieux.
81 4653 815 4827 NIA.- Lis donc!
85 4800 3189 5031 NUERIC.- Pourquoi dois-je lire cette lettre? Tu peux bien me dire
