4072 5320
1967 283 2308 455 - 113 -
709 340 3664 705 Elle lit, elle fait de la musique; elle s'occupe d'œuvres cha-
701 586 3709 881 ritables, de la cuisine, elle élève ses enfants; - elle peut même
701 754 3750 1049 être une très bonne mère, et souvent aussi une excellente épouse.
717 963 3615 1226 Et cent fois plus digne - qu'une soi-disant honnête femme. Re-
693 1139 2090 1299 garde seulement Adèle Natter.
455 1283 3570 1545 MAUR. - Je pense que tu ne m'as pas demandé de venir pour m'exposer
705 1410 1857 1668 tes vues philosophiques.
434 1553 3566 1836 FREDERIC. - Non, cela s'est présente ainsi. Mais puisque nous sommes
693 1775 3685 1967 sur ce thème, je veux te demander si tu as entendu quelque chose
701 1943 3271 2099 de l'histoire entre me femme et l'Enseigne de Vaisseau.
414 2086 3681 2287 MAUER.- (surpris) Entro ta femme et... Pas un mot... comment aurais-je
701 2189 2898 2373 pu... Je n'ai pas été ici depuis trois semaines.
418 2381 3644 2545 FREDIRIC.- Eh bien, c'est moi qui te l'apprends. Qu'est-ce que tu dis
684 2549 1004 2697 de ça?
418 2640 3500 2849 MAUER. - Ce n'est peut-être pas vrai. Et quand cela serait vral...
402 2877 3640 3062 FREDERIC.- Tu me le souhaites du fond du coeur. Je sais. Mais je dois
680 3049 3640 3148 te dire que ta milice est sans objet. Pour cela il faudrait que
689 3127 3500 3402 je prenne la chose avec peine ou au moins avec colère. Et ce
668 3369 3668 3500 n'est absolument pas le cas. Au contraire, c'est plutôt xxx pour
668 3509 3738 3652 moi comme une libération intérieure. Je ne me sens plus dans cette
668 3660 3718 3849 maison comme un coupable. Je respire de nouveau. C'est en quelque
668 3832 3640 4037 sorte comme si elle avait fait pénitence pour la mort de Korsa-
656 4009 3709 4177 kow, et en vérité d'une façon très raisonnable, et sans douleur.
652 4095 3664 4353 Elle commence de nouveau à me paraître plus humaine. Nous vivons
652 4312 3033 4447 maintenant, pour ainsi dire,-sur la même planète.
365 4505 3517 4652 MAUER.- Tu prends cela très bien. Mes compliments. Tu ne le crois
652 4636 3631 4878 pas apparemment. Comme on ne peut jamais savoir ces choses avec
644 4808 1877 5021 une certitude absolue....
369 4853 3660 5099 FREDERIC.- Ah, quelquefois. Par exemple, quand on voit l'amant des-
