4072 5304
1878 224 2205 452 115 -
688 460 3735 701 tendu jusqu'à une heure et demie. A une heuie et deuie la fenêtre
688 671 3735 837 s'est ouverte, un monsieur est descendu, a disparu un moment pour
663 783 3515 1024 moi dans l'obscurité du jardin; j'entends la porte du jordin
663 987 3598 1169 s'ouvrir, et aussitôt passe près de moi la silhouette élegante
659 1103 2665 1326 de l'Enseigne de Vaisseau Otto von Rigner.
423 1281 2271 1455 MAUER. - Tiens. Et qu'as-tu fait alors?
431 1459 2466 1633 FRÉDERIC.- Je me suis couché sur la pelouse.
431 1583 1600 1795 MAUER.- Tu l'étais déjà.
402 1745 3735 1969 FRUERIC.- C'est juste. Mais je me suis arrangé plus commodément, parce
659 1932 3722 2102 que je n'avais plus à guetter quelqu'un. Et j'ai merveilleusement
663 2068 3710 2205 dormi jusqu'à sept heures du matin. C'est vraiment enquis de dor-
659 2222 3585 2454 mir en plein air par une belle nuit d'été. On me l'avait vanté
659 2367 1799 2570 il n'y a pas longtemps.
377 2520 3548 2719 MAUER.- Tu ne penses pas j'espère, t'enprendre à Genia ou à lui. La
659 2711 3710 2868 seule chose que tu puisses et doives fairez - c'est une fin nette
381 2831 1911 3059 FREERIC.- Qui te parle de fin?
385 3001 3610 3229 MAUR. - Cela se comprend. Tu peux d'ailleurs le faire sans bruit. Tu
647 3179 3668 3366 n'as qu'à partir pour l'Amérique un peu plus tôt que tu en avais
651 3357 1273 3544 l'intention.
381 3469 2562 3697 FREDERIu.- Genia viendra avec moi en Amérique.
402 3652 1040 3863 AU R.- Ah -?
377 3834 1111 4021 FREDERIC. - Oui.
390 3921 3714 4145 MAUER.- (haussant les épaules) Tu me permettras de prendre cotte commu-
651 4108 3685 4282 nication pour la dernière preuve de ta confiance, jusqu'à nouvel
642 4261 1878 4530 ordre. Maintenant......
377 4448 3548 4647 NATTER (arrive).- Oh, bonsoir, docteur Hausr, comment-allez-vous?
634 4597 3498 4812 Mon cher Hofreiter, je voulais vous demander, parce que nous
626 4717 2624 4982 n'allons plus pouvoir rester longteurs...
390 4899 3117 5119 MAUER.- Tu me permets d'aller dire bonsoir à ta femme....
