4072 5288
1841 254 2114 438 - 75 -
354 308 2902 653 Mme WaHL Je monte, il faut que je voie Erna (A Aigner)
2933 407 3432 673 , vous....
657 665 3736 853 (Elle va vers l'ascenseur qui est en haut, elle sonne avec hésita-
696 773 1472 976 tion.  A Aigner)
1499 819 3725 1030 Pourquoi l'ascenseur est-il la plupart du temps
792 930 3871 1172 au 4° étage 1 C'est une des coutumes inexplicables de votre hptel
803 1149 1172 1365 (à Rhon)
1226 1230 2149 1395 Vous me venez pas?
788 1361 1630 1561 Je peux attendre.
404 1376 584 1580 HON
1272 1507 2994 1707 (l'ascenseur descend avec le groom)
642 1657 1837 1880 (Il prend à part Mme Wahl)
1841 1691 3582 1960 Regardez donc le groom. Ressemblande
807 1945 1680 2133 extraordinaire -!
807 2087 1326 2295 Avec qui?
404 1968 753 2272 me Nahl
819 2229 1303 2472 Eh bien...
427 2245 600 2414 HON
1345 2295 2987 2464 (Il fait un signe du coté d'Aigner)
826 2437 2418 2629 C'est aussi un de ses fils....?
427 2475 765 2648 me WaHL
819 2598 2245 2821 Peut-être bien un petit-file.
823 2768 1941 2960 Ah, mon Dieu, vous......
427 2791 765 2967 me WaHL
1949 2791 3317 3087 (elle monte avec l'ascenseur)
427 2956 1084 3233 IGNER (à Penn)
1149 3063 3056 3267 Alors voue avec été vraiment à la Tour?
830 3198 3290 3417 Oui, monsieur le Directeur, Cela n'a pas été facile.
830 3394 1541 3575 Je m'en doute.
465 3429 700 3590 GENER
826 3506 3671 3690 Savez-vous, Monsieur le Directeur, j'avais bien pensé que le
838 3694 3752 3890 mauvais temps d'il y a huit jour aurait dérangé quelque chose.
826 3848 3825 4036 Une ou deux fois noue avons dû ramper. Et pendant les derniers
838 3971 3928 4232 cent mètres, le diable sait..... ce qui est arrivé depuis l'année
838 4159 3901 4370 dernière. A cette époque on savait encore ou poser le pied et oh
846 4351 3928 4524 acerocher une corde, meie maintenant il surait fallu des eiles...
857 4486 2126 4693 Mais c'était beau là haut.
477 4493 700 4716 CICNER:
861 4620 3917 4851 Vous le savez bien, Monsieur le Directeur. Là haut c'est toujour
484 4697 646 4862 INN.
857 4789 2537 5024 beau. Et partout à la Tour Aigner.
