3592 5256
1367 282 1577 453 -24-
302 441 3261 735 ce n'est pas de ma faute si tu as rompu avec Adèle Natter et si
302 699 2006 862 elle n'aß pas encore de remplaçante.
119 838 3313 1045 REDERIC.- Ah, je vois que tu es très bien informée. Enfin, je ne veux
306 1009 3055 1188 pas chercher de quel côté te viennent des renseignements,
306 1144 3226 1347 d'ailleurs ce n'est pas de ma faute si tu ne m'as jamais inter-
290 1323 3198 1474 roge directement; - je n'aurais rien nie. Dans aucun cas je ne
290 1454 3317 1601 t'aurais répondu que tu dois soigner tes nerfs. C'est vraiment...
1279 1553 1517 1672 quere
294 1633 3154 1732 cela ne te ressemble pas. Je ne te comprends pas. Tu devrais
314 1788 3190 1891 le connaître mieux. Ecoute, ne reste donc pas comme une statue
290 1943 3269 2046 au lieu de me répondre raisonnablement... Tu n'as pas confiance
294 2101 3230 2201 en mai, Genia?... Tu penses peut-être: on ne peut jamais savoir
282 2252 3265 2415 avec lui?... Ne prends pas ceci pour un artifice, mais je t'as-
290 2387 3059 2590 sure Genia, que je comprendrais cela très bien. C'était ton
278 2570 3222 2741 droit finalement, - que oe fut Alexis ou un autre... on ne peut
270 2717 3269 2856 pas discuter les goûts n'est-ce pas. On sait que dans ces cas-là
270 2876 3206 2983 les femmes choisissent rarement d'après les goûts de leur mari.
107 3003 3210 3222 NIA.- Pourquoi le renies-tu brusquement? Tu étais pourtant son ami.
262 3178 2805 3309 Aujourd'hui près de sa tombe tu as été réellement ému.
107 3277 2395 3460 EDERIC.- C'est Mauer qui t'a raconté cela aussi?
119 3464 3134 3623 MIA.- Par hasard, c'est Erna Wahl. Elle n'aurait pas cru que quoi
246 3627 2157 3810 que ce soit pu t'affecter à ce point-là.
91 3782 3174 3996 EDERIC.- Ah, Erna, la psychologue! Naturellement j'étais emu. J'ai
254 3969 3095 4151 eu de la peine comme rarement j'en ai eu. Et je n'aurais pas
250 4143 3166 4318 moins de peine si j'avais la certitude que tu as été - sa mai-
238 4282 3214 4473 tresse. Tu ne peux pas t'imaginer combien ces choses paraissent
238 4453 3198 4596 accessoires et sans importante quand on revient d'un cimetière.
238 4580 3214 4755 Je ne te dis pas cela pour te tranquilier, mais parce que c'est
222 4727 3071 4946 frai.- Allons donne-moi une réponse. Je n'aurai pas de repos
191 4918 3095 5069 avant. Tu peux me mentir, mais il faut que tu me répondes. Je
