3992 5272
1794 316 2045 463 -18-
2872 252 3468 499 est oublié
671 396 3584 671 que leur nom mais sion de ce qu'ils ont pu faire. Je crois que
687 603 2449 823 cela suffirait à rendre un homme fou.
423 679 3635 951 FREDERIC. - Mais que dis-tu là! Tu ne l'as pas connu. Personne de vous
675 907 3639 1115 ne l’a connu. Ambitieux, lui..? - Pour cela, il était bien trop
679 1079 3536 1282 intelligent, trop philosopho on peut dire. Le piano était en
671 1183 3683 1390 réalité pour lui une chose secondaire. Savez-vous les choses qui
683 1370 3592 1554 l'interessaient? Kant, Schopenhauer et Nietzsche. Il les con-
675 1574 3639 1734 naissait à fond de même que Marx et Prondhon. Il était extraor-
683 1698 3723 1866 dinaire. Je l'ai vu dans les conversations que j'avais avec lui...
683 1878 3647 2041 et avec cela six heures d'exercise par jour! Où prenait-il sau-
687 2017 3719 2173 lement le tems pour tout cela? -Et vingt sept ans! et il se tue.
687 2177 3635 2337 Grand Dieu, un 3tre qui avait tant de choses devant lui. Jeune,
687 2309 3564 2473 celèbre et tout à fait beau en plus - et il se guide. C'est
687 2525 3572 2665 ce que fait un vieil imbécile auquel la vie ne peut plus rien
683 2649 3695 2852 donner... Mais lui... Enfin.- Et la veille au soir on est encore
679 2757 3643 2992 ensemble devant le même repas - on joue au billard... qu'y a-t-
683 2972 2021 3176 il Genia? pourquoi ris-tu?
783 3104 3576 3296 J'ai justement raconte l'histoire à nada e Wahl. Elle s'est
455 3136 727 3364 ENIA.
683 3296 3639 3480 tout de suite informée de ce qu'etaient devenus les eigares que
683 3472 2109 3635 tu lui avais envoyés le matin.
447 3552 1966 3795 TREDERIC.- Ah!.... c'est impayable
1990 3627 3592 3807 (Il tire un paquet de eigares, en
1095 3747 1774 3951 offre à Mauer)
1794 3775 3731 3971 Tiens, puisque tu n'es pas superstitieux.
683 3963 3607 4139 J'en fumerai un aussi. Franz me les a naturelle ent rapportés.
443 4115 3128 4323 MAUER.- Merci. C'est vraiment dommage juste avant le dîner
3156 4127 3727 4387 (II le prend
447 4363 1806 4538 PREDERIC.- (lui donne du feu)
447 4526 2461 4698 PEMME DE CHAM&RE. - (vient avec les lettres)
435 4690 1994 4898 GEMIA.- (les lui prend des mains)
1998 4658 2964 4978 Une carte de Percy.
