3768 5288
1455 234 1773 429 — 76 —
283 391 3362 593 YER (avec sa carte tout à fait dépliée, parle tout bas su portier)
295 551 2780 766 STOCK Voilà justement un guide, Vonsieur le Docteur?
593 682 1114 915 Verci bien
1126 704 1493 1030 (à Penn.
1520 846 2427 1061 Permettez-moi
302 1011 628 1248 se Wahl.
678 1026 3262 1175 (arrive dans un coutume d'été élégant; il parle avec une
685 1103 3522 1313 indolence un peu affectée, parfois au contraire intentionnel-
693 1233 2841 1397 lement avec importance. Toujours avec humour)
582 1340 3488 1558 Bonsoix, Directeur, bonsoir Maître Rhon. Mes complimente pour
597 1512 2986 1681 Madame Rhon. Elle joue merveilleusement su domino.
593 1673 3499 1822 Vous avez joué au domino avec elle? Pourquoi n'avez-vous pas
582 1792 3431 1995 été jusqu'à la Tour Aigner? Vous êtes pourtant unoriste
582 1991 3499 2167 fameux. N'étiez-vous pas l'année dernière dans l'Himalaya, ou
582 2117 1080 2305 bien....
161 2286 425 2470 STAVE
586 2270 3542 2470 J'ai abandonné depuis longtemps l'alpinisme; je ne visite plus
593 2450 2829 2611 que les refuges. C'est très intéressant aussi.
582 2565 3434 2787 Et vous avez joué tout le temps au domino? Pendant que le
593 2738 3469 2921 autres grimpaient au péril de leur vie? De ma femme cela ne
582 2921 3584 3078 m'étonne pas. Les femmes n'ont aucune fantaisie. Mais vous...
597 3055 3450 3285 Nous n'avons pas joué tout le temps. J'ai d'abord essayé de
574 3239 2278 3415 lier conversation avec votre femme.
593 3377 2856 3607 Sur la philosophie bouddhique vraisemblablement.
168 3542 371 3714 STAVE.
582 3534 1018 3710 Surtout.
597 3683 2443 3913 Ma femme ne s'intéresse pas à Bouddha.
586 3790 3480 4039 Oui, j'en ai eu l'impression. Et alors j'ai préféré jouer au
180 3852 379 4078 STAVE
586 4020 3492 4200 domino avec elle. Mais en plein air s'il vous plait! Sur une
582 4162 3588 4376 merveilleuse prairie couverte de fleurs des Alpes les plus rares)
555 4330 2883 4522 Depuis quand y a-t-il un jeu de domino là haut!
180 4235 337 4529 ENER.
570 4476 3591 4667 Cela se trouve toujours. Cette fois il était dans mon rucksack.
172 4518 402 4732 TAVE
567 4617 3588 4863 Je ne quitte guère la maison pour longtemps sans emporter un jeu
570 4771 1122 5019 de domino.
