3640 5256
1467 156 1778 366 — 57 —
451 307 2358 584 vanité de ta constance, je sais bien...
432 553 2280 724 Eh bien, adors puisque tu le sais......
82 669 335 872 DERIC
451 697 2093 899 Oui, mais enfin cela est arrivé....
432 844 1043 1039 Quoi, quoi?
86 988 342 1183 DERIC
463 1016 3323 1175 Qu'il a dû se suicider.... c'est cela qui est terrible.... je
436 1156 1627 1354 ne peux pas sortir de là.
444 1304 1280 1521 Quoi.... quoi...
1280 1315 2992 1576 (elle prend sa teté dans ses mains).
451 1494 3413 1712 Pense un peu - on ne peut rien changer à ce fait terrible : que
93 1529 335 1732 DERIC
432 1665 3455 1825 le pauvre Korsakow est maintenant sous terre et y pourrit.... et
455 1852 3494 2000 que la cause en est toi!... Naturellement... innocente - dans les
432 2027 3514 2191 deux sens –. Un autre que moi se mettrait peut-être à tes genoux
436 2136 3471 2327 et te vénérerait - comme une sainte- précisément pour ton attitu¬
436 2335 3518 2529 dei.. Je ne suis,pas ainsi.... tu m'es devenue justement par là,
447 2471 1272 2689 presque étrangère
451 2607 2343 2829 Frédéricl!... étrangère.... Fréd éric! —
444 2771 3467 2953 Oui, s'il t'avait été anticipathique - ce serait alors la chose la
82 2736 339 3016 DERIC
432 2918 3560 3152 plus naturelle du monde. Mais non, je sais bien qu'il te plaisait
444 3117 3448 3288 beaucoup.... on peut même dire que tu en étais un pau amoureuse.
451 3249 3339 3448 Ou bien encore - si j'avais.... bien mérité de toi.... si tu
451 3358 3249 3623 avais été vis à vis de moi obligée à ce que l'on appelle la
455 3564 3510 3755 fidélité.... Mais je n'y avais réellement aucun droit.... enfin...
436 3751 3494 3930 ne parlons pas de cela.- Alors je me demande toujours et encore
444 3891 1747 4113 pourquoi a-t-il du mourir?
447 4031 899 4234 Frédéric!
444 4183 3506 4366 Et comprends-tu, cette pensée.... que ta vertu, ce quelque chose
82 4171 342 4436 DERIC
444 4296 3479 4475 qui en réalité n'est rien qu'une idée, un fantôme, un néant - au
436 4448 3350 4720 moins wie à vis d'une chose aussi terrible, ausci irréparable
401 4638 3529 4864 que la mort - que VA VERTU, ait poussé un homme dans la mort, cette
432 4778 3463 5031 idée m'est réellement très anticipathique. Oui... Je ne peux pas
