4008 5256
1813 139 2144 299 — 130 -
2517 224 2776 419 que
391 270 978 498 Mme MEINHOUD.
1045 263 3669 544 Ne me remerciez pas. J'ai le choix entre vous
1045 480 3630 658 en vouloir beaucoup - ou être très bonne pour vous. Et
1063 633 3701 814 quand je suis sortie de chez moi, la question n'était pas
1045 811 3495 1063 encore tranchée. Parce que tous ces derniers temps
1038 971 3839 1177 maintenant qu'il est parti, je puis bien vous le dire, Genig¬
1038 1091 2851 1358 j'ai eu quelquefois réellement peur...
1038 1305 1504 1443 Peur....?
384 1262 675 1461 GENIA.
387 1443 971 1682 Mme MEINHOUD
1049 1365 3633 1614 Je connais mon fils... Je me suis rendu compte combien
1042 1582 3647 1806 il avait souffert ces derniers temps? Il n'est pas du
1063 1724 3619 1955 tout fait... pour vitre dans de fausses situation...
1038 1870 3790 2069 J'avais peur pour lui... Voua aviez pris tant d'importance
1031 2037 3825 2286 pour lui Cenia! Plus que sa profession, que son avenir, que
1038 2208 3765 2385 moi, que sa vie. Si voue saviez ce que j'ai craint. Et je
1045 2368 3708 2556 me suis tue. Je devais me taire. Et il fallait pourtant
1038 2535 3775 2737 bien comprendre. Je l'ai vu venir du premier jour où Otto
1049 2666 3736 2844 est entré dans votre maison. Valgré toute mon irritation,
1038 2801 3633 2983 mon angoisse, ma jalousie, je dois le comprendre. Vous
1038 2968 3775 3164 étiez si seule, Genia, et si blessée... depuis des années!
1038 3168 3669 3370 Finaleaent un plus mauvais qu'Otto aurait pu venir - je
1049 3278 3669 3463 n'aurais pas pu vous en vouloir. Et maintenant-qu'il est
1049 3463 3701 3651 parti, toute ma colère et ma jalousie sont parties, et je
1038 3612 3669 3822 me suis demandée : comment supporte-t-elle cela? Elle -
1056 3758 1802 3946 qui l'a aimé!
1049 3815 3804 4124 Mme Weinhold, je ne suis vraiment pas digne de tant d'inté-
373 3900 693 4177 Grès-Londres.
1031 4078 3875 4291 rêt.- Je vais essayer de l'oublier. Et j'y arriverai? C'est
1045 4220 3711 4412 certain. - aussi certain qu'il n'oubligt sussi. J'ai la
1031 4348 3886 4611 ferme volonté de l'oublier. Vous me regardez, Mme Meinhold
1049 4543 3804 4739 Vous ne me croyez pas? Vous ne devez avoir aucune crainte.
1024 4721 3850 4981 Il n'a rien été convenu entre nous. Je vous le jure... Nous
