4072 5304
1851 235 2121 421 -35 —
812 304 1882 588 Un malheur - Oui....!
372 353 664 592 AICNER
812 516 2136 709 Comment l'a-t-elle appris?
368 558 747 747 FREDERIC
812 675 3813 907 ..... Comment? Dela manière la plus simple du monde..... Je le
360 706 698 956 AIGNER
804 888 1696 1032 lui ai avoué......
804 956 2451 1237 Comment -? Vous lui avez dit -?
368 960 766 1195 FREDERIC
812 1172 3505 1389 Oui, j'étais coupable envers elle - précisément parce que
364 1199 679 1430 AIGNER
793 1316 3699 1578 je l'adorais. Envers elle et envers moi. Je me serais trouvé
808 1461 3578 1730 tout à fait lâche si je le lui avais caché. On ne doit pas
793 1673 3509 1836 faire les choses si légèrement. Vous ne trouvez pas....?
812 1787 3513 1984 C'était une noble pensée - à moins qu'il n'y ait eu là une
338 1772 736 1977 FREDERIC
793 1977 3593 2136 sorte d'affectation, ou do raffinement... ou de commodité....
797 2094 3642 2345 Ou toutes les choses ensemble, ce qui serait encore possible.
338 2064 641 2291 AIGNER
793 2238 1578 2447 Carvle âme -e te,...
341 2439 725 2603 FREDERIC
797 2447 3722 2614 Et malgré cette belle sincérité et malgrée tout son amour, votre
778 2614 2474 2800 femme n'a pas pu se décider à vous
326 2750 630 2933 AIGNER
770 2720 3638 2974 Je vous en prie ne dites pas le mot "pardonner". Les mots de
785 2959 3722 3103 cette sorte ne conviennent pas ici. Il n'y a pas eu non plus de
785 3065 3676 3259 scène entre nous, ou autre chose semblable. C'était seulement
766 3251 3790 3384 fini entre nous, mon bon Hofreiter, fini, irrévocablement fini...
763 3407 3805 3631 Aussitôt.... nous avons senti tous les deux que cela devait être
770 3543 1282 3744 fini....
311 3676 687 3866 FREDERIO
763 3695 2492 3885 Cela devait être fini, croyez-vous?
311 3847 637 4018 AIGNER
766 3873 3695 4048 Oui, Enfin laissons les vivants en paix. Les morts font cela
755 4048 1514 4196 mieux que nous.
304 4128 690 4351 Mme WAHIL
717 4169 1525 4359 (vient d'en haut)
1593 4173 2398 4488 Ah, il est là - 1
288 4344 706 4594 FREDERIC
736 4427 1969 4583 Mes hommages Madame Whal.
288 4564 687 4731 Mme WAhl.
755 4499 3680 4788 Je ne vous adresse plus la parole à vous Frédéric. Et si vous
747 4697 3741 4939 aviez fait une chute? Comment étes-vous li? Comment osez-vous
747 4898 3574 5106 encore paraitre devant nos yeux. J'en ai fini aussi avec le
