4200 5288
1104 471 3707 702 une légère pause pendant laquelle elle regarde le ciel).
3711 572 3922 784 Vous
857 666 2424 885 pouvez aussi relever la marquise.
637 889 3898 1112 LA FEME DE CHABRE. (pendant qu'elle enlève le service à tue et relè
1100 1007 1811 1125 ve la marquise)
1843 1076 3963 1246 Dois-je apporter un vête ent à madame? Il fait
832 1129 1636 1372 fait plus frais.
654 1356 2107 1563 CENIA.- Oui. Non manteau blanc.
2091 1405 3804 1652 Elle respire une rose et continue sa
1076 1555 3240 1701 promenade le long de la véranda vers le fond).
613 1697 3764 1851 LA FEME DE CHABRE.- (a relevé comlètement la mareuise et enlevé
1072 1770 3134 1973 les tasses; elle s'éloigne avec le plateau).
621 1912 3841 2091 lle WaHl et ERA. (viennent du fond par la rue, le long de la clôture
1060 1989 1770 2168 vers l'entrée).
601 2136 3808 2363 GENIA. (continue sa pro enade le long de la pelouse dans la direction
1047 2249 1685 2375 de l'entrée).
593 2399 3861 2578 WABL etorena (saluent déjà du dehors par une inclinaison de tête).
593 2546 824 2688 CENIS
861 2550 3825 2749 (fait légère ont signe de la main, hâte un peu le pas et arrive
1047 2643 2700 2789 en même te pe qu'elles à la porte).
593 2773 3764 2972 une raht i EHN (toutes deux en costume tailleur sombre s(arrêtent),
581 2923 3755 3090 Mme MAHL (svelte, remuante, 45 ans environ, distinction voulue. Elle
1039 3037 3808 3191 nasille un peu et ne parle pas une langue très ristocrati-
1047 3122 3764 3244 que. Regard et parole tantôt trop las, tantô trop animés.
1039 3187 3768 3333 Pendant qu'elle parle, elle regarde le plus souvent à côté
1039 3272 3617 3406 de son interlocuteur, et seule ent quand elle a fini de
1039 3354 3711 3488 parler, elle le regarde en face, d'une regard amicalement
1027 3439 3889 3581 interrogateur, comme pour s'assurer de l'impression produite)
568 3569 3654 3735 ERNA. (plus grande qua sa mère, svelte, décidée sans jamais aucune
1023 3658 3780 3796 hésitation, mais sans impertinance. Mard ferme et droit.)
552 3755 3731 3991 GENIA (leur tend amicalement la main) Vous avez fait un bon voyage?
536 3942 3715 4153 Mme WaHL.- Comme vous voyez, chère madame Genia. Il a fait un orage
759 4088 1190 4259 affreux.
536 4218 2943 4401 GENIA. - Par ici, l'orage est fini depuis une heure.
540 4413 3792 4628 Mne? AH. - Vous avez eu bien raison de rester chez vous. Au cimetière
759 4559 3816 4738 nous étions complète ent embourbes. Il n'y suis allée seulement pour
743 4681 3658 4929 faire plaisir à Erna. Il aurait bien suffisant à mon avis
1295 4831 1819 4929 in service.
1916 4823 3021 4957 A quoi bon, ce wiage.
735 4852 3723 5071 d'assister à la seremonie à l'église! Je vous demande un peu à
