4088 5288
1918 219 2255 431 90 —
341 276 602 571 ERNA
889 265 2142 617 Vous croyez qu'il l'a vu?
333 549 772 704 FREDERIC
859 541 1540 726 Proöablement.
341 681 598 912 ERNA
863 704 3761 904 Et vous croyez que s'il ne s'était rien passé sur la präirie,
863 859 3875 1056 il ne serait pas parti? Vous êtes dans lerreur. Nous n'aurions
859 999 3825 1271 pas pu nous regarder en face nous deux, et il l'aurait remarqué
859 1162 2524 1377 comme les autres le remarquent......
329 1218 776 1506 FRÉDERIC
870 1355 2471 1559 Que peuvent remarquer les autres?
341 1472 579 1635 ERNA
848 1483 2024 1691 Ce qu'il y a entre nous.
348 1627 749 1828 FREDERIC
863 1650 3118 1816 Mais Erna, comment voulez-vous que les gens....
329 1763 579 1960 ERNA
855 1797 3417 2055 Nous avons probablement une auréole autour de la tête.
322 1922 1052 2145 FREDERIC (rit)
322 2073 602 2323 ERNA
840 2108 3602 2308 Oui, il doit y avoir quelque chose commeça. Je l'ai déjà
844 2301 3761 2471 souvent pensé. Sinon, comment les gens sauraient-ils aussitôt
829 2414 1445 2622 ce que....
303 2528 730 2739 FREDERIC
825 2596 2055 2773 J'aurais dû partir, Erna.
306 2709 571 2898 ERNA
787 2705 2406 2929 C'est ce que vous aurez dû faire!
291 2857 711 3072 FREDERIC
829 2868 2490 3084 Il ne faut pas être coquette, Erna.
299 3042 575 3201 ERNA
821 3035 1956 3239 Je ne crois pas l'être.
291 3193 723 3364 FREDERIC
821 3163 1820 3349 Alors qu'êtes-vous?
306 3337 556 3534 ERNA
798 3318 1956 3526 Je suis ce que je suis.
299 3485 738 3719 FREDERIC
810 3489 3856 3685 C'est un avantage que vous avez sur moi. Je ne suis plus du tout
806 3636 3685 3844 ce que j'étais. Je suis fou depuis notre baiser d'hier, fou.
806 3806 3814 4090 Venez plus près de moi, Erna (Il lui prend la main) Assezez-vous
795 3950 1559 4132 en face de moi.
295 4071 503 4313 ERNA
814 4090 2210 4283 Voue devenez grossier......!
291 4261 681 4506 FREDERIC
795 4257 2785 4544 Esnag je n'ai pas fermé l'oeil dette nuit.
272 4408 537 4628 ERNA
779 4469 3579 4605 Cela me fait de la peine. Moi j'ai merveilleusement dormi.
280 4601 666 4790 FREDERIC
779 4601 3784 4798 D'ailleurs il en est souvent ainsi pour moi dans cette atmosphère
783 4760 1907 4953 accablante des chalets.
