3608 5256
1400 259 1643 494 -26-
314 474 3172 729 ce qu'il y a dedans. C'est peut-être en russe? Quelle petite
318 690 1694 933 éoriture. On y perd ses yeux.
137 867 706 1035 NIA.- Lis.
125 1004 3192 1231 "EDERIO.- (sur la véranda. Allume les lampes, se place auprès, met
725 1133 2282 1286 ses lorgnons et commence à lire.)
125 1239 3168 1486 NIA.- (le suit lentement et s'arrête sur les marches inférieures)
122 1423 2008 1631 WEDERIC.- (lisant) "Soyez heureuse Genia"
2016 1463 3298 1647 (continue de lire des yeux.
706 1568 1843 1788 Puis la regarde étonné).
1843 1631 3290 1843 Quoi? Tu ne savais pas qu'il...
314 1761 1780 1980 Quand as-tu reçu cette lettre?
125 1921 3278 2168 MIA.- Une heure avant que tu m'aies apporte la nouvelle qu'il était
290 2110 569 2290 mort.
125 2274 3204 2419 lERIC.- Donc tu le savais déjà quand je suis revenu à la maison?
290 2435 3196 2623 Ce qu'on est... eh bien, au risque de passer pour un imbécile,
286 2592 3235 2796 je dois dire que je n'ai rien remarqué chez toi, pas le moindre
290 2733 796 2898 trouble...
808 2823 3259 3015 (Il continue de lire des yeux; puis il regarde comme
706 2866 2153 3051 étonné, puis il lit à mi-voix).
2243 2984 3161 3110 vous avez peut-être
361 3153 3200 3329 raison de vous refuser à mon désir teméraire. Nous deux n'é-
365 3270 3282 3443 tions pas créés pour le mensonge... Mei peut-être; vous non...
306 3447 3168 3615 "Malgré tout... "o— Malgre tout… Tu lui as donc raconté mes
282 3600 643 3788 torts?
110 3764 1443 3909 NIA.- (regard interrogateur)
110 3894 3086 4094 KDRIC.- (lisant) "C'est Lui"- aveo un grand L, très flatteur -
353 4023 3321 4239 que vous ne voulez pas abandonner, malgré tout, je le comprends
325 4180 3262 4368 à cette heure. Vous l'aimez, Génia, voua l'ainez encore votre
271 4321 3070 4564 " mari, o'est là le mot de l'énigne. Et peut-être ce que je
318 4533 3117 4749 désigne par le mot insensé de...”.. Je ne peux absolument
247 4674 843 4882 plus lire...
98 4827 2063 5035 NIA.- "Par le mot insensé de fidelité"....
