4136 5288
1945 206 2301 465 — 101 -
607 364 3668 700 GENIA.- Ne serait-se pas le plus sage? Nous ne nous verrons plus
886 594 1250 797 jamais.
603 740 2503 1011 OTTO - Cenia! Dans deux ans je serai là.
586 918 1719 1112 GENIAG- Dans deux ans!
574 1019 3672 1278 MOTTO.- Si tu as confiance en moi, Genia. Je puis être là plus tot
865 1237 3882 1448 aussi. Benucoup plus tôt. Il y a d'autres possibilités pour moi.
861 1403 3029 1605 Tu le sais... Je ne devrais pas partir, Genis.
570 1500 3486 1759 GENIA.- Tu le dois. Il le faut, plutôt, c'est un commandement.
574 1694 2560 1921 OTTO.- Comment pourrai-je vivre sans toi!
578 1876 3700 2091 GENIA.- Tu le pourras. C'était beau mais c'est maintenant du passé.
825 2062 3643 2244 Sois heureux dans ton voyage, Otto, et heureur dans ta vie.
1917 2196 2366 2333 (silence)
546 2305 2507 2572 OTTO.- Que feras-tu quand je serai parti?
554 2531 3704 2669 GENIA.- Je ne sais pas. Aujourd'hui je ne le sais pas. Que savions-
829 2677 3858 2835 nous de maintenant il y a quelques semaines, même quelaues jours
825 2835 3522 2976 ...On glisse. On glisse toujours plus loin, qui sait où.
534 3005 3704 3118 OTTO.- Comment peux-tu dire... Oh, je te comprende! Tu parles ainsi
813 3089 3765 3308 pour me rendre notre séparation plus légère. Genia... souviens-
837 3288 1464 3482 toi, Genia...
526 3316 3223 3664 GENIA.- Je me souviens. Oh, oui je me souviens (Amèrement
3251 3506 3769 3704 Mais 1'ou¬
797 3635 2240 3829 bli ne commence pas autrement.
526 3801 2916 3987 OTTO.- Tu as donc plaisir à me faire de la peine?
526 3967 3777 4173 GENIA. - Pourquoi me crois-tu meilleure que je ne suis? Je no suis pas
728 4121 3821 4323 meilleure que d'autres. Tu ne remarques pas? Je mente, je dissi¬
784 4286 3846 4505 mult. Je joue la comédie devant tout le monde, - devant M. Natter
801 4509 3696 4622 et devant Mus Wahl... devant ta mere aussi bien que devant ma
784 4586 3846 4772 femme de chambre. Je joue à l'honnée femme - et la nuit je laisse
801 4747 3805 5002 ma fenêtre ouverte pour mon amant. J'éoris à mon fils qu'il peut
