3688 5272
1399 157 1721 306 — 41 —
818 310 3475 492 (Ile se dirigent vers la maison, Mme Wahl avec Stanzides,
480 399 2072 576 Genia, et Otto, Paul, Erna, Mauer
830 488 2911 661 (Frédéric et Adèle restent seuls en arrière)
1451 645 2233 818 FREDERIC, ADELE
93 786 2640 1036 FREDERIC (A Adèle, comme elle va entrer dans la maison)
2612 818 3479 1048 Je n'ai malheureu-
488 1008 3322 1209 sement pas encore eu l'occasion aujourd'hui de m'informer de
492 1169 2673 1375 votre précieuse santé. Comment aller-vous
496 1322 1826 1544 On ne peut mieux. Et vous?
85 1306 347 1532 E. E.
117 1455 3362 1721 FREDERIC Pae mal. Beaucoup de travail. Nous construisons de nouveau.
488 1677 3350 1830 L'année prochaine nous aurons 600 ouvriers. Et en automne je
496 1790 1318 2008 pare en Amérique.
492 1975 677 2169 Ah.
97 1947 343 2173 CADERE
105 2068 2447 2334 FREDERIC Cela ne semble pas t'intéresser beaucoup.
504 2237 3382 2435 Mon mari me l'a déjà raconté. Ecoute, je veux te proposer de
89 2314 355 2536 en deroi
504 2435 3447 2608 nous dire définitivement "vous”. Ce qui est fini es't fini. Je
504 2576 2024 2761 suis pour les situation nettes.
93 2705 3233 2951 FREDERIC Je ne savais pas que le "vous" avait un sens aussi précis.
508 2882 3463 3096 Je t'en prie I pas de plaisanterie.... soyons heureux de ce que
89 2947 359 3128 E.E.
508 3036 3281 3225 tout soit fini. Le temps des folies de jeunesse est passé.
508 3181 3314 3394 Pour nous deux je pense. Mes enfants poussent et votre fils
508 3366 830 3548 aussi.
125 3503 1363 3733 SREDERIC On n'y peut rien.
500 3632 3507 3830 Et si vous voulez me permettre de vous donner un bon conseil...
109 3697 359 3862 E. E. A.
125 3826 992 4043 FREDERIC J’écoute.
105 4031 375 4269 DÉLE
480 3971 1326 4192 (changeant de ton)
1346 3939 3261 4281 Eh bien, sérieusement,- je trouve que tu
460 4253 3556 4450 flirtes avec cette petite Wahl de façon scandaleuse. Pour l'amour
439 4378 3350 4612 De Dieu, ne crois pas que ce soit de la jalousie! Je ne pense
480 4580 3439 4793 vraiment plus à toi.... Mais beaucoup plus à ta femme...
133 4704 919 4962 FREDERIC (Joyeux)
992 4769 1274 5007 Ah 11
