4168 5320
2217 225 2523 387 - 62 -
514 285 1457 569 OSENSTOCK (sourpant)
1427 382 3891 641 La tour Aigner?!.... La Tour Aignar est l'excursion
1024 573 3882 824 la plus difficile de toute la contrée. On la fait rarement.
1036 765 4044 951 Seulement les alpinistes les plus entrainés, et qui ne craignent
1045 909 3780 1066 pas le vertige. Personne n'y est encore allé cette année.
1032 1070 3177 1223 Pardon, je ne voulais pas dire la Tour Aigner
501 947 709 1240 EYER
3160 1147 3840 1355 (Il regarde la
3241 1274 3534 1402 carte)
3504 1329 3988 1487 Je voulais
1024 1448 3020 1657 dire Rotwand.- Ce n'est pas si mauvais?
510 1461 922 1805 JOSENSTOCK
1028 1627 3266 1805 certainement non. Un enfant pourrait y monter.
1032 1724 2532 1962 Il n'y est jamais rien arrivé?
527 1890 913 2069 SENST0CK
1028 1924 3691 2141 Si, il y a aussi des gens qui sont tombés quelquefois du
990 2039 1431 2238 Rotwand.
522 2187 718 2396 YER
1019 2217 1559 2387 Comment?!
514 2362 896 2544 SENSTOCK
1015 2366 3721 2536 C'est toujours comme ça dans la montagne. Il y a partout
1007 2519 1988 2731 des amateurs..............
510 2646 684 2876 YER
998 2710 3334 2863 Hum. Eh bien, je vous remercie beaucoup portier.
527 2850 896 3067 ENSTOCK
1007 2871 2013 3058 Tout à votre service.
1151 3041 3823 3169 ( Le Docteur Meyer s'éloigne, s'adsied dans un coin à une
1253 3135 3288 3254 table, étudie sa carte, puis il s'éloigne).
497 3232 3657 3504 JEUNES TOURISTES (Rucksack, Havelock, canne ferrée, viennent du
1691 3373 2056 3547 dehors
484 3470 1809 3708 EMIER TOURISTE (très assuré)
1831 3547 2994 3746 Bonjour, bonsoir plutôt,
476 3674 1860 3869 SENSTOCK Bonjour Messieurs.
1933 3802 2217 3950 -vous
488 3861 3903 4150 EMIER TOURISTE Dites-moi, avez une chambre à deux lits, ou deux chambres
1206 3997 1763 4197 à un lit?
480 4150 900 4358 SENSTOCK
1219 4133 2854 4375 Si Monsieur veut me dire son nom?
471 4337 3878 4498 EMIER TOURISTE Ah - il faut se présenter ici? Bogenheimer, Etudiant en
1211 4481 3976 4664 droit à Halle. Natif de Merseburg, religion protestante...
471 4630 2706 4855 SENSTOCK (très poli mais avec un léger sourire)
2718 4787 3942 4982 e voulais seulement deman¬
