3752 5272
1663 206 1965 393 —.65 —
1999 240 2453 423 „ „
526 370 3483 496 Kreindl vous trouverez ici de nombreuses connaissances, M. Von
534 530 3571 671 Hofreiter est là, Mme von Wahl, monsieur son fils et mademoiselle
542 698 3445 824 sa fille, M. le Dr Mauer, le poète Rhon, qui se repose ici sur
526 828 1209 1007 ses lauriers.
99 969 2712 1206 j0 (après chaque nom) je sais.... je ais...... je suis
2712 1087 3376 1305 (Après le nom
534 1141 923 1312 de Rhon
935 1251 1839 1473 Ah, lui aussi....
1850 1320 2300 1476 (au groom)
2308 1400 3372 1614 Portez mes affaires en
511 1476 744 1675 haut
771 1606 2663 1797 (Comme le groom veut prendre sa raquette).
2667 1709 3586 1892 Ah non, je la garde
526 1843 3262 1984 à la main. Ecoutez, mon bon Rosenstock, ne dites pas à M.
515 2011 3369 2236 Hofreiter que je suis arrivé. A personne non plus. Je veux
526 2163 1686 2354 leur faire une surprise.
107 2308 469 2487 SENSTOCK
526 2335 2651 2491 M. Hofreiter est depuis hier dans une partie.
534 2472 1827 2640 Quelque chose d'important?
107 2629 450 2789 ENST0CK
523 2648 3308 2838 Oh, non, M. Hofreiter a renoncé aux grandes ascensions - je
515 2789 3411 3021 crois - depuis le malheur qui est arrivé il y a sept ans à la
534 2957 3468 3159 Your Aigner. Ces messieurs sont alès  Hofbrandhütte. Il y a
515 3121 3296 3277 aussi des dames. Mme Rhon et Mademoiselle Von Whal. Voilà
542 3289 2335 3460 justement la mère de cette demoiselle.
134 3399 3189 3655 ueli (descend les eacaliers dans une tailette d'été un peu jeune).
99 3575 1049 3796 1L (allant vers elle)
1072 3632 2091 3826 Mes hommages, Madame.
504 3830 1717 3987 Ah, bonjour mon cher Paul
137 3807 366 3979 WAhl.
1751 3880 2381 4116 (à Rosenstock)
2407 3952 3437 4155 Ils ne sont pas encore
511 4128 1106 4288 de retour?
99 4265 1400 4475 ENSTOCK Pas encore Madame.
103 4433 771 4601 WAHL (à Paul)
778 4544 3495 4662 Je suis ou désespoir.... enfin pas précisément au déses¬
500 4670 3308 4853 poir..... Mais très sérieusement préoccupée....... Erna est
515 4830 3517 5055 depuis hier dans une partie. Elle aurait dû être de retour pour
