<?xml version="1.0" encoding="UTF-8" standalone="yes"?>
<PcGts xmlns="http://schema.primaresearch.org/PAGE/gts/pagecontent/2013-07-15" xmlns:xsi="http://www.w3.org/2001/XMLSchema-instance" xsi:schemaLocation="http://schema.primaresearch.org/PAGE/gts/pagecontent/2013-07-15 http://schema.primaresearch.org/PAGE/gts/pagecontent/2013-07-15/pagecontent.xsd">
    <Metadata>
        <Creator>prov=READ-COOP:name=TrHtr:version=2.1.0:model_id=51170:date=15_08_2023_06:52</Creator>
        <Created>2023-05-10T15:30:33.551+02:00</Created>
        <LastChange>2023-08-15T06:52:33.470+02:00</LastChange>
        <TranskribusMetadata docId="1428916" pageId="55434295" pageNr="18" tsid="132841182" status="IN_PROGRESS" userId="64420" imgUrl="https://files.transkribus.eu/Get?id=HNSGUCCUWKGWCLRHSYGQVNWU&amp;fileType=view" xmlUrl="https://files.transkribus.eu/Get?id=ZIDATGTZIMFABNWBIQHKWRSZ" imageId="44708285"/>
    </Metadata>
    <Page imageFilename="1428916_0018.jpg" imageWidth="3640" imageHeight="5224">
        <ReadingOrder>
            <OrderedGroup id="ro_1711801700341" caption="Regions reading order">
                <RegionRefIndexed index="0" regionRef="tr_2"/>
                <RegionRefIndexed index="1" regionRef="tr_3"/>
                <RegionRefIndexed index="2" regionRef="tr_1"/>
            </OrderedGroup>
        </ReadingOrder>
        <TextRegion id="tr_2" custom="readingOrder {index:0;}">
            <Coords points="149,361 3283,361 3283,1586 149,1586"/>
            <TextLine id="tr_2_tl_1" custom="readingOrder {index:0;}">
                <Coords points="1439,502 1503,490 1547,510 1583,494 1626,510 1674,502 1666,231 1634,235 1602,259 1559,247 1507,279 1499,271 1467,283 1431,271"/>
                <Baseline points="1456,411 1546,417 1635,417 1677,417"/>
                <TextEquiv>
                    <Unicode>-17-</Unicode>
                </TextEquiv>
            </TextLine>
            <TextLine id="tr_2_tl_2" custom="readingOrder {index:1;}">
                <Coords points="2487,474 2647,494 2874,431 2890,454 3081,438 3089,299 2998,255 2786,367 2739,331 2591,339 2559,307 2503,303"/>
                <Baseline points="2513,459 2555,459 2644,447 2734,441 2823,429 2913,423 3003,423 3092,411"/>
                <TextEquiv>
                    <Unicode>est oublie.</Unicode>
                </TextEquiv>
            </TextLine>
            <TextLine id="tr_2_tl_3" custom="readingOrder {index:2;}">
                <Coords points="331,686 3189,674 3157,566 1009,606 805,482 331,522"/>
                <Baseline points="352,650 423,650 513,656 602,650 692,650 782,650 871,650 961,650 1050,650 1140,650 1229,650 1319,650 1408,650 1498,650 1588,650 1677,650 1767,650 1856,650 1946,650 2035,644 2125,644 2214,644 2304,644 2394,638 2483,644 2573,644 2662,644 2752,644 2841,644 2931,644 3020,644 3110,638 3200,644"/>
                <TextEquiv>
                    <Unicode>chambre d'amis parce que le pauvre Korsakow y a passé la nuit</Unicode>
                </TextEquiv>
            </TextLine>
            <TextLine id="tr_2_tl_4" custom="readingOrder {index:3;}">
                <Coords points="319,809 825,913 3233,917 3169,694 319,694"/>
                <Baseline points="340,805 376,805 465,811 555,811 644,805 734,805 823,805 913,805 1003,805 1092,805 1182,805 1271,805 1361,805 1450,805 1540,805 1629,805 1719,805 1808,805 1898,805 1988,800 2077,800 2167,800 2256,800 2346,800 2435,800 2525,800 2614,800 2704,800 2794,800 2883,800 2973,800 3062,800 3152,800 3241,800"/>
                <TextEquiv>
                    <Unicode>il y a huit jours. Mais je ne crois pas que les morts aient la</Unicode>
                </TextEquiv>
            </TextLine>
            <TextLine id="tr_2_tl_5" custom="readingOrder {index:4;}">
                <Coords points="319,985 881,977 1052,1056 1822,1016 2169,1080 2169,921 2097,885 821,917 323,813"/>
                <Baseline points="340,967 382,967 471,961 561,961 650,961 740,961 829,961 919,955 1008,955 1098,955 1188,955 1277,955 1367,955 1456,955 1546,961 1635,961 1725,961 1814,955 1904,961 1994,961 2083,955 2173,955"/>
                <TextEquiv>
                    <Unicode>permission de revenir la première nuit.</Unicode>
                </TextEquiv>
            </TextLine>
            <TextLine id="tr_2_tl_6" custom="readingOrder {index:5;}">
                <Coords points="132,1204 634,1116 2041,1132 2073,1032 132,1048"/>
                <Baseline points="155,1110 202,1110 292,1116 382,1110 471,1116 561,1110 650,1110 740,1110 829,1110 919,1110 1008,1110 1098,1110 1188,1104 1277,1104 1367,1110 1456,1110 1546,1110 1635,1110 1725,1104 1814,1104 1904,1104 1994,1110 2083,1104"/>
                <TextEquiv>
                    <Unicode>AUER. - Peut-on t'entendre parler ainsi...!</Unicode>
                </TextEquiv>
            </TextLine>
            <TextLine id="tr_2_tl_7" custom="readingOrder {index:6;}">
                <Coords points="124,1355 574,1268 2942,1351 3209,1327 3213,1184 128,1176"/>
                <Baseline points="149,1271 179,1271 268,1265 358,1265 447,1265 537,1265 626,1271 716,1265 805,1265 895,1265 985,1265 1074,1265 1164,1265 1253,1259 1343,1265 1432,1259 1522,1259 1611,1259 1701,1259 1791,1265 1880,1265 1970,1265 2059,1259 2149,1259 2238,1259 2328,1259 2417,1253 2507,1259 2597,1253 2686,1259 2776,1259 2865,1259 2955,1253 3044,1253 3134,1253 3223,1253"/>
                <TextEquiv>
                    <Unicode>REDERIC.- (soudain grave) Mes enfants, mais c'est simplement horri-</Unicode>
                </TextEquiv>
            </TextLine>
            <TextLine id="tr_2_tl_8" custom="readingOrder {index:7;}">
                <Coords points="311,1443 3277,1499 3277,1331 3173,1323 311,1335"/>
                <Baseline points="334,1420 417,1420 507,1426 597,1420 686,1426 776,1420 865,1420 955,1420 1044,1420 1134,1414 1223,1414 1313,1414 1403,1414 1492,1420 1582,1414 1671,1414 1761,1414 1850,1414 1940,1414 2029,1414 2119,1414 2209,1408 2298,1414 2388,1408 2477,1414 2567,1414 2656,1408 2746,1408 2835,1408 2925,1408 3014,1408 3104,1414 3194,1408 3283,1408"/>
                <TextEquiv>
                    <Unicode>ble! Il y a huit jours, il a dormi là et la veille au soir il a</Unicode>
                </TextEquiv>
            </TextLine>
            <TextLine id="tr_2_tl_9" custom="readingOrder {index:8;}">
                <Coords points="319,1602 3189,1642 3189,1491 2918,1475 319,1515"/>
                <Baseline points="340,1570 423,1576 513,1576 602,1576 692,1576 782,1576 871,1570 961,1570 1050,1570 1140,1570 1229,1570 1319,1564 1408,1570 1498,1570 1588,1570 1677,1570 1767,1570 1856,1570 1946,1564 2035,1564 2125,1564 2214,1564 2304,1564 2394,1564 2483,1564 2573,1564 2662,1558 2752,1564 2841,1564 2931,1570 3020,1564 3110,1564 3200,1564"/>
                <TextEquiv>
                    <Unicode>encore joué du piano - le nocturne en si-bémol de Chppin - et</Unicode>
                </TextEquiv>
            </TextLine>
        </TextRegion>
        <TextRegion id="tr_3" custom="readingOrder {index:1;}">
            <Coords points="143,1663 3277,1663 3277,2989 143,2989"/>
            <TextLine id="tr_3_tl_1" custom="readingOrder {index:0;}">
                <Coords points="311,1734 3213,1818 3257,1654 706,1690 311,1606"/>
                <Baseline points="334,1731 400,1731 489,1731 579,1731 668,1725 758,1725 847,1725 937,1725 1026,1725 1116,1725 1205,1725 1295,1725 1385,1725 1474,1725 1564,1719 1653,1719 1743,1725 1832,1725 1922,1725 2011,1725 2101,1725 2191,1719 2280,1719 2370,1725 2459,1719 2549,1719 2638,1719 2728,1719 2817,1719 2907,1725 2997,1725 3086,1719 3176,1719 3265,1713"/>
                <TextEquiv>
                    <Unicode>quelque chose de Schumann-, et nous étions assie là sur la vé-</Unicode>
                </TextEquiv>
            </TextLine>
            <TextLine id="tr_3_tl_2" custom="readingOrder {index:1;}">
                <Coords points="311,1909 2340,1885 2519,1973 3221,1973 3221,1818 3109,1794 311,1762"/>
                <Baseline points="334,1886 364,1886 453,1886 543,1886 632,1880 722,1880 811,1880 901,1880 991,1880 1080,1880 1170,1880 1259,1880 1349,1880 1438,1880 1528,1880 1617,1874 1707,1874 1797,1874 1886,1880 1976,1874 2065,1874 2155,1874 2244,1874 2334,1874 2423,1874 2513,1874 2603,1874 2692,1868 2782,1874 2871,1874 2961,1874 3050,1874 3140,1868 3229,1868"/>
                <TextEquiv>
                    <Unicode>randa. Otto était là aussi et le couple Natter. Lequel de nous</Unicode>
                </TextEquiv>
            </TextLine>
            <TextLine id="tr_3_tl_3" custom="readingOrder {index:2;}">
                <Coords points="319,2065 2471,2041 2623,2133 3173,2137 3173,1961 3053,1941 654,1997 319,1913"/>
                <Baseline points="340,2041 405,2041 495,2041 585,2041 674,2035 764,2035 853,2035 943,2035 1032,2035 1122,2035 1211,2035 1301,2035 1391,2035 1480,2035 1570,2035 1659,2029 1749,2035 1838,2029 1928,2029 2017,2029 2107,2029 2197,2029 2286,2029 2376,2029 2465,2029 2555,2029 2644,2029 2734,2029 2823,2029 2913,2029 3003,2029 3092,2029 3182,2023"/>
                <TextEquiv>
                    <Unicode>aurait pu penser! - Si on savait seulement pourquoi il a fait</Unicode>
                </TextEquiv>
            </TextLine>
            <TextLine id="tr_3_tl_4" custom="readingOrder {index:3;}">
                <Coords points="319,2232 1666,2192 1862,2308 2727,2308 2727,2117 1168,2165 1013,2053 319,2065"/>
                <Baseline points="340,2191 405,2191 495,2191 585,2191 674,2191 764,2191 853,2191 943,2191 1032,2191 1122,2191 1211,2191 1301,2191 1391,2191 1480,2191 1570,2185 1659,2185 1749,2185 1838,2191 1928,2185 2017,2185 2107,2185 2197,2185 2286,2185 2376,2185 2465,2185 2555,2185 2644,2185 2734,2179"/>
                <TextEquiv>
                    <Unicode>cela? Hein, Genia, - il ne t'a rien dit non plus?</Unicode>
                </TextEquiv>
            </TextLine>
            <TextLine id="tr_3_tl_5" custom="readingOrder {index:4;}">
                <Coords points="120,2400 339,2412 506,2360 622,2380 698,2356 725,2384 789,2356 981,2360 981,2308 937,2296 793,2316 646,2280 494,2312 446,2284 415,2316 327,2312 120,2165"/>
                <Baseline points="143,2346 232,2358 322,2352 411,2352 501,2346 591,2346 680,2352 770,2346 859,2346 949,2352 991,2346"/>
                <TextEquiv>
                    <Unicode>NIA. — A moi?... 1/2</Unicode>
                </TextEquiv>
            </TextLine>
            <TextLine id="tr_3_tl_6" custom="readingOrder {index:5;}">
                <Coords points="120,2583 1658,2495 3225,2571 3173,2424 2057,2440 1933,2328 120,2396"/>
                <Baseline points="143,2513 185,2513 274,2507 364,2507 453,2507 543,2501 632,2507 722,2507 811,2507 901,2507 991,2507 1080,2507 1170,2501 1259,2501 1349,2501 1438,2501 1528,2495 1617,2495 1707,2501 1797,2495 1886,2495 1976,2495 2065,2495 2155,2495 2244,2495 2334,2495 2423,2495 2513,2495 2603,2495 2692,2495 2782,2495 2871,2495 2961,2495 3050,2495 3140,2495 3229,2495"/>
                <TextEquiv>
                    <Unicode>REDERIC.- (sans prendre garde à l'attitude de Genia) Folie soudaine</Unicode>
                </TextEquiv>
            </TextLine>
            <TextLine id="tr_3_tl_7" custom="readingOrder {index:6;}">
                <Coords points="311,2711 3269,2671 3225,2567 2153,2595 1989,2507 1347,2615 311,2555"/>
                <Baseline points="334,2656 411,2662 501,2662 591,2662 680,2662 770,2662 859,2656 949,2662 1038,2656 1128,2656 1217,2656 1307,2656 1397,2656 1486,2656 1576,2656 1665,2656 1755,2656 1844,2656 1934,2650 2023,2650 2113,2656 2203,2650 2292,2650 2382,2650 2471,2650 2561,2650 2650,2650 2740,2650 2829,2650 2919,2650 3009,2650 3098,2650 3188,2650 3277,2644"/>
                <TextEquiv>
                    <Unicode>disent les gens. Mais on devrait d'abord nous dire ce que c'est</Unicode>
                </TextEquiv>
            </TextLine>
            <TextLine id="tr_3_tl_8" custom="readingOrder {index:7;}">
                <Coords points="319,2838 2531,2810 3173,2922 3177,2747 2631,2659 2085,2770 1794,2667 319,2711"/>
                <Baseline points="340,2817 411,2817 501,2812 591,2812 680,2812 770,2812 859,2812 949,2812 1038,2812 1128,2812 1217,2812 1307,2812 1397,2812 1486,2812 1576,2812 1665,2812 1755,2812 1844,2812 1934,2812 2023,2812 2113,2806 2203,2806 2292,2812 2382,2806 2471,2806 2561,2806 2650,2806 2740,2806 2829,2806 2919,2806 3009,2806 3098,2806 3188,2800"/>
                <TextEquiv>
                    <Unicode>qu'une folie soudaine. Toi, Mauer, tu peux peut-être me l'ex-</Unicode>
                </TextEquiv>
            </TextLine>
            <TextLine id="tr_3_tl_9" custom="readingOrder {index:8;}">
                <Coords points="323,3022 431,2998 498,3022 554,2990 698,3010 698,2858 674,2858 654,2838 498,2834 442,2858 383,2854 323,2886"/>
                <Baseline points="346,2973 435,2979 525,2973 614,2979 704,2973"/>
                <TextEquiv>
                    <Unicode>pliquer.</Unicode>
                </TextEquiv>
            </TextLine>
        </TextRegion>
        <TextRegion id="tr_1" custom="readingOrder {index:2;}">
            <Coords points="131,3066 3367,3066 3367,5031 131,5031"/>
            <TextLine id="tr_1_tl_1" custom="readingOrder {index:0;}">
                <Coords points="140,3181 2711,3169 3197,3137 3233,3042 2858,2970 2069,3061 1523,2962 144,3042"/>
                <Baseline points="161,3128 197,3134 286,3134 376,3128 465,3134 555,3128 644,3134 734,3134 823,3128 913,3134 1003,3134 1092,3128 1182,3128 1271,3128 1361,3128 1450,3122 1540,3122 1629,3128 1719,3128 1808,3122 1898,3122 1988,3122 2077,3116 2167,3116 2256,3116 2346,3116 2435,3116 2525,3116 2614,3116 2704,3116 2794,3116 2883,3116 2973,3116 3062,3116 3152,3116 3241,3116"/>
                <TextEquiv>
                    <Unicode>UER. - D'abord je ne suis pas un psychiâtre - et ensuite cela ne me</Unicode>
                </TextEquiv>
            </TextLine>
            <TextLine id="tr_1_tl_2" custom="readingOrder {index:1;}">
                <Coords points="299,3309 3356,3309 3333,3189 299,3181"/>
                <Baseline points="322,3283 411,3289 501,3283 591,3289 680,3289 770,3283 859,3289 949,3289 1038,3283 1128,3283 1217,3283 1307,3283 1397,3283 1486,3283 1576,3283 1665,3283 1755,3283 1844,3277 1934,3277 2023,3277 2113,3277 2203,3277 2292,3277 2382,3277 2471,3277 2561,3277 2650,3277 2740,3277 2829,3277 2919,3277 3009,3277 3098,3277 3188,3277 3277,3271 3367,3271"/>
                <TextEquiv>
                    <Unicode>surprend pas qu'on se tue. Nous sommes tous quelquefois bien près</Unicode>
                </TextEquiv>
            </TextLine>
            <TextLine id="tr_1_tl_3" custom="readingOrder {index:2;}">
                <Coords points="311,3456 2910,3440 3185,3516 3185,3368 3038,3356 311,3325"/>
                <Baseline points="334,3444 417,3444 507,3444 597,3444 686,3444 776,3444 865,3444 955,3444 1044,3438 1134,3444 1223,3444 1313,3438 1403,3438 1492,3438 1582,3432 1671,3432 1761,3432 1850,3432 1940,3432 2029,3432 2119,3432 2209,3432 2298,3432 2388,3432 2477,3432 2567,3432 2656,3432 2746,3432 2835,3432 2925,3432 3014,3432 3104,3432 3194,3426"/>
                <TextEquiv>
                    <Unicode>de le faire. J'ai une fois voulu me tuer à quatorze ans parce</Unicode>
                </TextEquiv>
            </TextLine>
            <TextLine id="tr_1_tl_4" custom="readingOrder {index:3;}">
                <Coords points="295,3635 3269,3608 3269,3484 2782,3548 897,3444 299,3540"/>
                <Baseline points="322,3606 411,3606 501,3606 591,3606 680,3606 770,3600 859,3600 949,3600 1038,3600 1128,3594 1217,3594 1307,3600 1397,3600 1486,3594 1576,3594 1665,3594 1755,3594 1844,3594 1934,3594 2023,3588 2113,3588 2203,3588 2292,3588 2382,3588 2471,3588 2561,3588 2650,3588 2740,3588 2829,3588 2919,3588 3009,3588 3098,3588 3188,3588 3277,3582"/>
                <TextEquiv>
                    <Unicode>qu'un professeur m'avais mit de mauvaises notes dans mon carnet</Unicode>
                </TextEquiv>
            </TextLine>
            <TextLine id="tr_1_tl_5" custom="readingOrder {index:4;}">
                <Coords points="311,3795 498,3839 666,3771 789,3799 789,3663 718,3627 666,3624 582,3671 494,3671 423,3624 311,3631"/>
                <Baseline points="334,3749 423,3755 513,3755 602,3755 692,3755 782,3755 800,3755"/>
                <TextEquiv>
                    <Unicode>de classe.</Unicode>
                </TextEquiv>
            </TextLine>
            <TextLine id="tr_1_tl_6" custom="readingOrder {index:5;}">
                <Coords points="116,3982 3189,3914 3105,3795 1575,3831 1244,3719 116,3831"/>
                <Baseline points="137,3910 155,3904 244,3910 334,3916 423,3910 513,3910 602,3916 692,3916 782,3910 871,3916 961,3910 1050,3916 1140,3916 1229,3916 1319,3916 1408,3910 1498,3916 1588,3910 1677,3910 1767,3910 1856,3904 1946,3910 2035,3904 2125,3904 2214,3898 2304,3898 2394,3898 2483,3904 2573,3904 2662,3904 2752,3898 2841,3898 2931,3892 3020,3898 3110,3898 3200,3898"/>
                <TextEquiv>
                    <Unicode>KEDERIC.- Dans un cas pareil, j'aurais plutôt tue le professeur...</Unicode>
                </TextEquiv>
            </TextLine>
            <TextLine id="tr_1_tl_7" custom="readingOrder {index:6;}">
                <Coords points="311,4126 1682,4074 2109,4142 2404,4070 2878,4154 2818,3946 311,3966"/>
                <Baseline points="334,4077 382,4071 471,4071 561,4071 650,4071 740,4071 829,4071 919,4071 1008,4071 1098,4071 1188,4071 1277,4071 1367,4071 1456,4071 1546,4065 1635,4065 1725,4065 1814,4065 1904,4065 1994,4065 2083,4065 2173,4059 2262,4059 2352,4059 2441,4059 2531,4059 2620,4059 2710,4059 2800,4053 2889,4059"/>
                <TextEquiv>
                    <Unicode>Ce qui m'aurait amene, je le oMains, à en tuer beaucoup.</Unicode>
                </TextEquiv>
            </TextLine>
            <TextLine id="tr_1_tl_8" custom="readingOrder {index:7;}">
                <Coords points="108,4305 1945,4229 2224,4317 2364,4229 3305,4225 3309,4146 112,4158"/>
                <Baseline points="131,4226 185,4232 274,4232 364,4232 453,4226 543,4226 632,4232 722,4232 811,4232 901,4232 991,4232 1080,4232 1170,4232 1259,4232 1349,4232 1438,4226 1528,4220 1617,4220 1707,4220 1797,4220 1886,4220 1976,4220 2065,4220 2155,4215 2244,4215 2334,4215 2423,4215 2513,4215 2603,4215 2692,4220 2782,4215 2871,4209 2961,4209 3050,4209 3140,4209 3229,4203 3319,4197"/>
                <TextEquiv>
                    <Unicode>AUER.- Mais pense dinc, un artiste! Ils sont tous plus ou moins anor-</Unicode>
                </TextEquiv>
            </TextLine>
            <TextLine id="tr_1_tl_9" custom="readingOrder {index:8;}">
                <Coords points="2758,4321 2806,4313 2826,4333 2854,4309 3073,4289 3129,4321 3325,4313 3329,4225 3261,4209 3157,4237 3069,4213 3010,4249 2890,4205 2762,4257"/>
                <Baseline points="2782,4304 2800,4304 2889,4298 2979,4292 3068,4286 3158,4286 3247,4286 3337,4280"/>
                <TextEquiv>
                    <Unicode>Avoir nue</Unicode>
                </TextEquiv>
            </TextLine>
            <TextLine id="tr_1_tl_10" custom="readingOrder {index:9;}">
                <Coords points="307,4413 2938,4433 3173,4317 1658,4237 307,4325"/>
                <Baseline points="328,4382 405,4388 495,4388 585,4388 674,4388 764,4388 853,4388 943,4388 1032,4382 1122,4376 1211,4376 1301,4376 1391,4370 1480,4370 1570,4370 1659,4370 1749,4370 1838,4376 1928,4376 2017,4370 2107,4370 2197,4370 2286,4370 2376,4370 2465,4376 2555,4370 2644,4370 2734,4364 2823,4370 2913,4376 3003,4370 3092,4364 3182,4370"/>
                <TextEquiv>
                    <Unicode>maux. D'abord parce qu'il, ils croient à leur importance. Cambi-</Unicode>
                </TextEquiv>
            </TextLine>
            <TextLine id="tr_1_tl_11" custom="readingOrder {index:10;}">
                <Coords points="1028,4477 1411,4477 1439,4453 1539,4445 1710,4461 1714,4393 1583,4397 1555,4373 1495,4405 1447,4377 1403,4397 1371,4381 1331,4409 1032,4405"/>
                <Baseline points="1050,4459 1092,4453 1182,4459 1271,4459 1361,4453 1450,4447 1540,4435 1629,4435 1719,4441"/>
                <TextEquiv>
                    <Unicode>marque indique</Unicode>
                </TextEquiv>
            </TextLine>
            <TextLine id="tr_1_tl_12" custom="readingOrder {index:11;}">
                <Coords points="307,4564 3293,4600 3293,4437 3189,4401 1216,4485 311,4413"/>
                <Baseline points="328,4543 346,4537 435,4543 525,4543 614,4543 704,4543 794,4543 883,4543 973,4543 1062,4543 1152,4543 1241,4537 1331,4537 1420,4537 1510,4531 1600,4531 1689,4531 1779,4525 1868,4525 1958,4525 2047,4525 2137,4525 2226,4525 2316,4525 2406,4525 2495,4525 2585,4525 2674,4519 2764,4525 2853,4525 2943,4525 3032,4525 3122,4525 3212,4525 3301,4519"/>
                <TextEquiv>
                    <Unicode>tion personnelle xxx un trouble de l'esprit. C'est spéculer</Unicode>
                </TextEquiv>
            </TextLine>
            <TextLine id="tr_1_tl_13" custom="readingOrder {index:12;}">
                <Coords points="283,4700 3209,4712 3209,4616 3022,4584 2328,4620 2057,4536 283,4568"/>
                <Baseline points="304,4686 352,4692 441,4698 531,4698 620,4698 710,4698 800,4698 889,4698 979,4698 1068,4698 1158,4692 1247,4692 1337,4692 1426,4692 1516,4692 1606,4692 1695,4686 1785,4686 1874,4686 1964,4686 2053,4686 2143,4686 2232,4686 2322,4686 2411,4686 2501,4686 2591,4680 2680,4680 2770,4680 2859,4680 2949,4680 3038,4680 3128,4680 3217,4668"/>
                <TextEquiv>
                    <Unicode>sur l'immortalité! Et les artistes qui ne sont que des exécu-</Unicode>
                </TextEquiv>
            </TextLine>
            <TextLine id="tr_1_tl_14" custom="readingOrder {index:13;}">
                <Coords points="275,4935 3181,4863 3181,4736 3069,4696 2519,4776 275,4700"/>
                <Baseline points="298,4853 322,4853 411,4853 501,4859 591,4853 680,4859 770,4859 859,4859 949,4859 1038,4853 1128,4853 1217,4847 1307,4847 1397,4847 1486,4847 1576,4847 1665,4841 1755,4841 1844,4841 1934,4841 2023,4841 2113,4841 2203,4847 2292,4847 2382,4841 2471,4841 2561,4841 2650,4841 2740,4841 2829,4841 2919,4841 3009,4835 3098,4835 3188,4841"/>
                <TextEquiv>
                    <Unicode>tants sont à ce point- de vue là bien mal places. Ils peuvent</Unicode>
                </TextEquiv>
            </TextLine>
            <TextLine id="tr_1_tl_15" custom="readingOrder {index:14;}">
                <Coords points="283,5067 2986,5059 3229,5015 3229,4871 1598,4959 1367,4847 283,4947"/>
                <Baseline points="304,5015 370,5015 459,5021 549,5021 638,5021 728,5021 817,5021 907,5021 997,5021 1086,5015 1176,5015 1265,5015 1355,5015 1444,5009 1534,5009 1623,5009 1713,5009 1803,5003 1892,5003 1982,5003 2071,5009 2161,5009 2250,5009 2340,5009 2429,5003 2519,5003 2609,5003 2698,5003 2788,5003 2877,5003 2967,4997 3056,4997 3146,4997 3235,4991"/>
                <TextEquiv>
                    <Unicode>être aussi grands qu'ils le souhaitent, il ne reste finalement</Unicode>
                </TextEquiv>
            </TextLine>
        </TextRegion>
    </Page>
</PcGts>
