4008 5336
3021 211 3199 483 1er
658 483 3540 739 penser qu'il y a dans les Dolomites un rocher auquel vous êtes
674 731 1957 909 en quelque sorte apparenté.
406 800 3589 1052 OTTO.- Ce n'est pas très curieux, mademoiselle. Tous deux, le rocher
662 1003 3626 1210 et mon père, me sont assez étrangers. J'étais un enfant de 4 ou
658 1157 2919 1344 5 ans lorsque mes parents se sont séparés.......
406 1283 3252 1527 Mme WaHL. - Et depuis lors n'avez-vous jamais revu votre père?
426 1506 2943 1689 OTTO.- Les évènements en ont décidé ainsi... (silence)
406 1652 1795 1884 ERNA.- (se disposant à partir)
1827 1661 3500 1912 Allons maman... je crois qu’il est
670 1880 966 2042 temps.
443 2030 3565 2209 me WAbL.- Oui, vraiment!....  Il faut en finir avec nos bagages. (A
698 2225 942 2359 lauer
978 2298 3593 2440 Nous sommes arrivées seulement samedi et nous ne commes
654 2432 3638 2639 pas encore installées... Nous prenons nos repas dans cet infect
658 2607 1665 2793 restuirant du casino.
443 2740 2359 2899 RNA.- Mais maman, cela te plait beaucoup.
455 2810 3548 3082 me VAEL.- Mais il y a trop de gens, surtout le soir... Allons, au
646 3065 3597 3248 revoir Madame Genia... Est-ce que vous nous faites un bout de
658 3171 1713 3374 conduite, lieutenant?
471 3280 3593 3569 P. - Si vous le permettez.... Au revoir madame, mes compliments à
662 3504 1206 3699 votre mari.
690 3630 2724 3829 Au revoir, ada e Genia. Au revoir docteur.
451 3703 666 3869 ENA..
1742 3841 2132 3975 (départ)
1255 3926 2696 4113 (Mme WaHL, ERNA, OITO sortent)
1685 4097 2314 4352 GENIA.MAUER
471 4295 2667 4474 AUER.- (regarde Erna, et après un petit silence)
2692 4279 3589 4568 En voilà une à qui
654 4559 2452 4750 on pourrait presque pardonner sa mère.
459 4685 3723 4852 KNIA.- Ce n'est pas la plus mauvaise, la bonne Mme WaHL... je la trou-
1965 4795 2692 4900 mit agitprat
694 4799 3069 5043 ve plutôt comique. ### ne s'agissait que de cela
3130 4921 3561 5103 (pendant
