3608 5240
1341 332 1580 486 -14-
312 490 3246 705 plus lent, c'est remarquable. Il y a trois ans, le courrier du
336 721 3129 875 soit était toujours là à six heures et demie. Maintenant il
328 863 3230 1070 arrive rarement avant 7 heures 1/2. Si cela continue, le temps
324 1033 2885 1200 n'est pas éloigné où il fera sa distribution à minuit.
73 1183 2196 1358 ENIA.- Peut-être prendrais-tu encore du thé?
61 1289 3319 1508 REDERIC.- Merci bien... J'en ai pris au bureau. Il n'était pas fameux.
324 1447 2306 1678 Eh bien, est-ce que Hauer t'a raconté...?
69 1532 2282 1799 ENIA.- Oui... as-tu reçu la dépèche d'amérique?
85 1779 3246 1970 REDERIC.- Naturellement... et il est presque certain que je partirai
320 1937 879 2124 en automne.
85 2059 2764 2265 ENLA.- Tu avais l'intention d'envoyer quelqu'un du bureau,
101 2229 3169 2440 EDERIC.- Ah - il vaut mieux que j'y ailles moi-même. Tu m'accompa¬
328 2407 3189 2594 gnes, Génia? Nous partirions le 29 Août de Liverpool, ou le 2
328 2557 3189 2739 Septembre de Hamburg, par le Norddeutscher Lloyd. Je conhais
312 2707 1686 2889 le capitaine du "King James".
85 2833 2691 3088 NIA.- Nous en parlerons encore d'ici là, n'est-ce pas?
97 3011 2436 3210 EDERIC. - J'espère avoir oe plaisir. (Il s'assied).
97 3165 2217 3355 NIA.- Tu dois avoir chaud aveo ton pardessus.
109 3307 3218 3574 EDPRIC.- Non, j'ai plutôt frais. Avec un temps pareil. Est-ce qu'il
308 3497 3064 3655 a beaucoup plu, ici? Au cimetière o'était un gachis! - Ce
312 3639 3177 3826 n'est pas des discours que je parle - Tu peux te feliciter de
312 3773 3137 3963 nelavoir pas subi... Vraiment on devrait bien supprimer cette
312 3943 3023 4142 doutume! Vous n'imaginez pas les bêtises qu'on a pu dire
312 4093 738 4283 (silence)
766 4215 3201 4389 Eh bien Mauer, comment es-tu revenu? Sans incident?
300 4316 3104 4535 Quelle vitesse as-tu fait? Du dix à l'heure? Tu n'oses pas
304 4531 1447 4717 faire davantage encore.
89 4628 3145 4875 UER.- Tu peux me railler. Je me méfic de tous les chauffeurs. Je
316 4847 3169 5017 suis tout à fait comme toi; je n'ai confiance qu'en moi-même.
