4024 5288
1929 86 2089 246 „
2425 234 2733 439 : " " F
1055 205 1268 361 "    "
1317 213 1494 402 1:1;
1941 222 2220 505 -121-
1190 501 3431 689 PAUL. GUSTAVS. ERNA. STANZIDES. ADÈLE. Moe NAHL.
1202 632 3295 751 UATTER.ourvoto et FREDERIC (viennent du tennis)
492 710 2253 956 GENIA.- Eh bien qui a été vainqueur?
435 862 3702 1141 PAUL.- La vielle garde vit encore. M. Hofreiter a gagné. Neuf contre
739 1079 1026 1260 huit.
468 1129 3747 1453 STARZIDES.- C'est domnage que vous n'ayez pas regardé, madame. C'était
739 1403 1584 1522 une belle partie.
480 1481 3578 1769 FRE FRIC.- Tiens, Mauer, tu es donc resté. C'est très gentil de ta
735 1711 1063 1847 part!
460 1830 3591 2007 PAUL.- Maintenant il y a encore le match de mademoielle Erna et de
747 1982 1399 2171 M. Hofreiter.
460 2130 3665 2323 ERMA.- Il fait trop sombre maintenant; nous remettons cela à demain.
739 2302 3730 2499 Et nous télégraphierons au Lieutenant le résultat final du tour-
739 2454 968 2626 noi.
456 2598 3661 2819 OTTO.- Mesdames, messieurs, je dois malheureusement prendre congé de
759 2766 960 2946 vous
993 2807 2048 3024 (Il commence à saluer)
460 2967 3743 3221 FREDERIC.- (le suit du regard) c'est dommage que nous ne puissions pas
739 3180 3743 3320 faire encore une partie demain. Otto!- Ma victoire d'aujourd'hui
730 3308 2150 3517 ne me donne pas satisfaction.
464 3406 3730 3681 PAUL. - Pourquoi? - Le Lieutenant a fameusement joué, et vous, Monsieur
735 3611 1904 3833 Hofreiter, encore mieux.
456 3739 3697 4026 FREDERIC.- Je ne sais pas. Vous n'étiez pas très en ferme, Otto, Vous
747 3907 3640 4137 aviez un coup auquel je ne suis pas habitué de votre part. Un
743 4091 3632 4313 coup distrait, indicis, inquiet...Mélancolie de la separation
730 4276 1313 4457 sans doute.
472 4444 3767 4645 OTTO.- Peut-être embarras d'avoir en face de soi un adversaire si fort
739 4584 3755 4801 et si reposé. Eh bien, quand je reviendrai dans trois ans, j'es-
718 4723 3562 4970 père que vous aurez plus de plaisir à mon jeu, M. Hofreiter.
