3624 5256
2516 271 2742 451 ¾: 4: 9:
1327 268 1549 470 -23-
145 524 1920 700 NIA.- Qu'est-ce qui serait surprenant?
141 677 2325 818 KDERIC.- Cela aurait presque l'air d'une fuite.
141 857 3204 1036 MIA.- Une fuite? Une fuite loin de toi! Je n'en ai réellement pas
271 979 3162 1128 besoin. Nous sommes déjà assez loin l'un de l'autre, même ici
271 1143 1721 1331 sous le même toit! - (silence)
111 1258 3113 1503 EDERIC. - Genia! - Maintenant qu'il est mort et enterre M. Alexis
271 1449 910 1648 Korsakow....
141 1575 1537 1778 NIA.- que lui veux-tu encore?
134 1751 3208 1920 KDRIC.- Sois tranquille, mon enfant, sois tranquille!... Je veux
275 1931 3273 2107 seulement dire qu'il ne peut plus rien lui arriver maintenant...
260 2080 3227 2245 Il ne lui serait d'ailleurs rien arrive non plus s'il était en-
275 2229 3262 2409 core de ce monde, pas plus qu'à toitmême... Mais tu m'accorderas
275 2401 3197 2600 que cette séparation entre nous prend un caractère tout à fait
260 2535 3223 2707 particulier... non, ce n'est pas le mot exact... enfin, je veux
271 2684 3292 2879 seulement dire que cette conversation que nous avons aujourd'hui,
264 2864 3193 3036 précisément le jour où on a enterré M. Korsakow, ton attitude
264 2994 3262 3166 si singulière... Si je suis un mari, Genia, je ne suis pas un
241 3162 3143 3311 imbécile. Eh bien, je mettrai ma main au feu qu'il y a quelque
249 3311 2772 3487 chose là-dessous. Allons, qu'y a-t-il eu entre vous?
115 3460 1774 3671 IA.- J'attends que tu me le dises.
126 3629 3166 3789 DERIC.- Oui, je le vois. Mais tu conviendras que ce n’est pas une
249 3793 3189 3931 réponse. Il faut que tu me comprennes bien, Genia. Il ne s'est
233 3938 3250 4099 pro�bablement rien passé entre toi et Korsakow; c'était peut-être
245 4111 3093 4241 seulement un flirt. Oui. Car s'il en avait été autrement, il
222 4286 3124 4428 n'aurait pas eu besoin de se suicider. Ou bien (attendant) il
229 4436 3017 4600 y a eu davantage - et tu l'as... quitté (Il parle toujours
421 4585 2619 4757 tranquillement mais il l'a prise par le bras).
84 4764 3055 4975 IA.- (souriant presque) Une soène de jalousie?! - Mais I... tu
210 4894 3246 5066 devrais soigner tes nerfs, Frederic. Je ne sais pas noi... mais
