4136 5288
1944 161 2323 379 - 100 -
791 264 3806 531 ce journal...? Et pour quelle raison aurait-il parie avec Korsa-
770 449 1108 675 kow..?
1215 675 3695 853 (ime Wahl, Güstave, et inmédiatement après M. Natter
1203 754 2199 931 vont vers le tennis).
502 873 2385 1120 OTTO etGENIA (restent seuls en arrière)
1841 1059 2356 1281 OTTO, GENIA
498 1190 1643 1384 GENIA. - Vous le croyez?
486 1347 3802 1553 OTTO.- Otte stupide histoire de duel? En quoi cela vous concerne-t-ilt
486 1516 3719 1730 GENIA.- Mais cette histoire n'est peut-être pas sans fondement... En
745 1697 2933 1870 un mot que j'étais - la maîtresse de Korsakow.
474 1709 1965 2006 OTTOO- Non, je ne le crois pas.
470 1977 3662 2187 GENIA. - Pourquoi ne le croiriez-vous pas... Parce que je le nie? Ce
729 2150 3439 2339 n’est pas une preuve. Moi à votre place... je le croirais.
3443 2224 3670 2409 (E110
1161 2290 3056 2496 fait mine de se diriger vers le tennis).
465 2352 3727 2665 OTTO.- Je ne le crois pas, Genia. Je vous jure que je le croie pas.
725 2636 3682 2821 Pourquoi parlons-nous de cela. Je vous en prie, restez! je vous
733 2780 3719 2928 en prie?- qui sait si noua trouverons encore un instant de tran-
708 2928 3600 3118 quilite. Je dois retourner en ville demain matin. J'ainencore
713 3097 3769 3270 une masse de choses à faire... des visites d'adieu... des achats.
700 3229 2747 3386 ... et je prends le train de nuit pour Pola.
437 3381 2191 3600 GENIA.- (le regarde) Demain, déjà....
449 3530 3600 3711 OTTU.- De quelle manière puis-je gous faire parvenir des nouvelles?
783 3703 3629 3888 Vous pouvez m'écrire tranquillement. Mes lettres ne sont pas
424 3699 737 3892 GENIA.
688 3835 3678 3999 ouvertes. Et si vous voulez être vraiment prudent, écrivez-moi
671 3979 3489 4176 précisément comme vous me parlez en ce moment - comme à une
675 4135 1260 4358 bonne amie.
408 4263 2904 4494 OTTO.- C'est trop demander. Je ne puis pas le faire.
420 4469 3587 4671 GENIA.- Il y aurait encore un moyen. Ce serait de ne pas écrire, ne
3217 4638 3489 4765 Monsieur
680 4605 1635 4852 pas éorire du tout.
412 4778 1170 4996 OTTO.- Genis...
