4200 5304
1279 486 3150 583 Lieu de l'action: BADEN, près de Vienne
1279 619 3186 741 Le 3e acte, seul, se passe dans un hôtel
1328 769 2701 887 du Völser eiher (Dolomites).
1854 891 2462 976 verenaassa ommaduaua osa
1263 1020 2810 1122 Droite et gauche des spectateurs
2085 1182 2373 1275 rende
1773 1324 2348 1449 PREvenER nur
1368 1482 3725 1599 (Veranda de la ville Hofreiter et jardin d'entrée)
1041 1632 3818 1765 Droite de la verande, spacieuse; balustrade qui se prolonge
1279 1721 3802 1834 de chaque côté des parches qui descendent dans lejar¬
1263 1798 3725 1919 din d'entrée. La double porte qui mène de la véranda
1275 1879 3846 2004 su jardin-salon est ouverte. Levent la véranda, pelouse
1279 1951 3810 2085 avec massif de roziers en fleurs.- Une clôture de bois
1279 2024 3620 2154 peinte en vert, assez haute, entoure le jardin. La
1271 2109 3891 2239 clôture tourne à angle droit vers l'arrière et se molon-
1271 2182 3701 2316 ge derrière la villa.- Sentier le long de la clôture
1267 2263 3802 2393 au dehors.- Route purullele au sentier.- A l'intérieur
1255 2332 2960 2454 le long de la clôture, broussailles.
1016 2401 3818 2559 La porte du jardin, à gauche, au milieu, face à la véranda,
1255 2494 3745 2628 est ouverte. Bancs autour de la pelouse: un face à la
1243 2583 3701 2701 salle, un face à la porte du jardin, un troisième de
1259 2640 3733 2781 l'autre côté de la pelouse, donc tournant le des à I
1251 2717 1539 2806 salle.
1012 2781 3713 2947 Sur la veranda, une table rectangulaire avec six chaises,
1247 2879 3790 3033 Dans le coin derrière, un lautier-rose. La véranda est
1231 2972 3822 3097 couverte d'une marquise rayée rouge et blanc. Une lampe
1231 3053 3680 3178 électrique sur la table. Une lampe-applique à droite
1239 3113 3858 3247 de la porte. La table est mise pour le thé. Fin d'après-
1235 3186 3757 3324 midi après une pluie d'orage. Les feuilles sont mouil-
1223 3263 3733 3405 lées. De longues ombres de la clôture tombent dans le
1239 3340 1579 3433 jardin.
1215 3636 3717 3806 Mme GENIA (31 ans, mise avec une simplicite élégante :
1445 3729 3753 3887 costume gris fonce, blouse mauve. Elle est assise
1445 3826 3571 3964 devant la table de la véranda, du côté étroit
1445 3899 3741 4045 tourne vers le public. Elle posé sa tasse de thé,
1433 3984 3794 4109 regarde un instant devant elle, se lève, repousse
1441 4061 3757 4195 sa chaise, regarde vers l'arrière, dans le jardin
1441 4134 3794 4275 par-dessus la balustrade; elle descend les marchés
1433 4215 3721 4429 vers le jardin, les mains dans le dos, selon son
1405 4271 1919 4405 habitude).
1178 4429 3575 4571 La FEMME DE CHA’GRE (vient du jardin-salon dans la
1425 4539 3583 4652 véranda avec un plateau; elle veut emporter le
1417 4603 2794 4765 service à thé; elle hésite).
470 4749 3733 4919 GENIA (encore sur les marchés, se tourné vers elle). Vous pouvez des¬
709 4875 3713 5049 servir. Monsieur aura probable ent pris son the on ville. (après
