4088 5288
1807 242 2194 468 - 91 -
364 414 618 614 ERNA
852 391 3733 629 Vous aurvez dû faire comme moi. J'ai porté ma couverture sur
836 583 3733 813 la prairie,- sur notre prairie et je me suis couchée en plein
855 702 1082 886 air.
384 859 790 1070 FREDERIC
863 909 2125 1082 Vous n'avez pas eu froid?
380 1020 652 1228 ERNA
836 1059 3844 1270 Non J'ai pris aussi votre manteau dans le vestibule et je m'en
852 1216 1542 1373 suis couverte.
384 1339 786 1565 PREDERIC
848 1339 3671 1596 Alors vous pratiquez aussi l'envoutement? Vous n'aviez pas
832 1504 1868 1692 besoin de cela, Erna!
832 1661 3825 1857 Aussi, j'ai merveilleusement dormi de dix heures à trois heures,
384 1596 633 1838 ERNA
844 1792 3744 2014 sous les étoiles. Puis je suis retournée dans la chambre près
829 1968 2459 2137 de cette bonne grosse Madame Rhon.
364 2052 763 2325 FREDERIO
825 2121 3725 2290 Erna, Erai je voudrais commettre une betise énorme. Soudain
832 2279 3806 2440 je comprends toutes les folies qui m'avaient fait scurire jusqu'
813 2467 3886 2612 ici. Je comprend les promenades sous les fenêtres, les sérénades
840 2612 3756 2781 (geste) Je comprends qu’on marche sur un rival le couteau levé,
832 2735 3729 2908 qu'on se jette dans un abime poussé par un désespoir amoureux.
345 2870 579 3061 ER NA
813 2935 2843 3088 Pourquoi parlez-vous de désespoir amoureux.
349 3046 1101 3265 FREDERIC (grave)
1155 3100 3763 3295 Pourquoi se leurrer, Erna! cette soirée d’hier... toute
809 3307 3767 3487 cette expédition, l'instant sur la pointe là haut, le serrement
821 3437 3698 3648 de main, cette illusion de s'appartenir l'un à l'autre, cette
821 3629 3898 3790 teronssation de bonheur, tout cela était peut-être seulement
790 3748 3790 3909 une sorte d'ivresse, - d'avresse des cimes. Au moins pour vous.
794 3898 3552 4082 Cela va avec les trois mille mètres d'altitude, avec l'air
794 4059 3756 4251 raréfié, aveo le danger.. Mais moi personnellement, j'ai proba¬
790 4205 3357 4412 blement joué un bien petit rôle dans votre état d'âme.
338 4381 583 4592 ERNA
783 4369 3756 4557 Pourquoi dites-vous cela? Je vous aime depuis ma dix septième
794 4538 3583 4719 annés. A Vrai dire, avec des Interruptions. Mais dans ces
790 4680 3552 4922 derniers temps; c'est de nouveau devenu très grave. Je ne
821 4838 3667 5049 plaisante pas. Et surtout hier et aujourd'hui - et là-haut
