3608 5224
1383 243 1630 498 -16-
108 454 3269 725 REDERIC.- Oui, il a eu une bonne période à ce moment-là. En tous cas
287 670 1531 905 il était plus gai que moi.
1523 674 1953 909 (A Mauer)
1973 801 3289 1020 Sais-tu, c'était juste quel-
311 949 3137 1168 ques jours après l'histoire qui s'est passée avec Bernhaupt.
299 1156 3165 1307 Aigner revenait justement d'une tournée électorale; très
319 1276 3209 1463 monte. Il avait été attaque quelque part, dans un coin du Sud-
303 1427 3173 1646 Tyrol par les Irredentistes; là-dessus naturellement il avait
319 1634 3257 1782 été très ovationné par les Allemands.... avoo çà il avait cha-
323 1750 2432 1957 que jour deux ou trois discours à faire....
108 1874 3257 2105 AUER.- Parler! Oui! Il a toujours été très fort pour ch. Déjà comme
307 2045 3257 2284 Président du Club touristique, quand j'étais dans le Comité. Et
299 2220 2910 2400 maintenant comme député... Là il a de riches occasions!
108 2380 3097 2607 REDERIC.- Ah, il ne se contente pas toujours de parler - il fait
307 2523 3209 2703 parfois aussi quelque chose pour le pays. Les nouvelles route
299 2663 3137 2862 des Dolomites n'auraient pas été faites sans lui. Les grands
299 2830 3177 3042 hôtels et les services d'autombiles sont son oeuvre. Et avec
307 3002 3245 3165 cela il a dans chaque village du Tyrol au moins un enfant. Même
299 3157 1591 3325 hors de sa circonscription.
116 3301 3097 3508 AUER.- Allons bien, disons qu'il a du style. Mais il faut que je
299 3476 2631 3651 parte maintenant. Stanzides doit m'attendre déjà.
92 3588 3089 3831 REDERIC.- Fais-lui mes amities. Je passerai peut-être un instant
315 3787 2647 3990 chez lui demain matin. Reviens-tu pour le dîner?
84 3918 1176 4146 AUER. Je ne sais pas.
80 4078 1598 4305 REDERIC.- Mais si certainement.
80 4221 3285 4433 MAUER.- (hésitant) Merci. Je prendrai dans ce cas le train de 10 h.20
311 4369 2543 4592 Je dois être à l'hôpital de bonne heure demain.
80 4544 1858 4784 FRERRIO. - Es-tu superstitieux, Mauer.
80 4712 1654 4915 MAUER.- Pourquoi cette question?
72 4883 3201 5051 FREDERIO.- J'ai pensé que peut-être tu ne voulais pas dormir dans la
