3608 5256
2401 223 2653 496 1
1385 317 1609 467 -21-
317 427 3242 756 maintenant au milieu de ses études, sur notre continent, où on
325 682 3226 849 cultive par trop la sentimentalité et la brutalité, au lieu de
317 853 2084 1068 jouer au golf et de faire de l'aviron
106 947 3132 1223 KNIA.- Si seulement son absence ne me laissait pas un tel vide...
106 1138 3222 1389 REDERIC.- Que veux-tu; c'est là une conséquence inévitable. Penses-
337 1276 3222 1479 tu que moi-même, je ne sois pas triste parfois de son absence?
735 1438 942 1544 regret
309 1442 3262 1666 Mais le délir est à mon avis un élément très sain dans l'écono-
1511 1592 1727 1714 regret
329 1597 3274 1800 mie de l'âme humaine. Le avoir a le pouvoir de rendre meilleurs
325 1771 3132 1942 les rapports entre les ôtres. Je trouve par exemple que les
325 1922 3148 2125 ulations entre les hommes devraient être basées sur le rève
329 2092 3100 2295 plutôt que sur l'habitude.-Nous pouvons d'ailleurs faire le
337 2194 3226 2438 voyage ensemble jusqu'en Angleterre, et tu décideras là-bas si
341 2421 3124 2620 tu m'accompagnes ou si tu restes avec l'enfant tout l'hiver.
427 2584 3213 2767 J'aurais préféré que tu considères dès aujourd'hui ce projet
122 2511 366 2807 RUIA.
337 2722 2125 2925 comme une résolution ferme de ma part.
110 2799 1613 3104 REDERIC.- Une résolution fer e?
106 3006 3213 3266 IENIA.- J'aurai encore beaucoup à faire avec ce départ pour l'angle-
337 3181 3148 3400 terre. On ne peut pas ainsi du jour au lendemain s'installer
325 3388 975 3538 quelque part.
98 3469 1211 3717 REDERIC. - S’installer?
106 3677 1995 3888 ENIA.- Appelles cela comme il te plaira.
114 3839 2937 4034 REDERIC. - Mais qu'as-tu donc Genia? Tu es vrai ent étrange.
110 3961 3165 4197 ENIA.- Qu'y at-t-il là de si étrange? qu'une mère souhaite voir..
333 4062 3242 4331 son fils unique...Quand il aura quelques années de plus, il ne
341 4266 3266 4489 m'appartiendra plus du tout. Deux mois en été, huit jours à la
329 4452 3201 4643 Noël, juit jours à Pâques, - c'est vraiment peu. J'ai assez
337 4615 2470 4810 longtemps lutté, je ne puis plus, voilà tout.
81 4672 3356 5001 FREDERIC.- Sais-tu Genia, on a presque l'impression qu'il s'agit moins
