3736 5272
1436 151 1749 367 - 38 -
69 270 1567 556 suis complètement indifférent?
486 486 3227 726 C'est peut-être le meilleur début pour un mariage heureux.
69 517 359 710 GENIA.
498 668 2540 888 Oui, s'il en est ainsi des deux côtés, mais
69 687 394 892 MAUER.
2640 699 3420 880 (s'interrompant)
463 892 3493 1077 A propos, croyez-vous Mme Genin, que Frédéric était sérieux avec
455 1023 1571 1231 ses projets de voyage?
490 1193 3594 1374 Moi - Je n'en sais rien du tout. J'en étais même un peu surprise.
89 1189 390 1393 GENIA.
486 1347 3516 1521 Je reconnais qu'il a travaillé avec tant d'acharnement ces temps
490 1498 3536 1675 derniers que quelques jours de repos lui feraient du bien. Mais
506 1679 3574 1841 il n'est pas encore parti - Il ne parlait probablement pas sérieu¬
506 1783 2972 2003 sement. Non, je ne crois pas qu'il parte avec vous.
506 1945 2567 2181 Et où en sont vos projets pour l'Amérique?
108 1884 344 2181 MAUER
510 2135 2235 2304 Frédéric ira là bas, c'est certain?
96 2162 340 2347 GENIA
104 2324 351 2494 MAUER:
479 2277 1625 2478 Et vous, madame Genia?
506 2451 1247 2644 Peut-être aussi
100 2478 374 2706 GENIA
1262 2494 1741 2756 (souriant)
1756 2555 3065 2771 Oui, cher ami, DEUT-ETRE!-
506 2744 3339 2922 Vous l'accompagnez? - ah, c'est bien, cela me fait plaisir.
112 2737 347 2945 MAUER
498 2910 3011 3088 Pourquoi cette joie? —...PEUTGETRE, ai-je dit!.....
116 2922 344 3115 GENIA
506 3069 3590 3281 Ah, ce sera certain. Ce serait trop bête, sans cela que le pauvre
120 3084 390 3242 IAUER.
498 3227 1810 3432 Korsakow soit mort en vain.
120 3385 340 3590 SENIA
506 3408 1004 3567 (Surprise)
977 3385 3543 3694 Que Korsokow -? Que voulez-vous dire? - que Korsakow
506 3640 1436 3802 soit mort en vain?
490 3740 3578 3937 J'ai la conviction que Korsakow était destiné par la providence à
147 3756 359 4011 AUER
506 3895 1197 4157 öpre sacrifié.
120 4080 359 4327 PENIA
463 4084 1702 4331 (de plus en plus surprise)
1752 4126 2301 4381 Sacrifié?
498 4312 2026 4497 Pour vous - pour votre bonheur.
131 4315 390 4551 AUER
436 4451 3327 4644 Sacrifié pour mon bonheur -? vous croyez de telles choses?
143 4524 378 4694 ENIA
