4008 5288
1823 129 2147 335 — 125 —
1586 288 2299 565 CINQUIEME ACTE
1317 639 3503 877 Chambre de la villa qui confine à la véranda du
822 791 3686 986 premier acte - Maire et ovenante. La grande bais vitrée qui
838 920 3503 1033 conduit à la véranda est ouverte. Armoires à droite et à
845 994 3627 1118 gauche de cette baie. Au milieu une grande table recouverte
830 1068 3772 1196 d'un tapis: journaux livres.- Sièges. Sur le paneau de gauche
830 1145 3807 1270 une cheminée et devant une petite table, chaises etc,.. Tableaux
826 1239 3631 1352 aux murs; à droite une seconde porte. A gauche en avant une
830 1301 3666 1465 grande horloge. Etagère à droite de la cheminée avec livres.
358 1422 729 1625 GENIA.—
760 1407 3674 1578 (vient par la droite en Herlette du matin. Très pâle et agitée
779 1535 3701 1660 Elle sort sur la vérandé par la baie, revient, s'assied près de
771 1613 3690 1792 la grande table, prend un des journaux qui sont là, le fixe un
764 1707 2357 1796 instant puis regarde devant elle)
343 1804 658 1960 ERNA.—
736 1800 3873 2073 (sans chapeau, en toilette claire, vient rapidement par la véranda).
327 1921 690 2135 GENIA.
732 1944 2361 2201 (se lève, se reçsaisit rapidement).
2420 2018 3725 2252 Erna?..... qu'est-ce qu'il
799 2205 1110 2400 y a?
323 2326 549 2529 ERNA
803 2361 3546 2575 Ils ne sont pas encore de retour? Il n'y a pas encor de
814 2536 1383 2716 nouvelles?
316 2579 596 2864 GENIA
791 2681 3791 2844 Soyez plus calme Erna. Comment y aurait-il déjà des nouvelles?
795 2825 3803 3004 Avant cette après-midi - il n'y aura rien. Peut-être même avant
791 2961 3869 3152 demain matin. A cette heure il y a probablement des conversation
803 3133 1368 3331 préalables.
300 3273 1192 3503 ERNA ( la regarde)
1165 3288 3721 3538 Oui, naturellement. Excusez-moi si je vous interroge.
779 3507 3814 3768 Je sais que je n'y ai aucun droit, mais les circonstances sont si
795 3639 1784 3881 extraordinaires....
795 3826 3581 4040 Vous avez aussi bien le droit de trembler pour quelqu'un que
308 3791 616 4048 GENIA
779 3994 1262 4165 moi-même.
300 4099 542 4333 ERNA
779 4060 3701 4368 Je ne tremble pas, madame Cenia, Ce n'est pas ma manière. Je
783 4309 3725 4520 voulais seulement vous demander si vous aviez déjà vu "Monsieur
764 4434 1952 4633 Hofreiter" aujourd'hui?
795 4520 3791 4839 "Monsieur Hofreiter" est parti dès hier soir en ville. Probable-
304 4625 557 4820 CENIA
764 4742 3838 4937 ment chez son avocat pour arranger diverses choses, c'est un usage
