3992 5272
1269 203 1593 442 „”
3077 215 3332 442 1: „ „
1731 235 2335 470 -19- " "
495 446 3458 689 PREDERIC. - Dear Mother. C'est pour toi. Rien qu'une carte. Quel
718 624 1711 827 paresseux garnement.
499 758 3608 1013 AUER. - Pourquoi veux-tu qu'un garçon de 13 ans écrive des lettres ;
726 949 1723 1131 et en anglais encore.
491 1086 3162 1301 PREDERIC.- Il pourrait le faire aussi bien qu'en Allemand.
482 1265 3612 1455 ÄUER.- Allons au revoir. Je serai là dans une demi-heure. Ce eigare
713 1399 3519 1597 ne tire pas. Ce n'est pas une superstition. Ne vous dérangez
705 1581 920 1767 pas.
1776 1630 2221 1889 (II sórt)
1573 1812 2303 2051 FREDERIC. GENIA.
486 1970 3535 2254 REDERIC.- Oui, tu as très bien fait de ne pas aller là-bas, Genia.
697 2157 2359 2367 Les discours... et le temps avec qà.
2392 2250 3555 2432 (Il regarde distraitement
1119 2331 2453 2521 les lettres et les journaux).
2440 2408 3494 2574 Du reste, au moment où
697 2562 3535 2696 on descendait le cercueil en terre le soleil s'est leve brus-
689 2696 3547 2846 quement.- (Silence) - Nous sommes bien jeudi aujourd'hui? Il
689 2878 3547 3032 aurait dû dîner avec nous ce soir. Il faudra que je dise cela
669 2992 3202 3174 à Mauer.... Ecoute, laisse-ma i lire la carte de Percy.
450 3174 3207 3357 RENIA.- (lui tend la carte. Dans quatre semaines il sera là.
466 3304 3547 3579 REDERIC. - (lisant) Allons, des meilleurs devoirs en grec. ce n'est
669 3502 3648 3632 pas trop maubais. Peut-être deviendra-t-il philologue ou archeo-
665 3652 3689 3855 logue. A propos, as-tu lu hier dans le beily Telegraph l'artiel
677 3770 2424 3977 sur les dernières fouilles on Crète?
466 3952 1030 4143 ENIA.- Non.
478 4111 3498 4277 REDRIC.- Très interessant! C'est là où nous devrions bien aller
645 4285 1034 4415 aussi!
1678 4277 2132 4569 (silence)
454 4524 3713 4670 ENIA.- As-tu parlé sérieusement tout à l'heure au sujet de l'Amérique?
450 4654 3470 4885 REDERIC.- Naturellement. N'aurais-tu pas plaisir à venir, Genia?
632 4848 3511 5002 A New-York même, je n'aurais pas longtemps à faire. Mais nous
