3656 5272
426 264 629 406 ," ..
1430 252 1771 455 - 54 -
597 349 2347 593 ble - voilà chèse madame Genia......
97 495 3363 755 EDERIC (il vient dans un costume de voyage gris, très animé. Il baise
569 711 1710 873 la main de Mme Meinhold)
1673 694 3485 938 Je suis très heureux de pouvoir encore
581 865 1905 1080 vous dire au revoir, madame.
126 1084 1807 1279 MEINHOLD Resterez-vous longtemps?
565 1190 3448 1377 Je ne sais pas. Cela dépend aussi du besoin qu'on peut avoir
89 1247 378 1413 EDERIC
573 1365 2620 1543 ici de ma présence, à l'usine je veux dire.
861 1511 3399 1726 (Du tennis,viennent Otto, Paul; Erna, Mme Wahl, Mauer.
1612 1633 2217 1779 Salutations).
585 1738 1231 1982 Bonsoir maman
1243 1807 2286 2018 (il lui baise la main)
85 1982 1332 2181 MEINHOLD Bonsoir Otto! -
573 2104 2388 2327 Eh bien, cela s'est bien passé, Paul?
97 2177 394 2388 EDERIC
585 2299 3318 2453 Ne m'en parlez pas. A partir de demain je joue de nouveau
585 2437 1499 2636 avec l'entraîneur.
593 2587 1633 2778 Eh bien es -tu prêt?
601 2709 3468 2953 naturellement - Mesdames, messieurs.... (tous lui tendent la
597 2900 877 3078 main)
975 2973 1905 3188 Ma chère Genia....
593 3123 3314 3326 Excusez-moi cher docteur, je vous demande encore mon mari
605 3334 1677 3529 pour quelques minutes.
569 3480 1011 3684 Oh......
885 3602 3184 3781 (Mauer, Erna, Mme Meinhold, Otto, Mne Wahl, Paul
1637 3728 2209 3858 s’éloignent)
597 3830 2758 4021 Tu as encore quelque chose à me dire, Genia?
110 3887 406 4086 EDERIC
605 4000 3428 4171 Rien de particulier, sinon que je suis un peu é tonnée de ta
97 4065 276 4256 ENIA
617 4151 3505 4325 décision. Je n'avais aucun soupçon que tu partes aujourd'hni.
617 4297 1917 4480 Moi non plus, chère enfant.
93 4337 422 4549 PREDERIC
629 4374 2595 4642 Vraimant tu n'avais pas la moindre idée?
77 4532 292 4695 ENIA
629 4642 3432 4800 Que ce soit précisément ce soir - absolument pas. Si Mauer
89 4674 394 4894 EDERIO
613 4800 3493 4987 n'était pas venu par hasard.... Mais je ne t'ai pas caché qui
