4104 5304
1810 246 2161 453 - 89 -
801 329 3548 650 Et savez-vous ce que sont habituellement les fabricants de
351 416 540 699 RHON
812 574 3658 812 lampes à incandescence M. Hofreiter 7.... Rien d'autre - que
805 729 2743 956 des fabricants de lampes à incandescense.
812 892 2513 1081 Ce serait bien, si c'était vrai....
333 896 710 1096 FREDERIC
344 1047 2211 1255 UN GROOM (apporte une lettre à Frédéric)
348 1251 692 1436 FREDERIC
733 1213 2464 1413 (l'ouvre, sourit et pince les lèvres)
321 1360 1738 1598 ERNA (a remarqué ce mouvement)
805 1527 3646 1712 Au revoir; il faut encore que je m'habille. Au revoir, belle
336 1553 699 1795 Mme WAHL
801 1678 2237 1886 Madame, au revoir grand poète.
329 1821 2502 2056 GUSTAVE (ouvre tout de même une de ses lettres)
805 1991 2093 2184 Vous l'ouvrez tout de même.
336 2037 699 2218 Mme RhON
794 2127 3722 2373 C'est seulement pour contrôler mon intuition. Les gens n'écri-
333 2188 642 2362 GUSTAVE
805 2305 2127 2502 vent pas toujours la vérité.
1228 2452 3556 2653 (Mme Rhon et Gustave s'en vont vers l'arrière puis
1311 2626 3450 2811 sortent, Aegner va vers Rosenstock, puis sort)
314 2706 1353 2936 REON (s'éloigne aussi)
1209 2917 2452 3099 (le Hall est presque vide)
317 3049 2517 3265 ERNA (regardant par dessus l'épaule de Frédéric)
2536 3117 3318 3310 Lettre d’amour?
321 3227 665 3458 FREDERIO
778 3208 2248 3435 Devenez ce qui? De Mauer......
310 3454 506 3628 ERNA
775 3427 1137 3597 Oh......
329 3548 658 3783 kuo
778 3567 3476 3756 Il vient de recevoir un télégramme qui l'appelle à Vienne
778 3722 3688 3900 d'urgence. Il est déjà parti. Il me prie de l'excuser auprès
767 3881 1614 4100 de tout le monde.
306 4043 506 4255 ERNA
760 4047 2343 4225 Je sais ce que cela veut dire.
329 4217 673 4485 EREDERIC
786 4213 3639 4383 Moi aussi. Il était très gai hier soir, en dinant su châlet!
767 4349 1326 4470 Et ensuite
760 4380 3597 4519 R###E son humeur aujourd'hui pendant l'ascension. Pendant le
760 4489 3658 4731 retour il n'a plus dit un mot..... Oui Erna, sur une prairie
699 4674 3646 4897 Exposée à tous les regards, à cinquante pas d'un chalet qui a
756 4859 3798 5067 vingt fenêtres, je me demande si c'était le moment de tomber dans
748 5030 1961 5196 les bras d'un de l'autre,
