4104 5288
2270 157 2491 435 FJ
1757 322 2072 528 — 79 -
356 397 719 644 GUSTAVE
869 472 3735 682 Madame, demandez donc le divorce. Comment peut-on épouser un
862 656 3772 854 poète? Ce sont des monstres. Autrefois c'était bien mieux; on
869 783 3690 955 avait un poète comme on avait un esclave ou un coiffeur. Du
858 955 3728 1165 reste, c'est encore à peu près ainsi aux Agores. Mais laisser
869 1113 3360 1304 les poètes se promener en liberté, c'est de la folie.
363 1285 2802 1487 FREDERIC (arrive dans un élégant costume debeuriste
2840 1311 3701 1532 Bonsoit mesdames,
869 1498 3881 1705 messieurs, mes hommages belle madame. Comment, déjà deshabillés
873 1648 1862 1847 Vous avez vite fait.
348 1776 1809 1978 AGNER (qui est pres du gérant)
1794 1884 2581 2124 Salut Hofreiter.
862 2053 1686 2266 Bonsoik Directeur
345 2008 749 2285 FREDERIC
1712 2117 2360 2300 (a Rosenstock)
2428 2147 3540 2394 Rien pour moi? Paa de
858 2375 2907 2570 télégramme? Pas le lettre? Extraordinaire.
2960 2416 3420 2622 (à Aigner
3454 2484 3825 2664 Eh bien
858 2686 3776 2851 je puis vous dire que rien n'est changé là haut, sur la pointe
869 2858 3772 3042 tout au moins. Les chemins sont toutefois devenus un peu plus
2791 2926 3117 3049 un peu
850 2990 3506 3196 mauvais. Ou bien c'est seulement qu'on est plus vieux?
869 3162 3814 3345 Maintenant c'est dangereux d'aller là haut - mais si on s'aven-
862 3300 2993 3518 ture sur l'éboulis, c'est le Saicide certain.
820 3432 2015 3660 Oui, Penn me l'a raconté.
356 3435 652 3623 AIGNER
850 3645 3690 3806 Savez-vous, Aigner, quand on arrive dans ce couloir, environ
352 3626 746 3810 FREDERIC
869 3735 3061 3960 trois cent mètres au dessous de la pointe.....
352 3836 682 4128 AIGNER
727 3930 1386 4162 (l’intercompt)
1412 3994 3765 4196 Je vous en prie, ne me le racontez-pas, ce qui est
850 4170 3315 4383 fait est fait. Comment la petite s'est-elle tenue?
858 4319 2424 4540 Erna? 15 simplement merveilleuse?
348 4259 779 4529 FREDROIC
2611 4334 3177 4529 se pute que
824 4436 3450 4660 Je panss que l'avoir prise avec vous... c'est un peu...
333 4503 671 4653 AIGNER
869 4578 3829 4848 C'est ELLE qui NOUS a pris. Je n'avais pas l'intention d'esca¬
345 4623 742 4874 FREDERIO
858 4739 3817 4975 lader la Tour encore une fois dans ma vie. Tiens, naie où est
850 4930 1240 5114 Mauer?
