3608 5256
1436 206 1794 440 -22-
323 451 3144 697 pour toi d'aller retrouver ton fils, que de... que de partir
319 626 630 848 d'ioi.
128 786 3206 996 NIA. Je reyse que tu ne souffriras pas beaucoup de mon absence...
311 934 2475 1144 Mais à quoi bon parler de cela. (Elle se lève)
109 1008 1179 1292 REDERIC.- Cu'y a-t-il?
121 1210 3179 1440 KNIA.- Rien. Je vais dans le jardin (Elle commence à descendre les
1926 1354 2378 1459 marches).
128 1440 1471 1658 EDERIO.- (la suit du regard)
109 1592 2701 1790 ENIA.- (lentement le long de la pelouse vers l'arrière).
121 1771 3202 1946 EDERIC.- (descend de la véranda, encore avec son pardessus mais il
732 1891 3101 2058 laissé son chapeau. Il s'arrête près d'un rosier,
720 1957 1518 2086 respire une rose)
1514 2043 3202 2206 Elles n'ont plus de parfum cette an¬
300 2191 3292 2385 née. Je ne sais pas pourquoi. Chaque année elles deviennent plus
307 2339 2646 2514 belles mais elles ont perdu l'habitude d'enbaumer.
144 2510 2915 2712 NIA.- (lentement vers l'arrière, les mains derrière le dos).
109 2638 2132 2845 EDERIC. - (après un silence) Ecoute - Conis.
117 2806 957 2981 NIA.- Je t'écoute.
128 2934 1607 3156 EDERIC.- Viens plus près de moi.
121 3113 1988 3331 NIA.- (S'approchant lentement) Me voilà.
128 3284 3202 3463 EDERIC.- Ecoute, Genia. veux-tu me dire (Il la regarde tranquille-
2140 3358 3031 3522 ment dans les yeux.
288 3553 2813 3771 dois probablement savoir pourquoi Korsakow s'est tué
109 3669 3187 3942 MIA.- (tranquillement) ue signifie cette question? Tu sais que je
284 3907 1934 4086 n'ai pas été moins étonnée que toi.
121 4055 3249 4265 EDERIC.- On a eu cette impression en effet. Alors dis-moi, pourquoi
284 4210 2798 4401 veux-tu me quitter... comme ça du jour au lendemain y
97 4265 3125 4494 KNIA.- Je ne veux pas te quitter. Je veux être près de Percy. Et
284 4475 3152 4654 non pas du jour au lendemain, mais en automne seulement. Pour
276 4701 1093 4802 aller avec Percy.
105 4743 2767 5047 EDERIC.- Oui, sans oeprétexte ce serait trop surprenant.
