4024 5288
1884 235 2152 426 119
390 463 3646 719 MAUER.- Ce n'est pas le moment de vous feliciter de votre pénétration.
670 650 3155 836 Vous me permettrez maintenant, madane, de m'en aller.
390 780 3646 1023 GELIA. - Je n'ai rien à vous permettre ni rien a vous defendre. Surtout
654 938 3557 1173 comme "Madame"... Portez-vous bien cher Docteur!- Et - voulez-
650 1173 3552 1299 vous me permettre de vous donner  un avertissement avant
633 1291 3581 1470 de partir!- Ne prenez pas mal cela. Il serait tout à fait ridi-
633 1437 3455 1616 cule que vous, un homme qui voit la vie par con côté le plus
646 1579 3589 1746 sérieux, prenne aussi gravement de tels enfantillages. Les cho-
646 1754 3479 1920 ses de l'amour ne sont pas autre chose qu'un jeu, docteur,
646 1896 3544 2087 croyez-moi. Et quand on en connaît la règle, on le trouve amu-
633 2107 1754 2253 sant à voir et à jouer.
414 2233 2237 2416 AUER. - Quand on en connaît la règle....
357 2404 3492 2566 GEMIA. - C'est ce que vous ferez aussi, cher ami. Ces mots graves et
641 2550 3540 2736 bêtes qui roulent dans votre tôte, soufflez-les donc en l'air,
633 2732 3626 2850 comme des balles de savon. Et vous verrez comme ils sont légers.
621 2830 3626 3073 Ils volent... tous... ils disparaissent en fumde, ils s’évanouis-
621 3029 2229 3191 sent ces mots graves et bêtes....
394 3098 3622 3341 NAUER.- Il n'y a probablement dans le monde ou'un mot qui soit lourd -
633 3362 1656 3540 et c'est le mensonge.
349 3504 3410 3699 CHNIA.- Le mensonge? Est-ce qu'il s'agit de ça dans un jeu? Cela
621 3674 1969 3833 s'appelle ruse ou badinage.
353 3808 3548 3999 MAUER.- Un jeu -? Ah, si c'était cela!... Je vous assure,Henia, que
621 3930 3630 4170 je n'aurais pas la moindre objection contre un monde dans lequel
617 4092 3662 4300 l'amour ne serait vraiment pas autre chose qu'un jeu délicieux...
609 4295 3682 4446 Mais alors... alors, un jeu royal, s'il vous plait! Franc jusqu'à
613 4442 3581 4624 l'orgie... J'admets cela. Mais ce mélange de retenue et d'inso¬
597 4604 3581 4779 lence, de lâche jalousie et de faux calme - de passion effrenée
601 4754 3589 4953 et de plaisir vide, comme je le vois lui - je trouve cela pito-
