3592 5240
1398 296 1656 474 -27-
131 431 3099 739 REDRIC.- Ah, tu le sais par coeur. "Ce que je désigne par le mot
408 654 3142 893 insensé de fidelité, n'est au fond que l'espoir qu'il vous
331 805 1332 986 " revivndra un jour".
119 920 3199 1232 NIA.- C'était sa manière de voir. Tu sais que je ne l'espère pas
304 1105 1594 1290 et que je ne souhaite rien.
112 1240 3172 1571 EDERIC.- (la regarde, puis) "Quand je vous ai parle hier, j’étais
389 1409 3257 1644 déjà décidé". Hier?... Il était là dimanche? Oui, c'est vrai
323 1567 3065 1817 vous vous promeniez dans l'allée de long en large... oui...
720 1725 1093 1917 (11 11t)
1178 1863 3199 2056 Quand je vous ai parlé hier, je savais déjà
366 2029 3138 2171 que ma décision dépendrait d'un oüi ou d' un NON de vous. Je
354 2198 3226 2333 ne v us l'ai pas dit car je craignais que si vous aviez soup-
358 2306 3265 2479 çonne qu'il me fut tout à fait impossible de continuer à vivre
350 2429 3307 2637 dans vous... " Il écrit un peu longuement M. Alexis Korsakow...
689 2606 2980 2830 (On entend la musique du casino un peu assourdie)
339 2880 3122 3053 ne voulais pas devoir mon bonheur à une obligation ni à une
335 3022 3176 3180 sorte de contrainte, c'est pourquoi... "Aurais-tu dit OUI si
258 3188 2795 3350 tu avais nu qu'il s'agissait de la vie ou de la mort y
116 3319 3211 3588 IA.- Si je l'avais SU...? Comment peut-on savoir... Je ne l'aurais
235 3488 2372 3619 pas cru. Je ne l'aurais certainement pas cru.
100 3619 2795 3892 DERIC.- Je veux te poser la question d'une autre manière.
92 3781 3022 4089 al KREINDL (elegant, jeune, mis à la dernière mode, parait à la
654 3973 986 4150 porte).
974 4062 3219 4227 Bonsoir! Je vous présente mes hommages, madame
96 4100 2645 4350 DRRIC.- Qu'est-oer... ah, Paul, c'est vous! (Il monte)
85 4285 1544 4481 L. - Excusez-moi (Il s'approche)
1571 4404 3118 4601 Je ne veux pas vous déranger. Je
216 4570 3176 4732 suis envoyé du casino par Mme von Wahl et made oiselle Erna, le
200 4728 2645 4905 lieutenant von Aigner et le capitaine Stanzides...
85 4847 1170 5086 DERIC.- Il sort déjà?
