4168 5320
2065 274 2350 438 - 61 -
1019 356 1188 521 "   .
2027 408 2717 547 TROISIEME ACTE
2432 517 2736 637 =======
1818 600 3245 806 HALL DE L'HOTEL VOLSER SEIHER
1417 888 3867 1008 Entrée devant à gauche (porte tournante). A droite
978 918 3950 1091 de l'entrée en face, ascenseur, de chaque côté des escaliers qui
993 1064 3954 1154 conduisent au dessus. Dans le fond, grande baie vitrée formant
993 1117 3987 1252 window. Vue sur un paysage de forets, de montagnes, de rochers.
1413 1222 3995 1327 A droite au fond, porte conduisant à la salle à manger.
982 1289 3984 1402 A l'entrée, grande, longue table avec des prospectus, des plana,
993 1372 3976 1473 etc,.. Derrière un panneau en bois avec des cases pour les let-
1001 1432 3935 1555 tres et des crochets pour les clés des chambres. Dans le hall,
1001 1533 3950 1626 dans un corn, tables et sièges variés. Sur quelques tables des
989 1604 3901 1701 journaux. - fauteuil bascule -. Beaucoup de mouvement dans le
1001 1671 3946 1791 hall, qui continue pendant l'acte sans gèner l'action, avec des
1001 1750 3901 1851 interruptions correspondantes. - Touristes et hôtes d'été, qui
993 1836 4006 1952 arrivent du dehors, hôtes qui prennant l'ascenseur, d'autres qui
982 1900 3852 2005 montent ou descendent les escaliers; par hasard un garçon, des
982 1986 3920 2106 messieurs et des dames, qui autour d'une table lisent des jour-
982 2072 2964 2234 naux ou causent. - un groom à l'ascenseur.
1413 2192 3882 2327 (Derrière la table à l'entrée, le portier Rosenstock,
1012 2286 3987 2432 joues rouges, encore assez jeune, petite moustache noire,chevaux
993 2383 3811 2481 noirs, yeux fins et bons, empressé mais digne. Il donne des
989 2447 3568 2593 journaux à un groom qui s'éloigne et prend l'escalier).
1413 2578 3931 2721 6Deux hommes en costume de montagne viennent de dehors
978 2687 3054 2833 et passent aussitôt dans la salle à manger).
1413 2822 3058 2998 (Rosenstock écrit sur un registre).
1413 2976 3714 3107 (Sur l'escalier, le docteur Meyer, petit, presque
982 3043 3976 3230 timide, dans un costume d'été négligé, s'approche du portier. Il
982 3163 2575 3313 a dans les mains une carte pliée).
487 3373 2533 3534 ETER (Après avoir attendu un petit instant)
2507 3444 3077 3594 Portier...
506 3598 3305 3748 OSENSTOCK (aimable, nais non sans le sentiment de sa dignité)
3287 3669 3706 3837 Plait-il
1001 3837 2050 4010 Monsieur le Docteur?
993 4021 3920 4163 Je voulais seulement vous poser une question, portier.... J'ai
993 4148 3954 4313 l'intention de faire une excursion demain et je voudrais savoir
1012 4280 3511 4430 si on a besoin d'un guide pour aller à Hofbrandhütte.
480 4388 907 4624 OSENSTOCK
1012 4493 3856 4651 Oh, certainement non, docteur. On ne peut pas se tromper de
1012 4609 2350 4748 chemin, il est bien indiqué.
480 4767 667 4943 GEYER
1004 4756 3819 4939 Et si delà je veux monter un plus haut? Par exemple jusqu'à
989 4913 1746 5100 la Tour Ligner.
