4088 5288
1907 207 2221 452 - 94 —
379 379 785 593 FREDERIC
842 387 3921 548 Oui, justement, il vous prie de l'excuser, il a reçu un télégramme
838 528 2925 773 qui le rappelle, il a dû partir brusquement.
371 720 777 896 Mme WAHL
850 704 3756 888 Un télégramme, le Dr Mauer? Cela me parait..... Mes enfants,
842 888 3775 1061 on me cache quelque chose. Il est tomber...... Il est....mort...
838 1030 3882 1256 Non, écoutez, maman Wahl, croyez-vous que nous pourrions bavarder
371 1015 777 1218 FREDERIC
842 1202 2316 1397 là aussi tranquillement......
838 1359 2355 1543 Oh, avec vous on ne sait jamais.
383 1313 785 1532 Mme Wahl.
364 1486 770 1666 FREDERIC
827 1482 2692 1681 J'aurais au moins pris des gants noirs.
364 1646 3074 1876 SERKNITZ (arrive en smoting, cravate blanche, vers Aigner)
3113 1681 3802 1922 J’ai l’honneur
827 1888 3821 2087 de me mettre à vos ordres M. le Directeur. Mon linge est arrivé
884 2033 3833 2198 et j'ai été si heureux de me mettre aussitot dans uneawilette
827 2194 2627 2401 correspondante au rang de votre Hôtel.
838 2332 3094 2550 Vous êtes tout à fait irrésistible, M. Serknitz.
345 2282 682 2515 AIGNER
352 2515 2217 2688 SEWNITZ (passe dans la salle à manger)
371 2627 2002 2841 Mme NABL et AIGNER (en même temps)
907 2822 3664 2956 (Mme Rhon et Gustave, Rhon, Meyer, d'autres, qui descendent
915 2933 2569 3090 l'escalier, dans la salle à manger)
360 3040 1715 3235 ERNA et FREDERIC (ensemble)
364 3205 754 3381 FREDERIC
789 3151 2450 3404 (à haute voix) Venez Erna (plus bas)
2450 3281 3672 3461 Te rappelles-tu ce que tu
869 3404 2098 3630 m'as dit tout à l'heure?
352 3580 582 3771 ERNA
869 3599 1099 3806 Oui.
360 3764 762 3947 FREDERIC
881 3741 3289 3936 On vient de servir là ce soil notre repas de noces.
356 3940 590 4085 ERNA
869 3913 3641 4147 Et haureusement, il n'y aura personne pour porter un toast.
371 4085 758 4311 FREDERIC
858 4055 1834 4307 Et tu m'appartiene.
352 4258 597 4395 ERNA
858 4242 1087 4411 Oui.
850 4315 3833 4556 Refléchis bien à ce que tu dis. Ce soir, à l'heure où ta porte
364 4372 747 4583 FREDERIC
869 4556 3833 4732 devra être fermée, je l'enfoncerai et ce sera fini de nous deux.
873 4656 3055 4878 Mais rien ne sera jamais fini entre nous xxxx.
345 4690 593 4882 ERNA
368 4855 731 5065 FREDERIO
858 4855 1371 5042 Erna....!
