4088 5304
1850 201 2170 455 110 -
496 349 1046 537 MAUER.- Ah.
492 521 1517 718 FREDERIC. - Tu as lu?
509 697 2239 853 IAUER. - Entendu, pour dire la vérité.
480 837 2863 1075 FREDERIC. - Alors je te demande: que dois-je faise?
492 1017 3638 1218 MAUER.- Ce que tu dois faire? Tu as la preuve en mains. La lettre de
738 1165 1858 1390 Korsakon à ta femme....
480 1345 3609 1591 FREDERIC.- A quoi peut-elle me servir? Je ne peux pas montrer... ce
734 1501 2219 1690 serait de bien mauvais goût....
472 1653 3650 1837 RAUER.- Aoui, alors... Ne t'occupes pas de cela. Ce bruit s'apaisera
730 1825 3662 2030 comme il a commence. Il n'est pas possible que les gens intel-
718 1977 3601 2141 ligents croient sérieusement quelque chose de semblable de ta
722 2137 993 2313 part.
443 2284 3724 2481 FREDENIC. - Si. tout de même - il en reste quelque chose. Et quelqu'un
705 2428 3761 2608 a écrit cette infamie le premier. Si on savait à quoi s'en tenir?
431 2633 2695 2772 MAUER. - On peut difficilement dépister l'auteur.
443 2781 2781 2969 FREDERIC. - Pour moi, il est dépisté. C'est natter.
431 2924 1280 3101 MAUER. - Tu crois?
418 3088 2752 3256 FREDERIC.- C'est sarsngeance... Il a tout su...
431 3224 1792 3425 MAUER.- (vite) Il a tout su?
422 3400 3720 3560 FREDERIC. - Oui.- Il y a moins de maris trompés que les femmes et même
693 3552 1923 3765 les amants ne le croient
2432 3593 2797 3761 soulevé.
406 3716 3252 3917 MAUER.- As-tu des preuves que ce bruit a été xxxx par lui?
459 3876 1829 4077 FREDERIC.- Des preuves, non.
414 3982 2149 4224 MAUER.- Alors tu ne peux rien faire.
418 4200 2826 4384 F EDRRIC.— Je peux lui poser carrement la question.
414 4360 2030 4548 MAUER.- Il mentira naturelle ent.
418 4503 1780 4704 FREDERIC.- Je peux le punir.
414 4651 2543 4852 MAUER.- cela ne changera rien à la situation.
402 4819 2317 5024 FREDERIC.- Mais peut-être à mon humeur.
