3416 4008
2542 212 2676 388 85
675 409 1275 588 Sala (kommt).
681 571 1615 757 Sala: Guten Abend,
681 690 2734 893 Hans: Guten Abend, Julian. Waren Sie bei dem
977 855 1333 1041 Grafen?
681 1015 1791 1246 Hans: Ja Herr von Sala.
687 1174 1620 1348 Sala: Julian weiss?
701 1316 1157 1516 Hans: Ja.
693 1423 3023 1687 Sala: Nun, was sagte er, ein liebenswürdiger Mensch
988 1629 1539 1800 nicht wahr?
701 1713 2910 1974 Hans: Es waren auch drei andere Herren bei ihm,
1003 1919 2006 2142 ein junger Engländer -
710 2070 2090 2284 Sala: Der hiess John Bragon.
716 2273 1165 2432 Hans : Ja.
713 2351 2794 2580 Sala: Nun, das ist einer von denen,dte an der
1015 2519 2887 2713 ers ten Expedition teilgenommen haben, Ihr
1006 2644 2849 2847 Vater weiss noch nichts? Wo ist Julian?
725 2841 2745 3000 Julian(drin) Ich rauche nur eine Zigarette.
730 2965 2899 3183 Sala: Ihr Vater weiss noch nichts? Nun, das ist
1012 3131 2626 3342 Ihre Sache. Sie fahren heute Abend?
730 3284 1183 3507 Hans : Ja.
728 3441 1560 3699 Sala: Nach Padua?
