<?xml version="1.0" encoding="UTF-8" standalone="yes"?>
<PcGts xmlns="http://schema.primaresearch.org/PAGE/gts/pagecontent/2013-07-15" xmlns:xsi="http://www.w3.org/2001/XMLSchema-instance" xsi:schemaLocation="http://schema.primaresearch.org/PAGE/gts/pagecontent/2013-07-15 http://schema.primaresearch.org/PAGE/gts/pagecontent/2013-07-15/pagecontent.xsd">
    <Metadata>
        <Creator>prov=READ-COOP:name=TrHtr:version=2.1.0:model_id=51170:date=28_07_2023_17:25</Creator>
        <Created>2023-05-10T11:40:47.111+02:00</Created>
        <LastChange>2023-07-28T17:25:54.762+02:00</LastChange>
        <TranskribusMetadata docId="1428169" pageId="55391200" pageNr="265" tsid="131367072" status="IN_PROGRESS" userId="64420" imgUrl="https://files.transkribus.eu/Get?id=EHEFQQJFXPEWMHMMLNBUJIBS&amp;fileType=view" xmlUrl="https://files.transkribus.eu/Get?id=JTSPTSQSOXQREFENKREAQREE" imageId="44666085"/>
    </Metadata>
    <Page imageFilename="1428169_0265.jpg" imageWidth="3480" imageHeight="4216">
        <ReadingOrder>
            <OrderedGroup id="ro_1711803590970" caption="Regions reading order">
                <RegionRefIndexed index="0" regionRef="tr_2"/>
                <RegionRefIndexed index="1" regionRef="tr_1"/>
            </OrderedGroup>
        </ReadingOrder>
        <TextRegion id="tr_2" custom="readingOrder {index:0;}">
            <Coords points="346,200 3003,200 3003,1437 346,1437"/>
            <TextLine id="tr_2_tl_1" custom="readingOrder {index:0;}">
                <Coords points="1464,350 1533,334 1596,350 1754,262 1896,341 1966,331 1975,155 1470,170"/>
                <Baseline points="1486,265 1528,268 1573,268 1618,268 1663,265 1707,265 1752,265 1797,259 1842,256 1887,256 1931,253 1976,250"/>
                <TextEquiv>
                    <Unicode>I in Sep.</Unicode>
                </TextEquiv>
            </TextLine>
            <TextLine id="tr_2_tl_2" custom="readingOrder {index:1;}">
                <Coords points="461,555 631,442 1016,420 2802,439 2991,366 2997,249 2814,328 2505,334 2246,211 1685,357 467,325"/>
                <Baseline points="480,456 495,450 540,447 585,444 630,441 674,435 719,432 764,432 809,432 853,429 898,426 943,423 988,423 1033,418 1077,418 1122,418 1167,423 1212,423 1257,426 1301,423 1346,423 1391,426 1436,429 1480,426 1525,426 1570,423 1615,421 1660,418 1704,415 1749,409 1794,406 1839,403 1884,400 1928,400 1973,394 2018,391 2063,388 2108,388 2152,382 2197,382 2242,376 2287,373 2331,373 2376,373 2421,373 2466,370 2511,370 2555,370 2600,373 2645,370 2690,370 2735,370 2779,367 2824,364 2869,361 2914,358 2958,352 3003,349"/>
                <TextEquiv>
                    <Unicode>Ich bin ein Sognen, einen Sohn, nachdem mit mehr.</Unicode>
                </TextEquiv>
            </TextLine>
            <TextLine id="tr_2_tl_3" custom="readingOrder {index:2;}">
                <Coords points="946,584 984,587 1054,524 1136,530 1148,521 1205,521 1205,448 1167,464 1111,432 1079,461 1035,416 946,439"/>
                <Baseline points="964,513 1009,513 1054,513 1098,510 1143,510 1188,513 1212,516"/>
                <TextEquiv>
                    <Unicode>Gestr</Unicode>
                </TextEquiv>
            </TextLine>
            <TextLine id="tr_2_tl_4" custom="readingOrder {index:3;}">
                <Coords points="344,656 581,764 921,625 1338,700 1622,571 2461,593 2751,498 2186,413 858,562 647,457 350,502"/>
                <Baseline points="361,621 382,624 426,621 471,621 516,624 561,624 606,627 650,627 695,621 740,621 785,615 830,612 874,606 919,603 964,600 1009,594 1054,591 1098,591 1143,591 1188,594 1233,591 1277,588 1322,588 1367,588 1412,585 1457,585 1501,582 1546,576 1591,570 1636,570 1681,567 1725,561 1770,555 1815,552 1860,552 1904,546 1949,546 1994,546 2039,543 2084,543 2128,543 2173,540 2218,537 2263,540 2308,537 2352,540 2397,546 2442,546 2487,546 2531,540 2576,540 2621,537 2666,534 2711,534 2755,534"/>
                <TextEquiv>
                    <Unicode>Als ich aber zu treu nahm. Da ich für die Viel höchst</Unicode>
                </TextEquiv>
            </TextLine>
            <TextLine id="tr_2_tl_5" custom="readingOrder {index:4;}">
                <Coords points="1884,650 2309,681 2455,622 2568,672 2641,618 2745,606 2748,546 2552,549 2464,590 2373,546 2246,593 2117,555 2016,587 1978,558 1884,615"/>
                <Baseline points="1901,638 1946,641 1991,638 2036,635 2081,635 2125,632 2170,635 2215,635 2260,630 2305,630 2349,627 2394,624 2439,615 2484,612 2529,612 2573,606 2618,603 2663,603 2708,600 2752,600"/>
                <TextEquiv>
                    <Unicode>satt nicht konnte</Unicode>
                </TextEquiv>
            </TextLine>
            <TextLine id="tr_2_tl_6" custom="readingOrder {index:5;}">
                <Coords points="1101,833 1224,871 1322,805 1877,814 1984,764 2120,820 2268,738 2366,795 2710,726 2716,637 1783,647 1467,738 1114,653"/>
                <Baseline points="1125,776 1152,779 1197,782 1242,782 1286,776 1331,773 1376,770 1421,770 1466,764 1510,764 1555,761 1600,758 1645,758 1689,758 1734,755 1779,749 1824,746 1869,740 1913,740 1958,737 2003,734 2048,731 2093,725 2137,722 2182,722 2227,716 2272,716 2317,716 2361,719 2406,719 2451,713 2496,707 2540,704 2585,701 2630,698 2675,695 2720,695"/>
                <TextEquiv>
                    <Unicode>H a sif wfris, dr</Unicode>
                </TextEquiv>
            </TextLine>
            <TextLine id="tr_2_tl_7" custom="readingOrder {index:6;}">
                <Coords points="325,836 385,852 546,801 741,874 896,842 1006,887 1047,877 1054,678 972,704 874,672 593,782 331,656"/>
                <Baseline points="346,806 385,800 429,800 474,800 519,800 564,806 609,803 653,803 698,800 743,800 788,800 833,797 877,794 922,788 967,782 1012,785 1058,781"/>
                <TextEquiv>
                    <Unicode>Nie mich ich</Unicode>
                </TextEquiv>
            </TextLine>
            <TextLine id="tr_2_tl_8" custom="readingOrder {index:7;}">
                <Coords points="401,1019 1032,1082 1230,991 1871,988 2272,899 2281,808 2010,786 1372,934 1117,893 924,956 413,874"/>
                <Baseline points="421,1009 441,1006 486,1009 531,1012 576,1012 621,1015 665,1012 710,1012 755,1009 800,1012 844,1012 889,1012 934,1012 979,1015 1024,1012 1068,1003 1113,997 1158,991 1203,988 1248,985 1292,982 1337,979 1382,973 1427,967 1472,964 1516,961 1561,961 1606,958 1651,958 1695,958 1740,955 1785,952 1830,943 1875,937 1919,931 1964,922 2009,916 2054,910 2099,907 2143,901 2188,892 2233,886 2278,880"/>
                <TextEquiv>
                    <Unicode>Maschen und Cajori, solange ich hebt.</Unicode>
                </TextEquiv>
            </TextLine>
            <TextLine id="tr_2_tl_9" custom="readingOrder {index:8;}">
                <Coords points="1464,1202 1536,1240 1792,1196 1861,1139 2149,1174 2366,1095 2455,1152 2688,1139 2751,1126 2767,953 2461,1016 2076,962 1786,1085 1678,1022 1477,1044"/>
                <Baseline points="1489,1153 1537,1149 1582,1146 1627,1146 1672,1149 1716,1143 1761,1140 1806,1140 1851,1137 1896,1134 1940,1125 1985,1125 2030,1116 2075,1110 2119,1107 2164,1104 2209,1101 2254,1098 2299,1092 2343,1089 2388,1086 2433,1083 2478,1077 2523,1074 2567,1074 2612,1071 2657,1068 2702,1065 2746,1062 2764,1062"/>
                <TextEquiv>
                    <Unicode>(ist in auf daher bei.. soll</Unicode>
                </TextEquiv>
            </TextLine>
            <TextLine id="tr_2_tl_10" custom="readingOrder {index:9;}">
                <Coords points="498,1275 700,1287 760,1335 896,1240 956,1275 1171,1193 1448,1199 1454,1126 1174,1054 1010,1060 770,1164 508,1101"/>
                <Baseline points="519,1236 558,1224 603,1227 647,1221 692,1221 737,1212 782,1203 827,1203 871,1194 916,1197 961,1191 1006,1188 1051,1188 1095,1185 1140,1182 1185,1179 1230,1176 1274,1176 1319,1173 1364,1173 1409,1176 1455,1157"/>
                <TextEquiv>
                    <Unicode>G. v. et ledit lui</Unicode>
                </TextEquiv>
            </TextLine>
            <TextLine id="tr_2_tl_11" custom="readingOrder {index:10;}">
                <Coords points="1568,1448 2013,1376 2212,1439 2543,1335 2704,1338 2710,1275 2439,1278 2237,1186 2067,1259 1887,1259 1742,1183 1590,1212"/>
                <Baseline points="1588,1418 1594,1415 1639,1412 1684,1406 1728,1400 1773,1394 1818,1388 1863,1385 1907,1382 1952,1379 1997,1373 2042,1367 2087,1361 2131,1355 2176,1352 2221,1343 2266,1343 2311,1337 2355,1337 2400,1331 2445,1328 2490,1325 2534,1325 2579,1322 2624,1319 2669,1316 2714,1313"/>
                <TextEquiv>
                    <Unicode>Au Sohe</Unicode>
                </TextEquiv>
            </TextLine>
            <TextLine id="tr_2_tl_12" custom="readingOrder {index:11;}">
                <Coords points="451,1445 508,1439 581,1464 637,1429 697,1436 786,1398 940,1401 981,1388 984,1360 909,1360 877,1325 760,1360 726,1335 634,1366 593,1347 508,1366 461,1353"/>
                <Baseline points="471,1427 495,1424 540,1421 585,1418 630,1415 674,1409 719,1403 764,1397 809,1394 853,1388 898,1385 943,1382 988,1388"/>
                <TextEquiv>
                    <Unicode>xx</Unicode>
                </TextEquiv>
            </TextLine>
        </TextRegion>
        <TextRegion id="tr_1" custom="readingOrder {index:1;}">
            <Coords points="418,1439 2982,1439 2982,3939 418,3939"/>
            <TextLine id="tr_1_tl_1" custom="readingOrder {index:0;}">
                <Coords points="442,1767 1271,1609 2218,1622 2840,1514 2846,1442 2565,1369 1533,1555 1205,1483 464,1543"/>
                <Baseline points="462,1719 474,1719 519,1716 564,1710 609,1707 653,1698 698,1689 743,1681 788,1675 833,1669 877,1666 922,1660 967,1654 1012,1645 1056,1633 1101,1627 1146,1624 1191,1618 1236,1612 1280,1609 1325,1606 1370,1600 1415,1600 1460,1597 1504,1591 1549,1591 1594,1588 1639,1579 1684,1579 1728,1576 1773,1573 1818,1570 1863,1567 1907,1564 1952,1561 1997,1555 2042,1555 2087,1546 2131,1543 2176,1534 2221,1534 2266,1525 2311,1522 2355,1519 2400,1516 2445,1510 2490,1504 2534,1501 2579,1498 2624,1495 2669,1495 2714,1492 2758,1492 2803,1492 2848,1489"/>
                <TextEquiv>
                    <Unicode>2/ hie ein Sincerton uren Sohn, nach einem</Unicode>
                </TextEquiv>
            </TextLine>
            <TextLine id="tr_1_tl_2" custom="readingOrder {index:1;}">
                <Coords points="574,2089 2026,1874 2477,1928 2515,1675 2104,1688 1757,1811 1278,1792 593,1959"/>
                <Baseline points="594,2075 627,2069 671,2060 716,2051 761,2042 806,2039 850,2027 895,2015 940,2009 985,2000 1030,1991 1074,1985 1119,1973 1164,1967 1209,1952 1254,1946 1298,1943 1343,1940 1388,1934 1433,1931 1477,1925 1522,1916 1567,1913 1612,1907 1657,1904 1701,1898 1746,1896 1791,1890 1836,1884 1881,1875 1925,1866 1970,1860 2015,1854 2060,1842 2105,1833 2149,1827 2194,1821 2239,1818 2284,1809 2328,1800 2373,1794 2418,1788 2463,1779 2508,1776"/>
                <TextEquiv>
                    <Unicode>Ich hatte der Muth nicht, der die Mehrheit</Unicode>
                </TextEquiv>
            </TextLine>
            <TextLine id="tr_1_tl_3" custom="readingOrder {index:2;}">
                <Coords points="391,1981 432,1997 492,1969 552,2000 726,1890 795,1931 912,1855 981,1852 991,1776 946,1786 909,1745 792,1814 713,1792 669,1808 637,1770 521,1808 486,1783 442,1808 413,1798"/>
                <Baseline points="418,1901 450,1901 495,1898 540,1896 585,1893 630,1890 674,1881 719,1872 764,1869 809,1860 853,1854 898,1845 943,1842 988,1842"/>
                <TextEquiv>
                    <Unicode>mich nicht</Unicode>
                </TextEquiv>
            </TextLine>
            <TextLine id="tr_1_tl_4" custom="readingOrder {index:3;}">
                <Coords points="558,2275 833,2291 950,2208 1155,2215 1407,2133 1458,2174 1754,2098 1902,2139 1931,1943 1697,1959 1495,2054 1278,2035 1085,2133 805,2079 581,2114"/>
                <Baseline points="582,2236 624,2233 668,2239 713,2236 758,2233 803,2224 844,2209 889,2200 934,2194 979,2182 1024,2173 1068,2167 1113,2170 1158,2164 1203,2158 1248,2155 1292,2149 1337,2143 1382,2137 1427,2128 1472,2125 1516,2122 1561,2110 1606,2105 1651,2099 1695,2093 1740,2087 1785,2081 1830,2075 1875,2069 1919,2069"/>
                <TextEquiv>
                    <Unicode>v. Segen, solang ich hebt</Unicode>
                </TextEquiv>
            </TextLine>
            <TextLine id="tr_1_tl_5" custom="readingOrder {index:4;}">
                <Coords points="584,2489 849,2417 1022,2477 1117,2420 1306,2433 1429,2344 2013,2250 2019,2205 1830,2212 1697,2117 1540,2177 1079,2205 972,2281 609,2294"/>
                <Baseline points="615,2406 632,2406 677,2406 722,2406 767,2403 812,2397 856,2388 901,2379 946,2373 991,2367 1036,2358 1080,2355 1125,2349 1170,2343 1215,2340 1260,2334 1304,2325 1349,2322 1394,2319 1439,2308 1483,2302 1528,2293 1573,2290 1618,2281 1663,2278 1707,2272 1752,2269 1797,2263 1842,2257 1887,2254 1931,2248 1976,2242 2021,2227"/>
                <TextEquiv>
                    <Unicode>Zahl, dass ich dahin Sie.....</Unicode>
                </TextEquiv>
            </TextLine>
            <TextLine id="tr_1_tl_6" custom="readingOrder {index:5;}">
                <Coords points="681,2609 934,2537 1391,2565 1991,2417 2136,2451 2533,2363 2543,2272 1915,2366 1824,2306 1047,2480 700,2445"/>
                <Baseline points="707,2526 719,2534 764,2534 809,2529 853,2529 898,2529 943,2520 988,2517 1033,2514 1077,2511 1122,2508 1167,2505 1212,2502 1257,2499 1301,2496 1346,2493 1391,2490 1436,2487 1480,2481 1525,2478 1570,2472 1615,2469 1660,2457 1660,2457 1707,2454 1752,2445 1797,2442 1842,2439 1887,2433 1931,2427 1976,2418 2021,2415 2066,2409 2110,2406 2155,2397 2200,2391 2245,2385 2290,2376 2334,2367 2379,2358 2424,2352 2469,2343 2514,2340 2546,2337"/>
                <TextEquiv>
                    <Unicode>Ist an ich daß sie... selle ich,</Unicode>
                </TextEquiv>
            </TextLine>
            <TextLine id="tr_1_tl_7" custom="readingOrder {index:6;}">
                <Coords points="685,2808 719,2811 767,2786 782,2798 814,2773 893,2805 934,2789 962,2814 1006,2786 1051,2786 1063,2663 997,2644 940,2666 912,2647 842,2691 754,2716 697,2694"/>
                <Baseline points="704,2773 707,2773 752,2770 797,2764 842,2761 886,2758 931,2755 976,2743 1021,2738 1065,2729"/>
                <TextEquiv>
                    <Unicode>erlesen</Unicode>
                </TextEquiv>
            </TextLine>
            <TextLine id="tr_1_tl_8" custom="readingOrder {index:7;}">
                <Coords points="511,3004 1029,2937 1133,3019 1571,2881 2117,2840 2316,2713 1909,2669 1253,2865 1047,2780 880,2862 536,2805"/>
                <Baseline points="528,2994 567,2991 612,2988 656,2985 701,2982 746,2973 791,2967 836,2961 880,2952 925,2950 970,2944 1015,2935 1059,2929 1104,2920 1149,2917 1194,2917 1239,2908 1283,2899 1328,2893 1373,2890 1418,2881 1463,2875 1507,2872 1552,2866 1597,2866 1642,2860 1686,2851 1731,2845 1776,2842 1821,2836 1866,2830 1910,2824 1955,2815 2000,2800 2045,2797 2090,2785 2134,2776 2179,2767 2224,2755 2269,2749 2314,2743"/>
                <TextEquiv>
                    <Unicode>den den die Er d Uhr hielte..</Unicode>
                </TextEquiv>
            </TextLine>
            <TextLine id="tr_1_tl_9" custom="readingOrder {index:8;}">
                <Coords points="445,3228 622,3275 1442,3130 1625,3209 2682,2925 2262,2865 454,3139"/>
                <Baseline points="462,3224 492,3224 537,3221 582,3218 627,3218 671,3212 716,3206 761,3200 806,3194 850,3191 895,3185 940,3179 985,3173 1030,3167 1074,3162 1119,3156 1164,3150 1209,3144 1254,3138 1298,3135 1343,3129 1388,3123 1433,3120 1477,3114 1522,3111 1567,3105 1612,3099 1657,3096 1701,3090 1746,3084 1791,3072 1836,3057 1881,3054 1925,3042 1970,3036 2015,3027 2060,3021 2105,3015 2149,3012 2194,3003 2239,2997 2284,2991 2328,2988 2373,2982 2418,2979 2463,2973 2508,2970 2552,2964 2597,2961 2642,2958 2687,2950"/>
                <TextEquiv>
                    <Unicode>dise angelegen Brief... freund holer.</Unicode>
                </TextEquiv>
            </TextLine>
            <TextLine id="tr_1_tl_10" custom="readingOrder {index:9;}">
                <Coords points="590,3445 805,3467 1410,3344 1745,3379 1978,3284 2044,3313 2051,3246 1830,3183 603,3310"/>
                <Baseline points="612,3424 624,3421 668,3418 713,3415 758,3406 803,3397 847,3388 892,3379 937,3373 982,3368 1027,3359 1071,3353 1116,3350 1161,3347 1206,3344 1251,3344 1295,3338 1340,3338 1385,3332 1430,3332 1475,3329 1519,3326 1564,3323 1609,3326 1654,3323 1698,3314 1743,3308 1788,3302 1833,3302 1878,3299 1922,3293 1967,3284 2012,3281 2057,3275"/>
                <TextEquiv>
                    <Unicode>Zu ttühretisch, Er mich...</Unicode>
                </TextEquiv>
            </TextLine>
            <TextLine id="tr_1_tl_11" custom="readingOrder {index:10;}">
                <Coords points="681,3660 2161,3477 2477,3594 2972,3493 2981,3347 2710,3300 2461,3420 1685,3363 1404,3489 697,3436"/>
                <Baseline points="701,3615 743,3609 788,3609 833,3603 877,3594 922,3588 967,3583 1012,3580 1056,3574 1101,3568 1146,3562 1191,3556 1236,3550 1280,3547 1325,3541 1370,3538 1415,3532 1460,3529 1504,3526 1549,3523 1594,3520 1639,3517 1684,3511 1728,3508 1773,3505 1818,3499 1863,3493 1907,3493 1952,3487 1997,3481 2042,3481 2087,3478 2131,3475 2176,3478 2221,3475 2266,3475 2311,3475 2355,3472 2400,3469 2445,3469 2490,3466 2534,3463 2579,3460 2624,3457 2669,3454 2714,3451 2758,3445 2803,3448 2848,3448 2893,3448 2938,3445 2982,3454"/>
                <TextEquiv>
                    <Unicode>Zie tricht er ab... Johanna hat ihr</Unicode>
                </TextEquiv>
            </TextLine>
            <TextLine id="tr_1_tl_12" custom="readingOrder {index:11;}">
                <Coords points="562,3824 2240,3653 2549,3707 2925,3619 2931,3546 2773,3489 2483,3594 574,3666"/>
                <Baseline points="582,3771 606,3771 650,3774 695,3780 740,3783 785,3783 830,3777 874,3774 919,3768 964,3759 1009,3753 1054,3747 1098,3741 1143,3735 1188,3732 1233,3732 1277,3729 1322,3723 1367,3720 1412,3717 1457,3711 1501,3708 1546,3705 1591,3699 1636,3696 1681,3690 1725,3687 1770,3684 1815,3678 1860,3675 1904,3675 1949,3669 1994,3669 2039,3666 2084,3660 2128,3657 2173,3657 2218,3654 2263,3648 2308,3645 2352,3639 2397,3636 2442,3633 2487,3636 2531,3636 2576,3630 2621,3627 2666,3621 2711,3621 2755,3615 2800,3615 2845,3609 2890,3615 2935,3609"/>
                <TextEquiv>
                    <Unicode>or lut jomammer im zugebe.</Unicode>
                </TextEquiv>
            </TextLine>
            <TextLine id="tr_1_tl_13" custom="readingOrder {index:12;}">
                <Coords points="741,4001 1044,3909 1439,3937 1792,3852 1912,3855 1981,3915 2117,3868 2126,3739 1808,3802 1600,3764 1502,3833 1278,3761 997,3855 754,3802"/>
                <Baseline points="761,3929 806,3923 850,3926 895,3917 940,3920 985,3920 1030,3914 1074,3911 1119,3905 1164,3902 1209,3899 1254,3899 1298,3896 1343,3893 1388,3887 1433,3884 1477,3881 1522,3872 1567,3872 1612,3866 1657,3863 1701,3857 1746,3854 1791,3851 1836,3851 1881,3845 1925,3842 1970,3842 2015,3839 2060,3839 2105,3839 2128,3842"/>
                <TextEquiv>
                    <Unicode>Dort ihr ich in Nala nicht,</Unicode>
                </TextEquiv>
            </TextLine>
        </TextRegion>
    </Page>
</PcGts>
