3368 4088
303 241 491 485 the
467 300 1939 570 From-Sala -Tulion -
314 538 1821 790 feilie august ich ihn Alten.
314 749 1642 958 Bump to im Wifel!
385 878 1771 1107 Til atibt Kimpek.
388 925 2294 1278 - ich jetzt noch seit überl.
273 1169 2171 1451 Sie die Keil nicht weitnig:
314 1386 1031 1616 heit konste.
414 1413 2779 1736 Was nicht nicht diesen konnten. (konnte) -
388 1765 981 1965 Julia rufs
464 1974 2603 2227 — Sal: Mai xxx und Ihnen lieber reist,
494 2118 2535 2409 mann nicht! - Bitte hin ihr verfach.
529 2397 2550 2694 Ich will t haben.. E. is so
579 2644 1436 2823 Ich wären auch.
573 2755 2385 3011 Muhrung in die Kommersche Herrn
655 2896 2379 3164 we ist & when i in up & ck
629 3126 2297 3325 Mrs! do soll of amperdinge
1992 3234 2817 3457 (was terlrs)
599 3264 1921 3516 (lager tüchen nichts.!)
523 3434 1845 3663 nicht wüßte da 5 Ehed. —
2735 220 3093 461 tus II
