3704 4520
2362 814 2444 956 6
806 932 1976 1101 möchte ihn kennen lernen.
800 1096 3006 1247 Der Sohn kommt.. Ah, Frau X, die berühmte Schau¬
819 1258 3014 1373 spielerin, die sich von der Bühne zurückgezogen.
797 1392 1921 1543 Die Schauspielerin geht.
797 1521 2825 1691 Der Sohn, Gespräche. Er ist seiner Schwester
797 1710 2893 1830 nicht bös. Mit Ihnen kann man über alles spre-
811 1839 2959 2047 chen. Und doch, wenn ich sie sahe, ich würfe sie
811 1997 1641 2156 töten, glaube ich.
781 2159 2830 2315 Der Junggeselle, immer erregter werdend: Ich
792 2293 1477 2455 bin de in Vater.
792 2461 1581 2617 Was sagen Sie da?
800 2592 2888 2756 Ich will, dass man es weiss. Du sollst mit mir
784 2765 2839 2913 leben, du sollst mich lieben. Du kannst doch
797 2891 2124 3047 diesen Menschen nicht lieben.
786 3047 1348 3211 Ja, nur ihn.
795 3195 2874 3332 Ich will nicht einsam sein, ich will nicht im
789 3351 2022 3526 Verborgenen ein Kind haben.
770 3496 2910 3628 Aber das ist ja Unsinn. Da Sie es wissen, kann
773 3683 2208 3820 es Ihnen genügen. Meine Mutter
778 3820 2189 3981 Sieh, hier sind ihre Bildnisse.
