<?xml version="1.0" encoding="UTF-8" standalone="yes"?>
<PcGts xmlns="http://schema.primaresearch.org/PAGE/gts/pagecontent/2013-07-15" xmlns:xsi="http://www.w3.org/2001/XMLSchema-instance" xsi:schemaLocation="http://schema.primaresearch.org/PAGE/gts/pagecontent/2013-07-15 http://schema.primaresearch.org/PAGE/gts/pagecontent/2013-07-15/pagecontent.xsd">
    <Metadata>
        <Creator>prov=READ-COOP:name=TrHtr:version=2.1.0:model_id=51170:date=28_07_2023_17:24</Creator>
        <Created>2023-05-10T11:40:13.326+02:00</Created>
        <LastChange>2023-07-28T17:24:02.577+02:00</LastChange>
        <TranskribusMetadata docId="1428169" pageId="55389642" pageNr="11" tsid="131366809" status="IN_PROGRESS" userId="64420" imgUrl="https://files.transkribus.eu/Get?id=WTJRJZNAEAUUORMLQUTOGHEF&amp;fileType=view" xmlUrl="https://files.transkribus.eu/Get?id=EBEODAOFREXVDEPRWLJHSAQQ" imageId="44664531"/>
    </Metadata>
    <Page imageFilename="1428169_0011.jpg" imageWidth="3496" imageHeight="4424">
        <ReadingOrder>
            <OrderedGroup id="ro_1711803374805" caption="Regions reading order">
                <RegionRefIndexed index="0" regionRef="tr_1"/>
                <RegionRefIndexed index="1" regionRef="tr_2"/>
            </OrderedGroup>
        </ReadingOrder>
        <TextRegion id="tr_1" custom="readingOrder {index:0;}">
            <Coords points="665,717 2874,717 2874,2517 665,2517"/>
            <TextLine id="tr_1_tl_1" custom="readingOrder {index:0;}">
                <Coords points="2564,784 2581,781 2597,798 2619,801 2625,795 2636,803 2647,792 2660,795 2671,784 2685,784 2680,594 2666,594 2641,611 2622,605 2611,614 2594,597 2561,608"/>
                <Baseline points="2576,767 2620,767 2665,770 2689,767"/>
                <TextEquiv>
                    <Unicode>7</Unicode>
                </TextEquiv>
            </TextLine>
            <TextLine id="tr_1_tl_2" custom="readingOrder {index:1;}">
                <Coords points="677,886 2837,908 2834,770 2251,732 2099,806 1609,735 1065,803 677,737"/>
                <Baseline points="692,829 734,835 779,835 823,835 868,838 913,838 958,838 1003,838 1047,841 1092,841 1137,841 1182,841 1226,844 1271,844 1316,844 1361,844 1406,844 1450,844 1495,844 1540,847 1585,844 1629,844 1674,844 1719,844 1764,847 1809,844 1853,844 1898,847 1943,850 1988,847 2032,850 2077,850 2122,850 2167,850 2212,850 2256,850 2301,850 2346,850 2391,850 2435,850 2480,850 2525,850 2570,850 2614,850 2659,850 2704,850 2749,850 2794,850 2838,853"/>
                <TextEquiv>
                    <Unicode>Was war sie? Eine unter Vielen. Mein Vater ist</Unicode>
                </TextEquiv>
            </TextLine>
            <TextLine id="tr_1_tl_3" custom="readingOrder {index:2;}">
                <Coords points="666,1062 1678,1001 2548,1059 2768,1010 2768,933 666,944"/>
                <Baseline points="680,988 725,991 770,988 814,988 859,988 904,991 949,988 994,991 1038,994 1083,994 1128,994 1173,994 1217,994 1262,994 1307,994 1352,994 1397,997 1441,994 1486,997 1531,997 1576,997 1620,994 1665,997 1710,1000 1755,994 1800,997 1844,997 1889,997 1934,1000 1979,1000 2023,1000 2068,1000 2113,997 2158,997 2203,997 2247,1000 2292,997 2337,997 2382,1000 2426,1000 2471,1000 2516,1000 2561,1003 2606,1003 2650,1000 2695,1000 2740,1000 2773,997"/>
                <TextEquiv>
                    <Unicode>zuhause. Ich will nichts von Ihnen wissen. Mir</Unicode>
                </TextEquiv>
            </TextLine>
            <TextLine id="tr_1_tl_4" custom="readingOrder {index:3;}">
                <Coords points="674,1213 814,1175 946,1200 1213,1161 1483,1164 1557,1197 1607,1180 1607,1065 1519,1078 1403,1029 1139,1100 1092,1065 674,1103"/>
                <Baseline points="689,1134 734,1131 779,1131 823,1134 868,1134 913,1137 958,1137 1003,1137 1047,1137 1092,1137 1137,1137 1182,1140 1226,1140 1271,1140 1316,1143 1361,1143 1406,1140 1450,1140 1495,1143 1540,1143 1585,1146 1611,1149"/>
                <TextEquiv>
                    <Unicode>schaudert vor Ihnen.</Unicode>
                </TextEquiv>
            </TextLine>
            <TextLine id="tr_1_tl_5" custom="readingOrder {index:4;}">
                <Coords points="680,1340 795,1315 1224,1378 1409,1332 1964,1326 1964,1246 1846,1211 1530,1246 1332,1202 680,1224"/>
                <Baseline points="695,1280 740,1280 785,1280 829,1280 874,1283 919,1283 964,1283 1008,1283 1053,1283 1098,1283 1143,1286 1188,1286 1232,1286 1277,1289 1322,1289 1367,1286 1411,1286 1456,1289 1501,1289 1546,1289 1591,1292 1635,1292 1680,1292 1725,1292 1770,1292 1814,1292 1859,1292 1904,1295 1949,1301 1970,1301"/>
                <TextEquiv>
                    <Unicode>Ich habe ein Recht auf dich.</Unicode>
                </TextEquiv>
            </TextLine>
            <TextLine id="tr_1_tl_6" custom="readingOrder {index:5;}">
                <Coords points="674,1458 886,1516 1040,1453 1183,1475 1296,1444 1376,1494 1499,1450 1557,1475 1557,1348 1431,1384 1354,1359 1194,1378 1145,1348 1092,1378 911,1359 834,1398 732,1354 674,1378"/>
                <Baseline points="689,1432 734,1432 779,1432 823,1435 868,1432 913,1435 958,1432 1003,1435 1047,1435 1092,1435 1137,1438 1182,1435 1226,1435 1271,1435 1316,1435 1361,1435 1406,1435 1450,1438 1495,1438 1540,1441 1564,1444"/>
                <TextEquiv>
                    <Unicode>IV. In der Familie.</Unicode>
                </TextEquiv>
            </TextLine>
            <TextLine id="tr_1_tl_7" custom="readingOrder {index:6;}">
                <Coords points="707,1620 2052,1607 2440,1676 2809,1596 2674,1519 2193,1483 2033,1554 707,1486"/>
                <Baseline points="722,1579 767,1582 811,1582 856,1585 901,1585 946,1585 991,1585 1035,1588 1080,1588 1125,1588 1170,1588 1214,1585 1259,1588 1304,1588 1349,1588 1394,1588 1438,1588 1483,1591 1528,1591 1573,1591 1617,1591 1662,1591 1707,1594 1752,1594 1797,1591 1841,1597 1886,1594 1931,1591 1976,1594 2020,1594 2065,1591 2110,1591 2155,1594 2200,1594 2244,1594 2289,1594 2334,1597 2379,1597 2423,1597 2468,1597 2513,1597 2558,1597 2603,1597 2647,1597 2692,1600 2737,1597 2782,1594 2817,1594"/>
                <TextEquiv>
                    <Unicode>:Der Sohn ein Verhältnis mit einer verheirate-</Unicode>
                </TextEquiv>
            </TextLine>
            <TextLine id="tr_1_tl_8" custom="readingOrder {index:7;}">
                <Coords points="671,1755 781,1805 1211,1764 1488,1797 1554,1838 1758,1766 1758,1684 1700,1665 671,1687"/>
                <Baseline points="686,1734 731,1737 776,1734 820,1734 865,1734 910,1734 955,1734 1000,1737 1044,1737 1089,1737 1134,1737 1179,1740 1223,1740 1268,1737 1313,1737 1358,1737 1403,1737 1447,1740 1492,1740 1537,1740 1582,1740 1626,1740 1671,1743 1716,1740 1761,1746 1764,1746"/>
                <TextEquiv>
                    <Unicode>ten Frau, die vorkommt? :</Unicode>
                </TextEquiv>
            </TextLine>
            <TextLine id="tr_1_tl_9" custom="readingOrder {index:8;}">
                <Coords points="702,1918 955,1970 1073,1909 1378,1956 1654,1898 1717,1945 2184,1956 2184,1832 2022,1805 1651,1849 1486,1791 1304,1852 702,1816"/>
                <Baseline points="716,1892 761,1892 805,1889 850,1886 895,1886 940,1886 985,1886 1029,1886 1074,1889 1119,1889 1164,1889 1208,1889 1253,1889 1298,1889 1343,1889 1388,1889 1432,1892 1477,1892 1522,1892 1567,1889 1611,1889 1656,1895 1701,1892 1746,1892 1791,1895 1835,1892 1880,1895 1925,1895 1970,1895 2014,1898 2059,1898 2104,1901 2149,1904 2191,1904"/>
                <TextEquiv>
                    <Unicode>:Nachrichten von der Schwester?</Unicode>
                </TextEquiv>
            </TextLine>
            <TextLine id="tr_1_tl_10" custom="readingOrder {index:9;}">
                <Coords points="669,2069 880,2094 1015,2052 1054,2080 1334,2063 1365,2091 1629,2096 1609,1964 1453,1997 1351,1942 1235,1995 1092,1973 1045,2000 924,1959 669,1981"/>
                <Baseline points="683,2038 728,2035 773,2032 817,2032 862,2032 907,2035 952,2035 997,2035 1041,2035 1086,2038 1131,2038 1176,2038 1220,2038 1265,2038 1310,2038 1355,2038 1400,2041 1444,2041 1489,2041 1534,2044 1579,2044 1623,2047 1635,2044"/>
                <TextEquiv>
                    <Unicode>Der Vater nach Hause.</Unicode>
                </TextEquiv>
            </TextLine>
            <TextLine id="tr_1_tl_11" custom="readingOrder {index:10;}">
                <Coords points="671,2256 2776,2207 2677,2118 669,2124"/>
                <Baseline points="686,2194 731,2191 776,2191 820,2188 865,2188 910,2194 955,2191 1000,2194 1044,2194 1089,2194 1134,2191 1179,2194 1223,2194 1268,2194 1313,2194 1358,2194 1403,2194 1447,2194 1492,2194 1537,2197 1582,2197 1626,2197 1671,2200 1716,2200 1761,2200 1806,2200 1850,2200 1895,2197 1940,2200 1985,2200 2029,2200 2074,2200 2119,2200 2164,2200 2209,2200 2253,2200 2298,2200 2343,2200 2388,2203 2432,2203 2477,2203 2522,2203 2567,2203 2612,2203 2656,2203 2701,2203 2746,2203 2782,2206"/>
                <TextEquiv>
                    <Unicode>Gespräch Vater und Sohn. Immer über die Mutter</Unicode>
                </TextEquiv>
            </TextLine>
            <TextLine id="tr_1_tl_12" custom="readingOrder {index:11;}">
                <Coords points="649,2363 2729,2416 2726,2292 2457,2262 649,2281"/>
                <Baseline points="665,2343 710,2343 755,2340 800,2340 844,2340 889,2340 934,2340 979,2340 1023,2340 1068,2343 1113,2343 1158,2343 1203,2343 1247,2343 1292,2343 1337,2343 1382,2346 1426,2346 1471,2346 1516,2346 1561,2346 1606,2346 1650,2349 1695,2349 1740,2346 1785,2349 1829,2349 1874,2349 1919,2349 1964,2349 2009,2349 2053,2349 2098,2346 2143,2349 2188,2349 2232,2349 2277,2349 2322,2349 2367,2349 2412,2349 2456,2349 2501,2349 2546,2349 2591,2349 2635,2349 2680,2349 2725,2349 2734,2355"/>
                <TextEquiv>
                    <Unicode>Es war die beste Frau. Mein Dasein vernichtet</Unicode>
                </TextEquiv>
            </TextLine>
            <TextLine id="tr_1_tl_13" custom="readingOrder {index:12;}">
                <Coords points="658,2495 2870,2531 2870,2410 2465,2471 658,2435"/>
                <Baseline points="674,2489 719,2492 764,2489 808,2489 853,2492 898,2492 943,2492 988,2492 1032,2492 1077,2495 1122,2495 1167,2492 1211,2495 1256,2495 1301,2495 1346,2492 1391,2492 1435,2492 1480,2495 1525,2492 1570,2492 1614,2492 1659,2495 1704,2495 1749,2492 1794,2492 1838,2495 1883,2495 1928,2498 1973,2498 2017,2498 2062,2495 2107,2498 2152,2498 2197,2501 2241,2501 2286,2501 2331,2501 2376,2501 2420,2501 2465,2501 2510,2498 2555,2501 2600,2498 2644,2501 2689,2501 2734,2501 2779,2504 2823,2504 2868,2504 2874,2507"/>
                <TextEquiv>
                    <Unicode>seitdem. Du wirst es verstehen, du bist ein Mann.</Unicode>
                </TextEquiv>
            </TextLine>
        </TextRegion>
        <TextRegion id="tr_2" custom="readingOrder {index:1;}">
            <Coords points="653,2588 2856,2588 2856,3711 653,3711"/>
            <TextLine id="tr_2_tl_1" custom="readingOrder {index:0;}">
                <Coords points="671,2713 1043,2641 1222,2702 2850,2693 2850,2575 2740,2564 671,2570"/>
                <Baseline points="686,2644 731,2641 776,2638 820,2641 865,2638 910,2638 955,2638 1000,2638 1044,2641 1089,2641 1134,2641 1179,2641 1223,2641 1268,2641 1313,2641 1358,2641 1403,2641 1447,2641 1492,2641 1537,2644 1582,2641 1626,2641 1671,2644 1716,2644 1761,2644 1806,2644 1850,2644 1895,2644 1940,2647 1985,2647 2029,2647 2074,2644 2119,2644 2164,2647 2209,2647 2253,2647 2298,2650 2343,2653 2388,2650 2432,2653 2477,2650 2522,2653 2567,2653 2612,2650 2656,2650 2701,2653 2746,2653 2791,2653 2835,2656 2856,2653"/>
                <TextEquiv>
                    <Unicode>Ich habe nie wieder eine Frau berührt. :Er sagt</Unicode>
                </TextEquiv>
            </TextLine>
            <TextLine id="tr_2_tl_2" custom="readingOrder {index:1;}">
                <Coords points="671,2809 858,2806 1114,2864 1227,2828 1301,2859 1395,2806 1466,2842 1579,2839 1576,2718 1491,2748 1367,2721 1274,2746 1233,2718 1073,2743 1032,2710 669,2746"/>
                <Baseline points="683,2791 728,2791 773,2791 817,2791 862,2791 907,2788 952,2791 997,2794 1041,2794 1086,2794 1131,2797 1176,2797 1220,2794 1265,2794 1310,2791 1355,2794 1400,2794 1444,2794 1489,2794 1534,2797 1579,2800 1582,2800"/>
                <TextEquiv>
                    <Unicode>es dem Junggesellen:</Unicode>
                </TextEquiv>
            </TextLine>
            <TextLine id="tr_2_tl_3" custom="readingOrder {index:2;}">
                <Coords points="649,2958 814,2991 1040,2947 1268,2991 1469,2960 1576,2982 1554,2867 1348,2897 1274,2861 946,2886 900,2859 803,2881 740,2845 649,2861"/>
                <Baseline points="665,2943 710,2943 755,2940 800,2937 844,2937 889,2937 934,2937 979,2937 1023,2940 1068,2940 1113,2940 1158,2943 1203,2940 1247,2943 1292,2943 1337,2943 1382,2943 1426,2940 1471,2943 1516,2943 1561,2946 1582,2952"/>
                <TextEquiv>
                    <Unicode>Die Schwester kommt.</Unicode>
                </TextEquiv>
            </TextLine>
            <TextLine id="tr_2_tl_4" custom="readingOrder {index:3;}">
                <Coords points="638,3120 803,3150 864,3112 963,3128 1004,3095 1100,3117 1128,3098 1222,3145 1224,3018 1125,3046 1032,3018 990,3043 858,3032 790,3057 691,3013 641,3029"/>
                <Baseline points="653,3092 698,3092 743,3089 788,3089 832,3089 877,3089 922,3089 967,3089 1011,3089 1056,3089 1101,3089 1146,3089 1191,3089 1229,3092"/>
                <TextEquiv>
                    <Unicode>Du wagst es?</Unicode>
                </TextEquiv>
            </TextLine>
            <TextLine id="tr_2_tl_5" custom="readingOrder {index:4;}">
                <Coords points="649,3238 2820,3285 2779,3156 649,3167"/>
                <Baseline points="665,3238 710,3241 755,3241 800,3241 844,3241 889,3241 934,3241 979,3241 1023,3241 1068,3241 1113,3241 1158,3241 1203,3241 1247,3241 1292,3241 1337,3241 1382,3241 1426,3241 1471,3241 1516,3244 1561,3244 1606,3244 1650,3244 1695,3241 1740,3244 1785,3244 1829,3241 1874,3244 1919,3244 1964,3244 2009,3247 2053,3244 2098,3244 2143,3244 2188,3244 2232,3244 2277,3244 2322,3244 2367,3244 2412,3244 2456,3244 2501,3247 2546,3247 2591,3247 2635,3247 2680,3250 2725,3247 2770,3244 2815,3247 2826,3244"/>
                <TextEquiv>
                    <Unicode>Ja, ich sehne mich. Ich weiss, was ich bin. Ich</Unicode>
                </TextEquiv>
            </TextLine>
            <TextLine id="tr_2_tl_6" custom="readingOrder {index:5;}">
                <Coords points="652,3423 2146,3398 2330,3478 2479,3409 2619,3458 2619,3343 2493,3313 652,3299"/>
                <Baseline points="668,3391 713,3388 758,3388 803,3388 847,3388 892,3388 937,3388 982,3388 1026,3388 1071,3388 1116,3388 1161,3388 1206,3388 1250,3391 1295,3391 1340,3391 1385,3391 1429,3388 1474,3388 1519,3391 1564,3391 1608,3394 1653,3391 1698,3391 1743,3394 1788,3391 1832,3394 1877,3394 1922,3394 1967,3394 2011,3397 2056,3397 2101,3397 2146,3397 2191,3397 2235,3394 2280,3394 2325,3394 2370,3394 2414,3394 2459,3397 2504,3394 2549,3394 2594,3394 2626,3394"/>
                <TextEquiv>
                    <Unicode>sehne mich einfach, den Vater zu sehen. Sie</Unicode>
                </TextEquiv>
            </TextLine>
            <TextLine id="tr_2_tl_7" custom="readingOrder {index:6;}">
                <Coords points="647,3544 803,3590 924,3546 966,3571 1224,3546 1538,3571 1538,3483 1359,3467 1296,3497 1183,3439 1134,3464 647,3467"/>
                <Baseline points="662,3540 707,3537 752,3537 797,3537 841,3537 886,3540 931,3543 976,3540 1020,3540 1065,3540 1110,3543 1155,3540 1200,3540 1244,3540 1289,3543 1334,3543 1379,3540 1423,3543 1468,3543 1513,3546 1543,3549"/>
                <TextEquiv>
                    <Unicode>küsst ihn und geht.</Unicode>
                </TextEquiv>
            </TextLine>
            <TextLine id="tr_2_tl_8" custom="readingOrder {index:7;}">
                <Coords points="647,3720 911,3742 1089,3698 1227,3744 1571,3692 2019,3747 2019,3634 1940,3601 1711,3643 1076,3618 974,3665 647,3621"/>
                <Baseline points="662,3698 707,3692 752,3692 797,3692 841,3692 886,3692 931,3692 976,3695 1020,3698 1065,3695 1110,3698 1155,3698 1200,3698 1244,3701 1289,3701 1334,3698 1379,3698 1423,3698 1468,3695 1513,3692 1558,3692 1603,3695 1647,3695 1692,3692 1737,3695 1782,3695 1826,3698 1871,3695 1916,3695 1961,3695 2006,3698 2026,3701"/>
                <TextEquiv>
                    <Unicode>Bleibe. Ach, glaube das nicht.</Unicode>
                </TextEquiv>
            </TextLine>
        </TextRegion>
    </Page>
</PcGts>
