3336 4008
1094 540 2999 792 Verantwortung... Sünde... Leidenschaft...
758 610 1018 828 Sala:
993 655 3024 906 Ruhm - all das sind Worte, die im Sturm des
996 817 2425 1130 Lebens auslöschen wie Fackeln.
792 1071 2979 1402 Aus dem Schwanengesang wird am Ende nichts wer-
800 1270 3046 1533 den. Es ist so seltsam, es zu wissen... Schleier
817 1404 2929 1684 gleiten über alles... Fort mit euch! ich habe
864 1572 3072 1818 keine Lust, es mir gefallen zu lassen... Solang
831 1776 3041 2009 ich noch da bin - und wär' es auch nur für eine
873 1869 3086 2129 Stunde - will ih leben, als wären hundert Jahre
842 2109 1634 2328 vor mir...XXXX
