3368 3976
437 456 2961 683 Er hat eine Schwester, zwei Neffen, aber seit sie her-
450 664 2687 906 angewachsen sind, ist er nur mehr der Pumponkel.
450 796 2722 978 Sie, die Schauspielerin, aufs Gut, zur Schwester.
1614 934 1778 1035 sie
500 903 2929 1189 Eine Frau, mit der er als M채dchen war, ein Verh채lt-
462 1180 947 1321 nis hatte.
466 1281 2998 1441 Er war mit der Geliebten in Italien, da schien sie ihn
522 1413 2665 1598 zu lieben - jetzt ist der Zauber verschwunden.
478 1545 2998 1765 Schon vorher schien alles vor체ber; er hat mit gemeinen
529 1730 2073 1885 Weibern verkehrt, hat Todesangst.
481 1863 2435 2127 Seine Leidenschaften schweigen noch nicht.
544 2209 3002 2350 Du bist zu weich, ich zu hart ich schreibe Gobelins.
494 2335 2973 2504 Ein angenehmer alter L체gner; ich bin der Einzige, bei
551 2520 1756 2706 dem es nicht gelungen ist.
