3464 4136
2602 266 2737 393 69
737 424 3009 670 Johanna: Wenn Ihr zufällig erfahrt wie es begann
941 585 2884 816 zürnt mir nicht. Schuld bin ich allein. Ich
946 709 2986 932 hab ihn wieder verlassen gleich nieder nach
952 873 2944 1105 einem Tag und einer Nacht, ich habe seither
958 1088 2325 1260 auch Andere wieder verlassen.
771 1172 2302 1424 Pflugf.: Wo bist Du? Vo bist Duf
771 1328 2980 1523 Johanna: Fragt nicht, es ist Jeder am Ende dort,
969 1542 1746 1698 wo er hingehört.
777 1661 2913 1811 Pfligf.: Ich lasse Dich nicht mehr, jetzt, da
989 1842 1980 1997 ich Dich wieder habe.
794 1958 2788 2130 Johanna: Rühr mich nicht an,versuche nicht
989 2105 2879 2277 mich zu halten.Der erste Schritt auf die
986 2268 2848 2432 Gasse führt mich doch wieder meinen Weg,
794 2452 1800 2605 Hans: Lass sie,Vater.
799 2579 2930 2763 Johanna: Lebt wohl, beklagt mich nicht,es geht
1006 2757 1390 2927 mir gut.
805 2896 2099 3079 Pflugf.: Es ist nicht wahr.
816 3043 2814 3212 Johanna: Es ist wahr.Ihr werdet mich nicht
1028 3195 3144 3342 irre machen. Hier ginge ich zugrunde,drassen
1023 3300 3091 3534 bin ich glücklich.Lasst mich doch.Leb wohl.
1014 3497 2958 3681 Nein,Hans reicht mir seine Hand nicht, er
