3432 4152
2823 325 2929 537 3
588 555 1284 759 zeiten nicht.
585 706 1828 906 Aber jetzt,warum nicht?
588 856 1727 1060 Es mus so doch so sein:
588 1030 2873 1187 Er kommt in das Haus,Verachting für den Va¬
596 1205 2595 1343 ter, der ihn reizt,ihn nicht anerkennt.
588 1335 2961 1488 Er war ein berühmter Maler. Wo ist dein Ruhm?
596 1450 2826 1650 Wo ist dein Geld? Fort alles. Wir sind doch
602 1653 1249 1807 die Bessern.
588 1798 2855 1963 Absolut wichtiges Motiv: Feindschaft von Ju-
611 1946 1724 2102 lian gegen den Alten.
608 2084 2394 2241 Julian als Verschwender mit allem.
602 2265 2952 2400 Seine Heimkehr, Gespräch mit dem Notar.Nichts.
599 2394 2640 2557 Aber diesen Sohn hat er kennen gelernt.
611 2586 886 2749 gala.
614 2710 2823 2899 Er schliesst sich dieser Expedition an, auf
602 2882 2510 3050 die auch Hans geht, der Sohn Bonifaz.
602 3035 1828 3215 Irene Herms.Einsamkeit
