3400 4072
2675 189 2829 504 79
779 439 2401 672 Julian,Hans, Irene Herms tritt ein.
781 617 2969 817 Irene: Guten Abend, Doktor.Guten Abend Hans.Wie
1039 743 2925 940 geht’s Julian? Da ich selber wieder nach
1025 885 2799 1107 Hause fahre komm ich noch herauf Ihen
1022 1083 2980 1294 Adieu zu sagen, Hans, eine glückliche Retse
1044 1236 1623 1417 zu wünschen.
811 1338 2780 1568 Hans: Ich danke Ihnen sehr, Fräule in Herms.
817 1510 3021 1724 Irene: Wenn Sie noch irgend etwas zu tun haben,
1058 1653 2999 1842 bitte stören Sie sich nicht. Ich weiss wie
1061 1823 3004 2015 das vor einer so grossen Reise ist.Macher.
1055 1974 3004 2204 Sie nur alles fertig. Oder kann ich Ihnen
1075 2138 1845 2322 bohilflich se in?
831 2275 3018 2453 Hans: Danke.Wir s ind schon fertig.Nur ein paar
831 2421 2851 2656 Bücher habe ich noch aus der Bibliothek zu
1083 2615 1434 2788 nehmen.
853 2725 2810 2917 Pflugf.: Die muss ich Dir heraussuchen,Du
1102 2928 1955 3095 findest sie nicht.
1149 3059 2958 3224 Wir wollen das gleich fertig machen, in
861 3122 1094 3243 Hans-
1110 3180 3100 3377 ein paar Minuten sind wir wieder da, es ist
1110 3336 2911 3550 gemütlicher,wem wir das alles besorgt
1116 3542 1423 3745 haben.
