3416 4008
600 465 3004 740 Sophie: Bitt' dich, grüss' mich, sonst glaub' ich,
798 670 2930 875 du tragst es mir nach. Ich weiss ja, dass ich
811 835 2887 1049 dir jetzt einen Schmerz bereite, - aber ist's
817 973 2297 1178 nicht besser jetzt als zu spät?
863 1086 2900 1331 Du bist ein kluges Ding.- Ma adieu, Sophie.
596 1187 786 1331 Jul:
832 1269 2998 1462 Entschuldige die Frage... kann ich nicht etwas
832 1477 1474 1630 für dich tun?
606 1597 3062 1774 Sophie: Julian! Aus is aus. Das darfst du nicht von
841 1740 3135 1890 mir glauben. Ich hab' auch vom Stanislaus nachher
850 1866 2826 2068 nie einen Kreuzer genommen. Adieu, Julian.
863 2013 3154 2178 Adieu, adieu, adieu! Na, einen Kuss kannst du mir
869 2135 3172 2343 schon geben. Es ist vielleicht der letzte, den du
869 2325 3135 2484 von Einer kriegst, die dich gern hat. Uijeh, das
881 2490 3053 2618 is mir so ausgerutscht! An der Tür: Jetzt
872 2606 2670 2796 möcht' ich dir noch was sagen, Julian.
700 2765 1334 2915 Julian: Nun?
694 2964 2848 3071 Sophie: Erinnerst du dich, damals in Venedig.
878 3089 3187 3209 weisst du noch - auf dem Balkon?... Spät am Abend
927 3212 3086 3380 wie du mich so auf'm Schooss gehalten hast....
881 3407 3022 3585 was ich dir damals gesagt hab' - erinnerst du
