3464 4120
2584 229 2712 357 67.
633 327 2701 581 Pflugf.: Das liegt wohl nicht in Deiner Art.
827 562 2633 750 Vielleicht kommt's noch. Im übrigen, da
838 693 2682 911 spielen ja Dinge mit, über die wir hethe
887 846 2731 1029 Gewalt haben. Es ist ja selten, dass man
821 1007 2696 1182 seine Jugendliebe zur Frau bekommt. Ich
846 1122 2824 1364 war sechzehn Jahre alt als ich mich in sie
854 1280 2745 1474 verliebte und dreiundwanzig als ich sie
860 1465 2546 1643 heiratete und vierzig als sie starb.
666 1785 1572 1959 Johanna(tritt ein).
669 1880 2598 2090 Johanna ist grau nicht schwarz gekleidet.
674 2071 2409 2251 Pflugf.: Johanna (will ihr entgegen).
677 2227 2178 2388 Hans (fährt wie entsetzt zurück).
677 2382 2041 2557 Johanna: (unleserlich) Nicht
677 2486 2590 2699 Pflugf.: Johanna,Du kommst zu mir zurück
685 2677 2259 2868 Johanna? Nein.Du reist fort,Hans?
682 2860 1132 3034 Hans: Ja.
688 2999 1621 3182 Johanna: Auf lange?
693 3144 1471 3324 Hans: Auf lange.
688 3272 2882 3496 Johanna: Ich wollte Dich noch einmal sehen und
876 3457 1422 3618 Dioh,Vater.
701 3556 1714 3788 Pflugf.: Noch einmal?
