3448 4072
2785 361 2924 470 58
748 464 2868 674 Hans: Ich versuche vergeblich es überhaupt zu
881 639 3024 804 fassen. Ich habe meine Mutter sterben gesehen,
878 819 3051 967 mein - er stand neben ihrem Bett, ich sehs noch
875 973 3048 1123 vor mir, wie er sich zu ihr herabbeugte,wie sie
890 1123 3122 1274 ihn auf die Sttrne küsste.Es ist nicht wahr,notn,
875 1245 1993 1440 es kann nicht wahr sein.
721 1428 2977 1540 Julian: Wie alt warst Du als Deine Mutter starb?
724 1582 3024 1700 Hans: Es ist nicht möglich, dass sie jemals einen
851 1721 2986 1854 Andern geliebt hat als meinen - als weinen Va
854 1851 3012 1995 ter. Warum entstellen Sie ihr Bild? Warum? Wenn
810 2037 2785 2167 es schon wahr is t,warum musst ichs wissen?
718 2182 3092 2297 Julian: Ich entstelle nicht das Bild Deiner Mutter,
843 2309 2912 2477 Du irrst Dich.Du bist ein Mann,Du biss kluj.
831 2451 2992 2643 Du weisst, dass das Leben nicht so einjach ist.
828 2616 2823 2746 Nein, das Bild Deiner Mutter wird nicht ent
845 2723 2959 2915 stellt,wenn ich Dir sage, dass es eine Zeit in
848 2936 2661 3048 ihrem Leben gab, in der sie mich liebte.
692 3072 3063 3222 Hans Geliebt hat sie Stel Und sie blieb in diesem
816 3213 1091 3358 Haus?
686 3382 1224 3533 Julian: Ja.
677 3559 1963 3698 Hans: Meins Mutter mit mir.
