3320 4008
2841 458 2977 597 139
1109 550 2416 733 musste man's doch aufgeben.
692 722 2882 907 Jul: Wer weiss, ob du nicht am Ende /doch ein
1100 910 2871 1076 grosser Maler geworden wärst, wenn du
1100 1040 2879 1201 nicht für eine Familie hättest sorgen
1103 1168 1471 1389 missen.
689 1365 951 1514 Wegr:
1016 1346 2953 1531 Oh nein. Eigentlich war es sehr gut, dass
1103 1495 2819 1653 die Sorgen kamen. So hatt' ich keine
1092 1648 2841 1819 Zeit, an meinen Illusionen zu hängen.
1095 1806 2822 1988 Pflichten haben macht Einen zuweilen
1092 1975 2863 2103 über seine Grenzen sehr klar. Und and-
1095 2133 2925 2277 rerseits konnt' ich mir doch einbilden,
1106 2263 2852 2460 in dieser schweren Zeit, dass ich als
1087 2451 2884 2590 reicher, unabhängiger Mensch was Gros-
1087 2563 2953 2751 ses geworden wäre. So haben mir die Sor-
1090 2726 2953 2893 gen über das Erwachen aus gewissen Träu-
1081 2895 2939 3059 men herübergeholfen. Ja. Und Ihr werdet
1079 3026 2933 3190 mir glauben: nicht jede Frau hätte die-
1084 3179 2846 3364 se Enttäuschungen so hingenommen. Was
1076 3347 2849 3541 hätte sie alles haben können! Aber da
1087 3503 2776 3696 sie mich liebte, nahm sie alles hin.
