3544 4424
2349 588 2500 712 34
668 822 970 964 V. Akt.
665 854 2874 1069 Der Junggeselle. Ich will nicht mehr hin. Alles
676 1028 2756 1214 ist aus. Ungeheure Einsamkeit. Verurteilt zu
673 1187 2830 1393 Weibern niedern Ranges. Fühlt seine Rechtlosigung,
673 1346 2591 1577 keit. Unsere eigenen Lügen sind zu stark.
687 1530 2835 1676 Reisen? Freundschaft? Kunst? Wohin? :Alles im
690 1684 1997 1849 Gespräch mit dem Buckligen?
687 1841 2780 2025 Eventuell, die Frau, die Geliebte von früher,
698 1995 2338 2201 lässt irgendwie was von sich hören?
701 2269 2838 2481 Die Schauspielerin. Nun? misglückt? Ich dacht'
723 2522 879 2616 es.
723 2627 1624 2772 Du bist mein Trost,
725 2657 2890 2954 Nicht lang, Ich will dir was gestehen. Du bist
725 2910 2888 3077 mir auch ein bisschen zuwider geworden. Eitles
736 3058 2849 3215 Tier! ƒventuell: Wie alt ist der Sohn? - So
882 3206 1094 3302 wäre
742 3206 2937 3404 alt wie der unsere. Er stammt aus unserer Zeit.
813 3360 3009 3522 Und mich hast du hinausgeworfen, weil ich dich
753 3577 1429 3720 betrogen!??? :
753 3660 1885 3857 Er bleibt zurück. Abend.
772 3723 2970 3984 Vielleicht noch Schlusssezene mit dem, der nicht
