3496 4536
2766 667 2907 824 15
602 816 1598 1021 gen deiner Schwester.
619 990 2853 1173 Ohnein, ich habe mich lang geprüft, das ich
594 1156 2814 1325 überwunden. Nebstbei nehm' ich ihr nichts übel.
605 1303 2831 1491 Ja, ich bliebe Arzt, wenn ich Macht hätte zu tö-
611 1463 2797 1643 ten, Da wir ja nicht die Macht haben zu heilen,
605 1598 2009 1801 warum giebt man uns nicht die?
611 1787 1784 1936 Trösten, sagt der Doktor.
602 1919 2780 2029 Das ist jämmerlich, dieses Lügen. Was wir wirk-
608 2077 2729 2192 lich können, ist Handlangerarbeit. Ich bleibe
605 2223 1691 2406 bei der Gehirnanotomie
594 2386 2853 2580 Einsam. Es war doch schöner, als die Schwester
597 2538 1176 2679 noch da war.
605 2673 1849 2853 Wüsst' ich nur, wer es war,
599 2856 1643 2966 Ueber Sala. Umbringen.
642 2974 1441 3157 Ueber die Mutter.
597 3140 2693 3315 Ueber Julian, Immer mit Weibern. Dem Hans un-
619 3309 1182 3481 sympathisch.
591 3590 2741 3779 Der Lyriker tritt ein. Stört man euch? Kinder,
599 3762 2749 3953 es wäre möglich, dass ich ein Testament zu ma-
608 3911 2721 4077 chen hätte. Könnt Ihr Euch nicht denken, dass
