3592 4408
2561 599 2707 753 25
821 832 2184 1071 II.Akt. Im Hause des Doktors.
801 1108 2834 1234 Der Doktor, alter, trefflicher, praktischer
815 1243 1833 1386 Arzt. Besondere Güte.
829 1431 2994 1538 Irgend ein Gespräch mit einer patientin (:Viel-
812 1577 3047 1678 leicht die junge Frau, die mit dem Junggesellen
824 1664 1723 1847 ein Verhältnis hat:
824 1839 2848 1982 Die Mutter ist gestorben, vor Jahren schon.
824 1973 1729 2162 Ueber seine Kinder.
821 2125 3028 2297 Die Tochter ist durchgegangen, von ihrem Tempe-
832 2353 2378 2465 rament getrieben, vor einem Jahr.
838 2488 2974 2682 Sie ist wieder in Wien, das sagt ihm diese Pa-
846 2671 1231 2783 tientin.
827 2820 2963 2904 Diese Frau war sehr intim mit Allers; endlich
835 2927 3092 3174 hat Einer sie geheiratet, der sehr glücklich mit
832 3135 1240 3340 uhr ist.
843 3264 2645 3542 Der Junggeselle tritt ein. Von Reisen,
860 3576 2311 3688 Ich habe gehört, deine Tochter
852 3708 2539 3891 Gespräch über die Längstverstorbene.
