3480 4056
2705 354 2842 486 28
822 447 2886 664 wie ich, nur haben Sie es weniger bemerkt.Sie
831 646 2991 846 sind nicht weniger Egoist als ich, nur sind Sie
831 849 2970 965 etwas wehleidig, das ist der ganze Unterschied.
611 992 2898 1150 Julian: Ich hoffe, Sie sagen mir das alles, um mich
828 1144 2011 1320 ein bischen aufzuheitern.
581 1287 2973 1415 Sala: Nun, Sie wissen das allesgeradese gut wie ich.
822 1460 2973 1600 Es gibt überhaupt keinen Spruch, den ich so ab¬
834 1588 2910 1766 surd finde als den:Kenne dich selbst.O,Leute
834 1752 2934 1912 unserer Art kennen sich immer. Wir bemühen uns
834 1886 2934 2023 nur zuwetlen uns über uns selbst zu täuschen,
840 2055 2851 2172 weil das das Leben viel bequemer macht.Aber
840 2183 2940 2341 es gelingt uns ja nicht Na, entschuldigen Sie,
852 2353 3000 2496 ich denke über Lette, die ich gern habe,nie ich
852 2472 3050 2663 eben gern haben kann,viel nach. Ja„auch über Sie
852 2600 3080 2827 habe ich nachgedacht. Das s ind so die Resultate.
849 2782 2833 2946 Ich bin ja kein Improvtsator.Hätt ich Ihre
852 2937 3012 3116 letzte "dresse gewusst, ich hätte Ihnen einiges
855 3089 3035 3253 schon in Ihr tirolisches Dorf schreiben können.
