3368 4072
240 219 1400 571 7. Jul. - Haus. -
209 324 2957 756 4 fehre nach Servini-Gelahr. Blik. bestill die
212 686 930 902 den Vater.
286 804 1386 1087 Merni Tage Sist:
244 860 2978 1268 Matscheit. Ich lück dich. – Sie sollte sind zurück.
247 1125 1773 1438 shim lmitt lal mit julialt.
209 1250 2964 1550 man, lmitt het Hala jubalt; nicht die. Aufsrie
230 1588 933 1814 in szenken,
272 1574 3047 2023 gleichwiel: aus diesem Rauff di! Und das f.
230 1957 1222 2208 elam höhrer.
268 1954 2971 2337 Nun je- was weiter? - Mor melde sei?. Ist ist
258 2333 1289 2612 mitYours fromr:
390 2386 3176 2783 Zeit – aber schon morgen! Gerade du, Sie für wahrmittel
369 2685 2295 2974 Ich will wit ihr noch facti, nood Jodis.
352 2824 3152 3138 den Mai ich Ihnen nicht verbinden. Aber Sie werde mehrere
359 3040 2943 3301 blieben. - Nicht recht hat er mir. Nicht hatte
414 3211 2769 3479 wurdest. - Nun in Blick ist in Fehl.
470 3406 3012 3629 Rau his trift misitn. - In hee fern
456 3538 3033 3824 Ich nicht ist misch haben, da, ob nur kurte klage
2065 3726 3051 3890 sel. und andere
