3448 4040
2676 356 2760 489 3
802 607 1143 753 re alt.
576 672 3070 911 Sophie: Vielleicht hab' ich sie einmal im Theater ge-
808 932 1121 1087 sehen.
861 979 3098 1189 Daran würdest du dich kaum erinnern. In Wien hat
598 1087 784 1230 Jul:
830 1115 2921 1357 sie seit fünfzehn Jahren nicht mehr gespielt,
833 1258 2902 1512 und das Bild hier ist noch viel älter. Herms
843 1478 2001 1648 neisst sie - Irene Herms.
669 1570 3088 1843 Sophie: An den Namen erinnere ich mich nicht,- aber
867 1710 3113 1961 das Gesicht. Gewiss hab' ich sie als Kind ein-
867 1883 3144 2150 mal gesehen. Ich bin ja als kleines Mädel so viel
880 2106 1874 2261 ins Theater gegangen.
660 2224 1964 2416 Jul: Dann wär's ja möglich.
709 2363 3101 2590 Sophie: Ein liebes Gesicht. War gewiss auch eine..
675 2512 3110 2729 Jul: O nein. - Setz' dich doch. Warum gehst du denn
914 2648 3153 2868 immerfort hin und her? Was ist das? Ist dir denn
914 2862 1685 3008 nicht gemütlich?
697 2977 3036 3169 Sophie: :wie erlöst: Ja, es ist merkwürdig,- so
929 3122 3029 3311 fremd kommt's mir hier vor. Und du kommst mir
932 3277 3020 3432 auch fremder vor. Du bist auch anders zu mir.
768 3426 3119 3640 Jul: Ich zu dir? Gewiss nicht. Was isr denn vorge-
