3592 4408
2585 634 2720 777 30
746 738 2904 960 deine Mutter die war, die ich am tiefsten ge¬
752 1000 1279 1183 liebt habe.
749 1045 2991 1315 Warum sind Sie mit ihr nicht zusammen geblieben?
758 1259 2399 1459 Warum nicht, als ich geboren wurde?
743 1391 2842 1631 Es war nicht möglich. Ihr Vater wäre dran ge-
760 1580 2923 1808 storben. Ich kann dir Briefe zeigen, wo die Sa-
763 1695 2681 1884 che besprochen wurde. Sie wollte fliehen.
758 1929 1200 2042 Aber Sie?
769 2011 2813 2233 Ich bin dein Vater, liebe mich. Was kann dir
766 2211 1667 2388 dieser Andere sein?
766 2366 2090 2529 Nun ja, aber was wollen Sie?
777 2512 2354 2670 Ich will, dass du bei mir bleibst.
772 2599 3030 2822 Aber das ist ja Wahnainn, mein Vater würde alles
783 2847 1132 2960 wissen.
774 2994 1036 3151 Eben.
774 3084 2464 3315 Das wäre Infamie, ich täte es nicht.
783 3250 2954 3430 Ich will dich, will deine Liebe. Jetzt bist du
786 3427 3042 3582 noch verwirrt. Ich bin zu rasch gewesen. Ich habe
794 3582 1681 3751 ein Recht auf dich.
791 3664 2971 3901 Ich werde Sie lieben nie mehr als ihn. Ja, ich
