3656 4680
2450 759 2543 920 2
849 1040 2865 1244 .Der Junggeselle, der in das Haus der Familie
857 1236 2442 1405 kommt. Er ist der Vater des Jungen.
846 1343 2901 1523 Er hat wieder eine Maitresse gehabt, eben die
860 1547 2909 1692 letzte verloren, sieht ein einsames Alter vor
868 1686 2849 1839 sich. Sein Zorn, seine Wut wächts gegen den
870 1834 2936 1946 "Vater", dessen Freund er ist. Er beschliesst
884 1978 2969 2148 dem Junien zu sagen: Ich bin de in Vater. :Die
870 2131 2936 2270 Mutter tot, eine Schwester: Er denkt: Stimme
884 2322 1389 2461 des Blutes.
884 2442 1978 2595 Warum sagen Sie mir das?
895 2554 2922 2707 Denke, ich habe dich gezeugt. Der ist nichts,
898 2731 2134 2906 den du deinen Vater nennst.
892 2890 1779 3023 Aber er liebt mich.
906 2961 3100 3214 Sie kommen jetzt von Ihrer letzten Maitresse
895 3220 1236 3332 zu mir.
920 3280 3064 3509 Ich ertrage diese Einsamkeit nicht, es ist mein
917 3482 2246 3627 Recht, ich werde die nehmen.
909 3621 2890 3785 Er beschliesst zum "Vater" zu,,ehen und ihm
925 3774 2991 3973 selbst zu sagen: das ist mein Kind. Sein Zorn
