3448 4040
828 720 1100 844 dich?
609 847 977 1018 Jul:?
606 897 3143 1129 Sophie: Dass ich eigentlich noch nie Jemanden so gern
856 1094 1408 1281 gehabt nab'
631 1202 3184 1433 Jul: 0 furcht' dich nicht, - ich hab's nicht geglaubt.
685 1364 3181 1595 Sophie: Aber wahr is es gewesen. In dem Moment - ich
885 1516 2971 1763 schwör's dir - ist es wahr gewesen! Ich bitt
936 1655 3152 1849 dich, glaub' mir. Was für einen Grund hätt' ich
907 1836 2591 2033 denn heut' noch, dir was vorzuligen?
958 1960 3136 2160 Na, Sophie, ich hab' dich wirklich gern gehabt.
679 2058 882 2198 Jul:
926 2093 3117 2309 Ich dank' dir auch... ja. Ich wunsch' dir, dass
936 2296 2058 2489 du sehr glücklich wirst.
695 2429 3092 2613 Sophie: :noch unter Tränen: Da brauchst du keine
936 2613 2004 2794 Angst zu haben, :ab:
