3464 4072
2671 307 2798 504 54
810 504 2959 674 mit seinen Nägeln die Mauern aus der Erde her¬
813 665 2786 856 vorkratzen möchte, weil es zu langsam geht.
677 813 2968 986 Julian(sieht ihn, der sonderbar begeistert sprach,
826 992 2971 1138 bewegt an): Hat Dir Herr von Salz auch gesagt,
838 1141 2813 1281 dass von den Teilaghmern der Expadition im
822 1263 2895 1433 Jahre 89 kaum ein Drittel wiedergekehrt ist?
680 1433 2993 1596 Hans: Es ist eine ziemlich behannte Tatsache. Ich
832 1602 2850 1763 weiss sehr jut, dass solche Expéditionen mit
838 1745 2950 1879 einiger Gefahr verbunden sind. Ich spiele mich
829 1897 2950 2058 nicht auf den Todesverächter hinaus und versi
835 2067 2953 2209 chere Sie, dass ich sehr gern gesund und 1 oben
844 2182 2756 2334 dig wiederkommen möchte. Ich hoff es auch.
689 2322 2941 2513 Julian: Ja, nun es ist begreiflich,dass einer, der
841 2455 3050 2665 zurückbleibt, daran vor allem denkt, ich verstehe
853 2647 3056 2835 auch, dass Dich solche Erwägungen nicht abhalten
847 2823 1172 2993 werden
701 2904 2206 3090 Hans' Nichts wird mich abhalten.
707 3071 2883 3266 Julian: Hm. ich glaube, das sagt man nur so.“ ich
850 3254 2886 3439 doch,Du wagst es doch nicht Detnem Vater zu
850 3405 1153 3575 sagen.
707 3527 3150 3739 Hans’ Es scheint mir noch nicht an der -eit.Das ver-
