3672 4680
869 883 2963 1029 I.Akt. Der Altgewordene, achtundvierzig. Seine
861 1059 2935 1175 letzte Maitresse ist ihm mit einem jungen Men¬
869 1178 3035 1355 schen uiîtreu geworden. Szene? Du bist zu alt.
861 1335 2621 1490 Eine frühere Freundin, die ihn besucht.
861 1446 2800 1644 Ja, jetzt est die Einsamkeit da, endgiltig.
863 1652 2922 1779 Die Freundin, Schauspielerin, die verheiratet
877 1763 2682 1912 war und immer wieder zu ihm zurückkehrt.
869 1942 3068 2113 Aber einsam - was reden Sie? Was wissen Sie denn,
877 2075 2124 2237 ob Sie nicht Familie haben.
861 2237 3073 2406 Er wird naendenklich. Ich weiss es ganz bestimmt.
877 2386 1539 2527 An! ich (Anne :
880 2546 1666 2676 Ahnen Sie nichts.
877 2690 3065 2817 Die Freundin hat einen letzten Geliebten gehabt,
938 2836 2345 2988 einen jänmerlichen Komödianten.
897 2938 2977 3137 II.Akt. Jetzt beschliesst er, wieder in diese
877 3115 3035 3261 Familie zu sehen, die er nur wenig frequentiert.
886 3288 2872 3421 Der Vater, der Alte, ist Doktor der Medizin.
894 3399 3101 3548 Seine Tochter durchgegangen :mit einem Ofizier
886 3567 3106 3708 Der Junggeselle erscheint, wird freudig empfangen
891 3699 2988 3851 Gespräch über die verstorbene Frau. Der Doktor
894 3898 3076 4061 zeigt ihm Erinnerungen an sie. Bewegung des Jung
