3544 4408
2545 665 2684 849 22
750 790 3027 997 Sieh, du solltest heiraten, sonst wird's zu spät.
736 988 2908 1186 Du bist sehr gut gewesen. Du bist wirklich nur
745 1175 2483 1356 zu alt, das ist dein einziger Fehler.
736 1435 1554 1614 Ein Freund kommt.
745 1634 2837 1801 Sehr lustig. Für ihn waren die Weiber nur in-
747 1761 2911 1962 strument de plaisir. So lang sie mir Vergnügen
739 1900 3004 2118 machen. Nun ja, ich war nie schön, aber ich habe
745 2081 2064 2262 die schönsten Weiber gehabt.
739 2186 1826 2409 Abschied der Geliebten.
725 2387 2845 2548 Die ist auf immer gegangen, Einsamkeit kommt.
733 2537 2421 2647 Unsinn! Einsam's ein, was heisst das?
733 2661 2956 2874 Ah, ich habe noch Leidenschaften, Schon eh' ich
739 2834 2888 2990 diese kennen lernte, war ich ein Jahr ohne Ge-
736 2939 2763 3194 liebte und habe mir Frauen gekauft. Das ist
733 3157 2860 3338 gut zu einer früheren Zeit, aber jetzt - mich
733 3321 2868 3454 schaudert! Nicht einmal mehr die erlogene Hei-
728 3412 2939 3649 mat in weiblichen Armen. Ich habe Niemanden, Wo
736 3599 2194 3800 ist der Reichtum meiner Jugend?
739 3734 2959 3938 Weisst du übrigens, dass die Tochter des Dr.Val-
