3256 3976
2525 267 2636 478 44
1081 499 2916 656 du fort. Alle sollten glauben, das Bild
1088 683 2696 842 wäre daran schuld. Du brachtest es
1046 789 2691 1005 nicht zu Ende, du gerietest in Ver-
1097 902 2923 1141 zweiflung. Glaubst du, ich weiss nicht,
1113 1081 2831 1281 was dich in Wahrheit davontrieb? Nun,
1109 1295 2861 1426 du hast es bald verschmerzt - begreif-
1125 1438 2972 1592 licherweise. Und als du nach sieben Jahr
1118 1587 2781 1759 ren zurückkamst, hast du mir nichts
1127 1766 2056 1902 mehr nachgetragen...
1155 1904 1755 2130 In Regierte-Seit.
