3464 4072
727 495 1080 681 fallen?
539 582 2461 860 Sophie: Onichts, gar nichts Besonderes!
554 854 913 990 Jul:?
514 929 2894 1158 Sophie Du, Julian, was möchtst du denn dazu sagen,
749 1080 2312 1291 wenn ich wieder wegfahren möcht'?
573 1195 3027 1418 Juli Weg?.. Du willst -? Ja, das musst du mir doch
780 1461 1216 1594 erklären.
535 1507 3024 1712 Sophie: Ah, es wird ja vielleicht nichts daraus. Ich
771 1687 2980 1876 sag' das nur so, weil gestern bei der Tant' da¬
795 1814 3036 2009 von die Red' war. Ihr Bruder war da, der in Ham¬
792 1934 3055 2166 burg das grosse Pferdegeschäft hat. Der hat mich
795 2120 3021 2349 gefragt - zum Spass natürlich -, ob ich mit ihm
805 2269 2987 2473 fahren möcht. :Lächelt verlegen, wie sie in
820 2433 2891 2649 sein forschendes Auge blickt: Ich fahr' ja
817 2659 1117 2801 nicht.
644 2727 2962 2993 Jul: Liebe Sophie, wozu das alles? Sag' mir doch
829 2931 2123 3110 lieber die Wahrheit... Nun?
659 3095 1535 3253 Sophie: Was denn?
672 3154 3036 3380 Jul: Es genügt, wenn du einfach sagst: Adieu, ich
854 3305 3194 3562 geh' auf immer. Es ist sogar bequemer. Denk' doch,
867 3525 3132 3729 sonst müsstest du am Ende einen Brief schreiben,-
