3416 4136
733 627 1422 826 Junggesellen.
730 722 2852 949 Zu schildern einer, der sich immer lieben
756 901 2832 1106 liess, nichts hergab und die Menschen nur
750 1066 2944 1251 verbrauchte. Jetzt seine grosse Einsamkeit
756 1231 2762 1405 bis zur Verzweiflung. Er will heiraten
761 1329 3011 1587 schon mit der Empfindung,dass sie ihm viel-
772 1511 2964 1721 leicht treulos würde. Aber er hat doch je-
767 1788 1038 1886 mand.
778 1780 2886 2051 Sein Freund: Ich weiss eigentlich selbst
784 1951 2936 2180 nicht, warum ich dich immer so gern gehabt
781 2250 1055 2348 habe
733 3244 834 3420 G.P.
