3384 4104
2727 323 2809 491 8
605 494 2764 751 Sie wollten ja dem Vater alles sagen.Fort
614 702 1222 899 mit Julian.
620 799 2672 1031 Sohn. Ja, das ist doch keine Beziehung?"
628 999 1536 1228 Warum die se Lüge.
637 1159 2204 1345 Du hast Recht,sagen wir's ihm.
648 1288 2527 1505 Vielleicht in diesem Dillema? Irene!
668 1439 2938 1704 Im 1.Akt muss Karl sagen ich verzeihe alles.
662 1662 2184 1787 Vierter Akt.Sala und Johanna.
677 1742 2944 1950 sala ahnt, dass Johanna ihn nur liebt, weil er
679 1864 2829 2107 zum Tod verurteilt ist.Sie will fort,weil
688 2067 2841 2270 ihr die Atmosphäre zu eng ist,nein zu bür
697 2190 2892 2424 gerlich.Ein Verlobter? Sie geht.Julian nun:
702 2330 2855 2604 Ich verliere ihn.Er entgleitet mir.War es
702 2521 1933 2729 eine Rache dieser Frau?
699 2652 2909 2878 Sie sind zu sentimental.Wenn man so gelebt
705 2806 2841 3058 hat wie Sie und ich, muss man einsam sein
725 2992 1976 3189 können oder ein Schurke,
728 3092 3023 3337 Julian.Der Entschluss es dem alten Bonifaz zu
731 3249 3023 3500 sagen. (Was macht er damit gut?) Ihn aus sei-
742 3452 2915 3663 nem Tüchtigkeitswahn zu reissan. Soll ich
748 3580 2855 3837 den letzten Menschen verlieren? Will die
