3464 4056
2739 260 2856 430 53
925 477 2956 688 oder bestenfalls in Pompejt dabei zu stehen
931 612 2979 811 und Arbeitern zuzusehen zerbrochenen Mosatk-
948 805 2871 939 boden aus der Erde hervorzuschaufeln.Aber
939 939 3114 1121 was für ein glücklicher Zufall, dass ich nun an
951 1077 3198 1288 diese geheimnisvolle Stütte gehen, selbst mitarbei
957 1261 3067 1425 ten darf und Dinge erleben, die mir eigentlich
963 1375 3035 1607 immer wie Mitrohen erschienen sind. Das müssen
945 1551 3149 1747 Sie ja verstehen. Haben Sie nicht selbst gesagt,
963 1729 2985 1902 dass es Sie eigentümlich ergriffen hat als
954 1858 3131 2010 Sie in den Karakalathermen zusahen,wie man den
957 2016 3154 2162 Mosatkboden aus der Erde- Tiefe hervorschafftoi
966 2154 3143 2318 Nun denken Sie, so allmählich wieder eine Stadt
2075 2277 2247 2379 jahr,
977 2303 3149 2470 aufsteigen zu sehen, die ja Ctausende lang begra¬
986 2479 3046 2637 ben war. Ich glaube, es ist das Ungeheuerste,
983 2604 2771 2765 was überhaupt ein Mensch erleben kann.
849 2710 3204 2958 Julian: Du siehst das doch sonderbar phantastisch
989 2885 2976 3122 vor Pir.So wie Du Dir's denkst erlebt mans
992 3087 1671 3251 ja doch nicht.
854 3234 3193 3389 Hans: Nun ja,Sie haben recht.Man könnte sich viel-
998 3377 3043 3558 leicht sogar davor fürchten,dass einen dort
1021 3485 3234 3705 eine Art von Wahnstnn packt und dass man selbst
