3496 4136
2689 367 2845 554 26
894 534 3138 757 auch nur einer irgend was zurückfordern könnten,
891 745 3185 921 was Sie ihr geschenkt, ich meine keine Perlenschnung
903 889 2932 1029 und keine Rente, sondern ein Stück von Ihrem
894 1009 3094 1217 Wesen, das Sie wirklich an Jene verloren hatten?
669 1185 3026 1358 Julian: Manchmal doch. Sagten Sie nicht selbst, Sie
900 1320 3100 1531 bene ideten mich darum, dass ich mweilen boinche
912 1501 1944 1669 den Verstand verloren?
672 1610 2886 1830 Sala: Den Verstand,oh ja, häufig,aber sonst auch
897 1821 2930 1935 nichts.Nie das Herz, nie sich selbst.Man ist
900 1965 2927 2120 noch kein Verschwender,wenn man die Türe zu
909 2108 3026 2252 seiner Seele offen stehen und seinen Reichtum
912 2243 3015 2408 sehen lässt und man ist noch nicht gütig,wenn
906 2375 2918 2542 einen die Thränen einer Geliebten mitweinen
900 2584 1243 2713 machen.
666 2669 2982 2856 Julian: Wie erklären Sie es dann, dass ich nie von
903 2830 2962 2997 einem Wesen in infrieden geschieden bin, dass
900 2976 2742 3170 mir keine, gewiss keine etwas nachträgt?
669 3123 2962 3325 Sala: Das liegt ausschliesslich an Ihrer Energie-
912 3261 2979 3469 los igkeit,an Ihrer Enfähigkeit Dinge des Le¬
912 3416 2974 3651 bens zum Abschluss zu bringen. Sie wollen mir
906 3572 2947 3824 sagen, dass Sie noch nie in Ihrem Leben eine
