3496 4136
2604 396 2743 508 18
552 502 2820 720 Man weiss nicht. Sie liess einen Brief zurück, man
709 726 2823 886 solle nicht nach ihr suchen. Nun jetzt erfüllt
712 889 2734 1063 sie eben ihren Beruf, zu dem sei geboren,wie
703 1016 2879 1190 Sie den Ihron als Maler, ich den meinen, als ich
706 1181 2920 1364 Dichter wurde und wir wollen im Interzesse ihrer
709 1314 2598 1485 Liebhaber annehmen,besser als wir beide.
576 1488 2952 1650 Julian: Und der Vater. Wie verhält sich denn Pflug-
717 1650 2926 1783 felder dazu? Es muss ja furchtbar für ihn sein.
576 1774 2784 1922 Salat Furchtbar? Ich glaube nicht.Er hat seinen
717 1940 3029 2087 Beruf.Das ist viel.Wirklich in einem Beruf stehen
723 2102 2885 2259 wie Pflugfelder in seinem ärztlichen steht, ist
771 2200 2926 2377 überhaupt etwas so wunderbares,dass unsereiner
732 2377 3029 2527 sich gar keine wirkliche Vorstellung davon machen
732 2536 2950 2702 kann. So ein Mensch ist nie zu bedauern.Das ist
729 2669 2929 2852 ja nicht ein Mensch von Gnaden des Augenblicks,
720 2846 2991 3029 wie andere und in der Zwischenzeit ein Gott oder
744 3003 1311 3177 ein Schwein.
596 3127 1444 3322 Julian: Aber Hans.
599 3280 1612 3481 Sala: Was meinen Sie?
588 3363 2397 3596 Julian: Was sagt Hans,wie trägt er es?
588 3552 2660 3732 Sala: Er hat sich zu mir natürlich nicht ge-
