3576 4440
2126 702 2260 839 26
705 859 1967 1066 Was denkst du jetzt zu tun?
711 988 2951 1231 Ich bin in einem sonderbaren Studium. Einsamkeit
697 1161 2898 1382 Es giebt Niemanden, zu dem ich gehöre. Familie.
708 1281 2960 1477 Du sagst das? Du weisst, was es für Verlogenheit
722 1438 2599 1673 in Familien giebt. Betrügerische Frauen
719 1589 2867 1858 Sag' das nicht. Wir sind die Betrogenen - wir.
719 1774 2963 1964 Wir sind für diese Frauen nichts Anderes als für
725 1891 2842 2107 uns leichtfertige Frauenzimmer. Betrogen sein
739 2034 2890 2319 ist immer ein Unglück, wenn man's weiss. Nicht
747 2227 2867 2411 der Rausch ist’s, der zwei Menschen verbindet;
739 2367 2798 2529 das Zusammensein, wenn der Rausch verflogen.
736 2479 2923 2767 Ja, ganz gut, aber das Kind, darauf kommt's an.
741 2669 2865 2898 Das vergisst du. Gewiss könnte man einer Frau
764 2811 2867 2996 verzeihen, dass sie betrogen ; aber mit einem
750 2996 2918 3161 Kind herumgehen im Hause - das können nur Elen-
753 3147 2820 3332 de sein, da fängt der Betrug an. Das Andere
769 3332 2979 3497 ist's wol auch; aber es ist ein Betrug im Gegen-
767 3416 2876 3628 wärtigen, ein Betrug unter uns. Aber das, das
750 3628 2417 3810 heisst, die Liige ins Ewige treiben.
