3368 4072
2627 237 2752 371 82
937 444 1897 657 Haar besser als ich.
703 600 2314 758 Julian: Ja, aber das ändert nichts.
711 741 2758 976 Irene: Das ändert sehr viel. Das ündert ganz
959 894 2921 1101 einfach diese ganzen dreiundwanzig Jahre,
951 1065 2886 1199 die damischen liegen und in denen Du für
943 1166 2989 1365 mich ein ganz Anderer warst als Du wirklich
954 1357 2856 1521 gewesen bist. Und Du,Du hast mit ihr ein
943 1507 2695 1698 Kind gehabt, während ich ruiniert war.
749 1660 1826 1839 sulian: Was heisst das?
722 1779 2878 1970 Irene: Was das heisst? Ich hab's Dir bis heu-
970 1943 2867 2106 te nicht gesagt. Frag nur den alten Pflug-
962 2093 2845 2316 felder.Er hat mir gleich angedeutet, dass
967 2275 1771 2436 ich ruiniert war.
725 2412 2883 2570 Julian: Ich habe nie meine Zustimmung gegeben.
736 2523 2929 2769 Irene: Ah, wie das jetzt alles in mir auftaucht.
967 2714 2815 2905 Was sind das alles für Lügen und Gemein-
962 2888 2681 3096 heiten.Ah! Und Du stehst da und drin
978 3017 2861 3216 ist Dein Sohn und der Alte glaubt es ist
978 3172 2812 3338 der seine — Hält man das aus, alle diese
965 3352 2899 3526 Lügen? Gibt’s denn etwas Widerwärtigeres?
