3448 4072
2840 258 2976 502 45
739 478 2914 691 Hans (mit Absicht stark): Sie wissen jedenfalls
893 683 2641 890 schon, dass uns Johanne verlassen hat?
739 819 2876 1000 Julian: Ja. Sala erzählte es mir. Und Ihr habt
950 1006 2083 1184 keine Nachricht seitdem?
745 1166 1570 1338 Pfl.: Nein, keine.
760 1306 2131 1513 Julian: Auch keine Vermutung?
763 1478 1312 1632 Pfl.: Nein.
769 1602 3113 1816 Hans : Es ist nicht notwendig in einem Ton zu spro¬
917 1733 3048 1929 chen als venn eine Leiche im Hause lüge.Reden
920 1864 2896 2065 wir doch endlich laut darüber,so Schwindet
926 2039 2997 2258 dieser Bann am ehesten.Sie vollte ja fort,os
941 2214 2329 2395 ist also nicht gar so traurig.
795 2374 1938 2546 Julian: Wo mag sie sein?
795 2469 3181 2724 Pfl.: Sie ist gewiss sehr weit.Vielleicht in Tärts,
935 2671 2116 2858 vielleicht in Petersburg.
804 2801 3062 3021 Hans: Nun ja. Es ist wahnhaftig nicht so schlimm.
944 2944 3169 3143 Es wäre viel schlimmer,wenn sie an trgend etnon
961 3104 3018 3303 braven Menschen verheiratet wäre, den sie un-
964 3261 3051 3448 glücklich machen und betrügen müsste. Es wäre
961 3395 3083 3614 auch schlimm, wenn sie nicht davongelaufen un.-
976 3561 3110 3798 vollkommen verrückt geworden wäre. Und es würe
