3480 4216
2983 189 3110 362 5.
176 253 2662 662 überhaupt sein ganz andre Amt, wenn ausses
133 618 1036 841 welck kennte.
170 770 2445 1014 Aber dieser traurige Gemeisens dank!
2510 893 2931 1104 ?
173 968 2417 1240 Mes blibt einem weder über als wirken
201 1175 2476 1465 Giebe, Worte:..9. hat bis der anders
192 1345 2090 1722 vorgestellt, aber Tölstendete. -
210 1468 2433 1864 Mo ist die Julien in der letzte Zeit! Das
207 1669 2556 2102 heit nichts von ihm u. Er reist, jetzt herum
980 1941 1159 2077 hof
167 1941 2059 2303 nur vor benau Geist getrieben.
238 2145 2142 2461 Mar ist da ja ein Meuchl.
213 2250 2566 2643 Nun - as war as, furch its Nalor...
232 2501 2386 2943 4, hat sich verschwärmtet, es war nicht
386 2686 2445 3082 so viel dn. er hat mir die behal¬
544 2952 2516 3280 ayon gehabt. Was mir eine
238 2949 346 3156 D
216 3107 2646 3546 aus ihm? Er walt nicht rechter meh¬
232 3125 516 3323 nt
1447 3320 2433 3672 sein Kupa ist.
195 3496 1332 3799 Sne Name verjetzt
198 3688 1144 4006 in abrespuss
