3480 4120
2622 367 2747 523 17
708 520 2879 735 Jungfern. -m alten Griebenland hätte sie leben
708 669 2828 875 müssen, wo man vor allem Göttlichen den wahren
696 872 2738 1021 Respekt hatte.Als Priesterin der Venus.Oder
723 1015 2870 1206 auch zu einer anderen Zeit, jedenfalls in einer
714 1150 2825 1356 anderen Umgebung. Sie hatte ja selbst zuweilen
720 1326 1562 1478 eine Ahnung davon.
579 1454 1487 1645 Julian:Glauben Sie?
570 1574 2971 1801 Sala: Gewiss.Wenn auch vielleicht nur im Schlaf.Sie
720 1774 2932 1893 erzählte mir einmal einen Traum. In diesem Traum
708 1920 2950 2058 lief sie in den Kerker zu einem jungen französt-
720 2099 2956 2222 schen Adeligen, zur Revolutionszeit war es jeden¬
717 2252 2765 2353 falls, der morgen hinigerichtet werden sollte.
723 2347 2915 2499 Sie wollte ihm offenbar die letzte Nacht (erhält
720 2499 2912 2667 inne, als nehmen seine Gedanken einen ihm selbst
708 2646 2959 2840 unvorhergesehenen Lauf.Er ist gerade hin und her
803 2810 2114 2995 gegangen und bleibt stehen).
570 2968 1574 3153 Julian:Was haben Sie?
564 3112 2028 3306 Sala: Nichts.Ich erzähle Ihnen.
609 3264 2998 3452 ulian: Ich werde doch nicht ganz klug. Sie ist fort.
705 3431 881 3607 Wo?
