<?xml version="1.0" encoding="UTF-8" standalone="yes"?>
<PcGts xmlns="http://schema.primaresearch.org/PAGE/gts/pagecontent/2013-07-15" xmlns:xsi="http://www.w3.org/2001/XMLSchema-instance" xsi:schemaLocation="http://schema.primaresearch.org/PAGE/gts/pagecontent/2013-07-15 http://schema.primaresearch.org/PAGE/gts/pagecontent/2013-07-15/pagecontent.xsd">
    <Metadata>
        <Creator>prov=READ-COOP:name=TrHtr:version=2.1.0:model_id=51170:date=28_07_2023_17:25</Creator>
        <Created>2023-05-10T11:40:43.107+02:00</Created>
        <LastChange>2023-07-28T17:25:46.162+02:00</LastChange>
        <TranskribusMetadata docId="1428169" pageId="55391034" pageNr="235" tsid="131367040" status="IN_PROGRESS" userId="64420" imgUrl="https://files.transkribus.eu/Get?id=RVZTGTSQWYKPGBBJXMYXOWYU&amp;fileType=view" xmlUrl="https://files.transkribus.eu/Get?id=YYRJHPCEXNYMJCFGUKJQUIDY" imageId="44665919"/>
    </Metadata>
    <Page imageFilename="1428169_0235.jpg" imageWidth="3400" imageHeight="4120">
        <ReadingOrder>
            <OrderedGroup id="ro_1711803564554" caption="Regions reading order">
                <RegionRefIndexed index="0" regionRef="tr_1"/>
                <RegionRefIndexed index="1" regionRef="tr_2"/>
                <RegionRefIndexed index="2" regionRef="tr_3"/>
            </OrderedGroup>
        </ReadingOrder>
        <TextRegion id="tr_1" custom="readingOrder {index:0;}">
            <Coords points="137,379 2884,379 2884,2237 137,2237"/>
            <TextLine id="tr_1_tl_1" custom="readingOrder {index:0;}">
                <Coords points="365,528 578,491 624,538 750,501 900,541 1069,475 1554,508 1594,501 1604,355 1521,312 1328,349 1182,309 959,405 382,256"/>
                <Baseline points="382,510 394,507 438,504 483,504 528,501 573,498 618,495 662,495 707,495 752,492 797,492 841,489 886,486 931,486 976,486 1021,483 1065,483 1110,480 1155,474 1200,471 1244,465 1289,459 1334,453 1379,453 1424,450 1468,447 1513,441 1558,438 1603,429"/>
                <TextEquiv>
                    <Unicode>Die Mutter.. ich Arzt.</Unicode>
                </TextEquiv>
            </TextLine>
            <TextLine id="tr_1_tl_2" custom="readingOrder {index:1;}">
                <Coords points="193,734 2347,591 2752,432 2307,382 1029,588 203,584"/>
                <Baseline points="214,674 250,677 295,674 340,674 385,674 429,674 474,671 519,668 564,665 609,656 653,656 698,653 743,653 788,653 832,653 877,650 922,650 967,647 1012,647 1056,644 1101,638 1146,632 1191,632 1236,629 1280,626 1325,623 1370,620 1415,615 1459,612 1504,606 1549,600 1594,591 1639,588 1683,582 1728,579 1773,576 1818,573 1862,567 1907,564 1952,561 1997,558 2042,555 2086,552 2131,546 2176,540 2221,537 2266,534 2310,531 2355,525 2400,525 2445,519 2489,513 2534,510 2579,504 2624,501 2669,495 2713,495 2758,495"/>
                <TextEquiv>
                    <Unicode>Mutter : Ihr xxx nicht aus an Münk der Schutsache</Unicode>
                </TextEquiv>
            </TextLine>
            <TextLine id="tr_1_tl_3" custom="readingOrder {index:2;}">
                <Coords points="116,900 1139,820 1394,883 1799,754 2639,737 2649,574 129,717"/>
                <Baseline points="137,847 140,847 185,847 229,850 274,850 319,844 328,847 367,844 412,844 456,844 501,841 546,838 591,838 635,838 680,838 725,832 770,832 815,832 859,832 904,826 949,826 994,829 1038,824 1083,821 1128,818 1173,818 1218,815 1262,809 1307,809 1352,803 1397,800 1442,794 1486,788 1531,779 1576,776 1621,770 1665,761 1710,755 1755,749 1800,746 1845,743 1889,737 1934,731 1979,728 2024,725 2068,725 2113,722 2158,719 2203,716 2248,713 2292,710 2337,707 2382,704 2427,698 2472,695 2516,692 2561,689 2606,686 2651,686"/>
                <TextEquiv>
                    <Unicode>A. Ich damit sie kan doch d. klarelier von Orben</Unicode>
                </TextEquiv>
            </TextLine>
            <TextLine id="tr_1_tl_4" custom="readingOrder {index:3;}">
                <Coords points="345,1096 2613,933 2633,724 1089,946 1026,886 515,999 359,943"/>
                <Baseline points="370,1032 388,1032 432,1035 477,1038 522,1038 567,1038 612,1038 656,1038 701,1041 746,1038 791,1030 835,1027 880,1027 925,1024 970,1015 1015,1012 1059,1006 1104,1003 1149,1000 1194,997 1238,994 1283,991 1328,988 1373,985 1418,982 1462,979 1507,973 1552,967 1597,961 1642,958 1686,955 1731,952 1776,952 1821,946 1865,940 1910,940 1955,937 2000,934 2045,925 2089,919 2134,913 2179,907 2224,904 2268,898 2313,895 2358,892 2403,886 2448,880 2492,877 2537,871 2582,868 2627,862"/>
                <TextEquiv>
                    <Unicode>Nun, ich kann nicht mit diese Lige aus</Unicode>
                </TextEquiv>
            </TextLine>
            <TextLine id="tr_1_tl_5" custom="readingOrder {index:4;}">
                <Coords points="159,1265 959,1192 1252,1252 1594,1159 1766,1262 2317,1086 2321,1013 1106,1023 568,1159 173,1082"/>
                <Baseline points="182,1230 220,1230 265,1227 310,1227 355,1224 400,1224 444,1221 489,1215 534,1209 579,1206 623,1203 668,1200 713,1197 758,1194 803,1191 847,1188 892,1185 937,1182 982,1182 1027,1179 1071,1179 1116,1176 1161,1170 1206,1167 1250,1167 1295,1158 1340,1158 1385,1155 1430,1146 1474,1140 1519,1137 1564,1137 1609,1131 1653,1131 1698,1128 1743,1125 1788,1122 1833,1122 1877,1122 1922,1119 1967,1116 2012,1110 2057,1107 2101,1098 2146,1089 2191,1077 2236,1071 2280,1065 2325,1062"/>
                <TextEquiv>
                    <Unicode>walt. Das das ich habe ich muth nicht.</Unicode>
                </TextEquiv>
            </TextLine>
            <TextLine id="tr_1_tl_6" custom="readingOrder {index:5;}">
                <Coords points="302,1378 823,1391 976,1338 1195,1398 1351,1341 1358,1218 1009,1275 896,1225 833,1272 528,1318 309,1242"/>
                <Baseline points="322,1352 334,1352 379,1358 423,1358 468,1358 513,1358 558,1358 603,1355 647,1355 692,1355 737,1352 782,1349 826,1349 871,1340 916,1340 961,1337 1006,1337 1050,1334 1095,1331 1140,1328 1185,1319 1230,1313 1274,1307 1319,1301 1364,1301"/>
                <TextEquiv>
                    <Unicode>Manin lian:</Unicode>
                </TextEquiv>
            </TextLine>
            <TextLine id="tr_1_tl_7" custom="readingOrder {index:6;}">
                <Coords points="216,1537 671,1504 800,1580 1305,1451 1521,1524 2387,1461 2623,1431 2633,1298 2450,1238 2297,1321 2112,1212 1119,1428 1042,1351 226,1384"/>
                <Baseline points="238,1519 265,1516 310,1513 355,1510 400,1510 444,1504 489,1501 534,1504 579,1504 623,1501 668,1495 713,1492 758,1486 803,1486 847,1480 892,1477 937,1477 982,1477 1027,1471 1071,1465 1116,1462 1161,1459 1206,1456 1250,1450 1295,1447 1340,1447 1385,1444 1430,1442 1474,1442 1519,1439 1564,1436 1609,1436 1653,1436 1698,1433 1743,1427 1788,1421 1833,1415 1877,1409 1922,1406 1967,1400 2012,1391 2057,1388 2101,1385 2146,1382 2191,1379 2236,1376 2280,1373 2325,1370 2370,1367 2415,1364 2460,1361 2504,1361 2549,1358 2594,1358 2639,1361"/>
                <TextEquiv>
                    <Unicode>von 5. no alhen interessirt er ist nicht.</Unicode>
                </TextEquiv>
            </TextLine>
            <TextLine id="tr_1_tl_8" custom="readingOrder {index:7;}">
                <Coords points="206,1736 1391,1716 2872,1521 2882,1398 219,1580"/>
                <Baseline points="229,1677 241,1677 286,1686 331,1683 376,1686 420,1683 465,1677 510,1677 555,1674 600,1674 644,1668 689,1668 734,1671 779,1677 824,1671 868,1671 913,1668 958,1671 1003,1665 1047,1659 1092,1659 1137,1653 1182,1648 1227,1645 1271,1642 1316,1636 1361,1633 1406,1630 1450,1630 1495,1627 1540,1627 1585,1618 1630,1612 1674,1606 1719,1603 1764,1597 1809,1591 1854,1585 1898,1579 1943,1576 1988,1570 2033,1567 2077,1561 2122,1558 2167,1552 2212,1549 2257,1540 2301,1537 2346,1528 2391,1525 2436,1516 2480,1510 2525,1504 2570,1498 2615,1495 2660,1492 2704,1492 2749,1489 2794,1486 2839,1483 2884,1489"/>
                <TextEquiv>
                    <Unicode>Er interessent sich überhaupt sein niemand: er inne</Unicode>
                </TextEquiv>
            </TextLine>
            <TextLine id="tr_1_tl_9" custom="readingOrder {index:8;}">
                <Coords points="199,1936 704,1833 1172,1912 2088,1723 2812,1770 2825,1567 2281,1570 1511,1743 216,1746"/>
                <Baseline points="223,1856 229,1856 274,1856 319,1851 364,1848 409,1845 453,1845 498,1842 543,1839 588,1839 632,1836 677,1833 722,1833 767,1833 812,1833 856,1833 901,1830 946,1830 991,1830 1035,1827 1080,1824 1125,1821 1170,1824 1215,1818 1259,1815 1304,1812 1349,1812 1394,1806 1439,1803 1483,1800 1528,1797 1573,1794 1618,1788 1662,1785 1707,1776 1752,1767 1797,1761 1842,1752 1886,1746 1931,1740 1976,1734 2021,1725 2065,1725 2110,1722 2155,1719 2200,1713 2245,1710 2289,1710 2334,1704 2379,1701 2424,1695 2469,1692 2513,1689 2558,1689 2603,1683 2648,1680 2692,1674 2737,1671 2782,1668 2827,1659"/>
                <TextEquiv>
                    <Unicode>son [ hilhail tief vroemt. Une de sovie filst</Unicode>
                </TextEquiv>
            </TextLine>
            <TextLine id="tr_1_tl_10" custom="readingOrder {index:9;}">
                <Coords points="209,2045 1046,2092 1653,1952 2135,1992 2769,1886 2776,1756 2536,1750 2394,1856 2158,1783 1225,1916 216,1922"/>
                <Baseline points="226,2030 259,2027 304,2018 349,2015 394,2009 438,2003 483,2000 528,2000 573,1997 618,1994 662,1991 707,1991 752,1991 797,1991 841,1991 886,1991 931,1994 976,1991 1021,1994 1065,1991 1110,1994 1155,1991 1200,1994 1244,1991 1289,1991 1334,1988 1379,1988 1424,1985 1468,1979 1513,1973 1528,1964 1567,1961 1612,1958 1656,1952 1701,1946 1746,1943 1791,1934 1836,1934 1880,1931 1925,1928 1970,1928 2015,1925 2060,1919 2104,1916 2149,1913 2194,1907 2239,1904 2283,1898 2328,1898 2373,1895 2418,1892 2463,1889 2507,1886 2552,1877 2597,1874 2642,1874 2686,1868 2731,1868 2776,1865"/>
                <TextEquiv>
                    <Unicode>keit das unentliffer Unsernt seiner statt</Unicode>
                </TextEquiv>
            </TextLine>
            <TextLine id="tr_1_tl_11" custom="readingOrder {index:10;}">
                <Coords points="193,2248 402,2294 930,2214 1119,2287 1248,2234 1341,2274 1730,2201 1736,2062 1534,2019 1301,2125 1222,2058 843,2145 574,2068 196,2165"/>
                <Baseline points="214,2227 217,2227 262,2224 307,2221 352,2218 397,2215 441,2209 486,2206 531,2203 576,2200 620,2197 665,2200 710,2197 755,2197 800,2197 844,2197 889,2197 934,2197 979,2197 1024,2194 1068,2194 1113,2197 1158,2194 1203,2194 1247,2197 1292,2197 1337,2191 1382,2188 1427,2185 1471,2179 1516,2179 1561,2173 1606,2170 1650,2164 1695,2161 1740,2164"/>
                <TextEquiv>
                    <Unicode>mit mir sie schon</Unicode>
                </TextEquiv>
            </TextLine>
        </TextRegion>
        <TextRegion id="tr_2" custom="readingOrder {index:1;}">
            <Coords points="238,2305 2770,2305 2770,3786 238,3786"/>
            <TextLine id="tr_2_tl_1" custom="readingOrder {index:0;}">
                <Coords points="319,2450 747,2470 1006,2400 1252,2427 1461,2370 1464,2337 1039,2254 598,2380 491,2304 442,2341 325,2324"/>
                <Baseline points="337,2448 349,2445 394,2439 438,2436 483,2430 528,2424 573,2421 618,2421 662,2421 707,2418 752,2415 797,2412 841,2412 886,2409 931,2406 976,2403 1021,2400 1065,2397 1110,2394 1155,2388 1200,2388 1244,2382 1289,2376 1334,2373 1379,2370 1424,2361 1468,2355"/>
                <TextEquiv>
                    <Unicode>Ihr mein Jahr!</Unicode>
                </TextEquiv>
            </TextLine>
            <TextLine id="tr_2_tl_2" custom="readingOrder {index:1;}">
                <Coords points="372,2610 425,2610 488,2583 518,2600 591,2586 641,2626 687,2613 757,2560 813,2560 813,2517 767,2500 737,2510 674,2493 637,2520 541,2457 511,2470 442,2453 378,2467"/>
                <Baseline points="394,2570 417,2567 462,2567 507,2564 552,2561 597,2561 641,2564 686,2561 731,2558 776,2555 821,2558"/>
                <TextEquiv>
                    <Unicode>Nun je.</Unicode>
                </TextEquiv>
            </TextLine>
            <TextLine id="tr_2_tl_3" custom="readingOrder {index:2;}">
                <Coords points="219,2729 870,2772 1467,2659 1687,2752 2497,2573 2513,2380 2078,2520 1799,2460 1534,2566 1278,2550 1042,2659 760,2556 415,2656 232,2560"/>
                <Baseline points="238,2731 265,2728 310,2722 355,2716 400,2716 444,2716 489,2716 534,2713 579,2710 623,2710 668,2710 713,2707 758,2704 803,2704 847,2704 892,2698 937,2698 982,2692 1027,2686 1071,2678 1116,2672 1161,2666 1206,2660 1250,2654 1295,2651 1340,2645 1385,2642 1430,2639 1474,2633 1519,2630 1564,2630 1609,2627 1653,2627 1698,2621 1743,2615 1788,2612 1833,2606 1877,2600 1922,2600 1967,2594 2012,2591 2057,2588 2101,2588 2146,2582 2191,2582 2236,2576 2280,2570 2325,2567 2370,2561 2415,2558 2460,2555 2504,2561"/>
                <TextEquiv>
                    <Unicode>Ich habe Aussi... als nach mein tod!</Unicode>
                </TextEquiv>
            </TextLine>
            <TextLine id="tr_2_tl_4" custom="readingOrder {index:3;}">
                <Coords points="359,2945 644,2868 857,2908 1052,2855 1169,2915 1424,2805 1570,2815 1574,2752 1285,2716 1159,2762 1036,2722 624,2825 531,2772 372,2772"/>
                <Baseline points="379,2886 417,2881 462,2881 507,2875 552,2875 597,2869 641,2869 686,2866 731,2866 776,2863 821,2866 865,2866 910,2866 955,2863 1000,2857 1044,2851 1089,2845 1134,2839 1179,2833 1224,2827 1268,2821 1313,2815 1358,2812 1403,2806 1447,2800 1492,2797 1537,2794 1582,2791"/>
                <TextEquiv>
                    <Unicode>rehrnehm sie 7.....</Unicode>
                </TextEquiv>
            </TextLine>
            <TextLine id="tr_2_tl_5" custom="readingOrder {index:4;}">
                <Coords points="402,3028 1999,3041 2563,2912 2759,2951 2769,2779 2045,2895 1404,2852 913,2971 558,2875 408,2932"/>
                <Baseline points="420,3021 441,3021 486,3021 531,3024 576,3024 620,3027 665,3024 710,3024 755,3021 800,3021 844,3024 889,3027 934,3024 979,3018 1024,3018 1068,3012 1113,3006 1158,3006 1203,3003 1247,2997 1292,2994 1337,2991 1382,2988 1427,2985 1471,2985 1516,2982 1561,2979 1606,2979 1650,2979 1695,2976 1740,2970 1785,2967 1830,2961 1874,2958 1919,2952 1964,2949 2009,2943 2054,2940 2098,2937 2143,2934 2188,2925 2233,2919 2277,2919 2322,2916 2367,2913 2412,2913 2457,2913 2501,2910 2546,2907 2591,2907 2636,2904 2680,2904 2725,2898 2770,2904"/>
                <TextEquiv>
                    <Unicode>ad usin. zu dat Concessionen. So ward up</Unicode>
                </TextEquiv>
            </TextLine>
            <TextLine id="tr_2_tl_6" custom="readingOrder {index:5;}">
                <Coords points="388,3230 727,3230 847,3327 1066,3224 1540,3250 1793,3151 2656,3197 2663,3038 1916,3098 1531,3031 1208,3144 900,3078 654,3131 398,3038"/>
                <Baseline points="409,3203 426,3206 471,3206 516,3206 561,3206 606,3209 650,3209 695,3209 740,3206 785,3206 829,3212 874,3209 919,3212 964,3212 1009,3212 1053,3209 1098,3206 1143,3203 1188,3200 1233,3197 1277,3197 1322,3185 1367,3185 1412,3179 1456,3176 1501,3176 1546,3173 1591,3167 1636,3167 1680,3164 1725,3158 1770,3155 1815,3149 1859,3146 1904,3143 1949,3134 1994,3134 2039,3131 2083,3131 2128,3131 2173,3131 2218,3131 2263,3131 2307,3128 2352,3128 2397,3131 2442,3128 2486,3122 2531,3125 2576,3122 2621,3122 2666,3119"/>
                <TextEquiv>
                    <Unicode>sullil furche... Er wei in meerselt</Unicode>
                </TextEquiv>
            </TextLine>
            <TextLine id="tr_2_tl_7" custom="readingOrder {index:6;}">
                <Coords points="272,3463 730,3406 827,3486 1444,3496 2390,3293 2649,3327 2659,3197 2168,3154 1829,3300 1706,3224 1428,3320 1228,3257 634,3357 286,3297"/>
                <Baseline points="295,3412 331,3415 376,3412 420,3412 465,3412 510,3412 555,3412 600,3415 644,3409 689,3409 734,3403 779,3400 824,3400 868,3400 913,3400 958,3394 1003,3391 1047,3391 1092,3391 1137,3388 1182,3385 1227,3385 1271,3382 1316,3382 1361,3379 1406,3379 1450,3376 1495,3373 1540,3370 1585,3364 1630,3364 1674,3355 1719,3352 1764,3346 1809,3343 1854,3340 1898,3334 1943,3328 1988,3325 2033,3325 2077,3316 2122,3310 2167,3307 2212,3304 2257,3304 2301,3301 2346,3298 2391,3293 2436,3290 2480,3287 2525,3284 2570,3284 2615,3287 2662,3286"/>
                <TextEquiv>
                    <Unicode>wie daher geheimmer sein schrift um</Unicode>
                </TextEquiv>
            </TextLine>
            <TextLine id="tr_2_tl_8" custom="readingOrder {index:7;}">
                <Coords points="252,3652 305,3665 388,3612 471,3682 515,3659 591,3679 810,3612 813,3463 644,3513 495,3446 461,3473 339,3463 259,3499"/>
                <Baseline points="274,3594 280,3594 325,3606 370,3606 414,3612 459,3609 504,3609 549,3603 594,3603 638,3603 683,3597 728,3594 773,3588 818,3588"/>
                <TextEquiv>
                    <Unicode>of the secret</Unicode>
                </TextEquiv>
            </TextLine>
            <TextLine id="tr_2_tl_9" custom="readingOrder {index:8;}">
                <Coords points="432,3801 1703,3732 1992,3805 2294,3732 2304,3513 1952,3632 1129,3596 438,3689"/>
                <Baseline points="453,3776 471,3776 516,3773 561,3770 606,3767 650,3764 695,3758 740,3758 785,3752 829,3749 874,3746 919,3746 964,3743 1009,3746 1053,3743 1098,3743 1143,3743 1188,3740 1233,3737 1277,3734 1322,3731 1367,3731 1412,3728 1456,3725 1501,3722 1546,3716 1591,3716 1636,3710 1680,3708 1725,3705 1770,3702 1815,3705 1859,3702 1904,3699 1949,3696 1994,3696 2039,3696 2083,3690 2104,3687 2149,3687 2194,3684 2239,3687 2283,3690 2307,3696"/>
                <TextEquiv>
                    <Unicode>Als der Verkehr hilieren in ihren sonst</Unicode>
                </TextEquiv>
            </TextLine>
        </TextRegion>
        <TextRegion id="tr_3" custom="readingOrder {index:2;}">
            <Coords points="2713,170 3027,170 3027,263 2713,263"/>
            <TextLine id="tr_3_tl_1" custom="readingOrder {index:0;}">
                <Coords points="2942,339 2971,342 2985,352 2998,345 3005,352 3021,349 3011,126 2988,126 2981,133 2975,126 2958,143 2932,143"/>
                <Baseline points="2952,220 2997,223 3027,223"/>
                <TextEquiv>
                    <Unicode>D'</Unicode>
                </TextEquiv>
            </TextLine>
            <TextLine id="tr_3_tl_2" custom="readingOrder {index:1;}">
                <Coords points="2696,349 2719,352 2795,329 2825,355 2839,339 2849,349 2885,339 2882,159 2852,156 2822,169 2789,149 2736,173 2693,169"/>
                <Baseline points="2713,250 2758,250 2803,247 2848,250 2892,253 2895,253"/>
                <TextEquiv>
                    <Unicode>to</Unicode>
                </TextEquiv>
            </TextLine>
        </TextRegion>
    </Page>
</PcGts>
