3288 3976
894 412 1988 625 ist denn da vorgefallen
622 606 1949 796 Hans: Ich habe keine Ahnung.
650 726 2832 942 Pflugf.: Es ist ja furchtbar. Julian, mein arzer
920 878 1985 1096 Julian. Tot! Hier, jetzt.
653 1018 2907 1225 Sala: Er kam sehr zerrüttet von der Reise zurück,
880 1164 2846 1393 am Ende spielt da doch eine Weibergeschich
886 1382 1217 1528 te mit.
628 1497 1696 1665 Pflugf.: Julian I Warum?
628 1632 2860 1814 Sala (für sich): Es war doch das weitaus Anstän¬
886 1792 2237 2007 digste,was er hat tun können.
