3480 4136
2497 269 2633 402 20
707 426 2953 659 Sie eigentlich die ganze Zeit in Italien, Julianz
707 592 2926 840 Seit dem Hochsommer hatte ich keine Nachrichten
728 725 2947 967 von Ihnen.Wie oft hab ich heuer an unsere schö¬
734 870 3019 1118 nen Praztergänge gedacht im Dornbacher Park unter
744 1052 2763 1282 den hohon Kastanien, da wir die tiefsten und
747 1130 2868 1424 höchsten Dinge dieser Welt innerhalb zwei bis
768 1330 2980 1554 drei Stunden wenigstens vorläufig erledigten.Wa¬
780 1478 2965 1708 rum haben Sie mir so selten geschrieben, Julian?
780 1656 2941 1868 Es hätte auch dumm sein dürfen, ich hütte Ihnen
789 1820 2868 2043 schon gescheidt geantwortet. Haben Sie wieder
798 2019 1662 2219 einmal was gemalt?
668 2086 3098 2379 Julian: O nein.Ste wissen ja, dass das längst vorüber
828 2373 1022 2503 tst.
680 2406 2929 2648 Sala: Hm, ja.Nun ich dachte, dass neue Anregungen,
852 2539 3077 2769 es ist doch seltsam, kann so etwas ganz aufhören!
701 2753 1744 2944 Julian (Meisterringer)
719 2862 2929 3077 Sala (spielt es vielleicht auf dem Klavier oder
870 3013 2986 3258 singt die Töne) Nun ja, Sie haben ja Recht,von
886 3155 3050 3412 diesem Standpunkt aus dürfen Sie sich nicht be¬
880 3285 3074 3551 klagen.Denn Ihre Jugend hat recht lang gewährt.
889 3455 3104 3715 Eine häufige Sache übrigens. Selten sind nur dto
