3384 4088
1161 192 1577 342 a. a he
249 470 1285 758 v. fingf. Han.
267 605 3083 908 Hann. Ich gehe ganz zum Theres über. - Ich schein mich
271 797 3136 1061 Wir mussten lödte können. - Wie steht mit Sal!
281 1015 3058 1339 Erinnerung: wie mit Salo, Julie, Blöst getroffen, das
303 1196 3037 1477 butts unf hebt. - Guilias mons Koms a/d Spazil
295 1374 2816 1705 leurtheilt. – Schwer klei an kaler u Sohn.
263 1630 1200 1830 Me auf, ob Schul?
217 1716 1595 2058 2. Oblig. Herr. Neben.
2239 1880 2869 2111 febr
310 1930 2200 2225 Neben sehr konnt. Ulm Furzug
210 2075 2951 2424 best, so ich vorloren bin? Ich mehr es müssen.
239 2410 961 2666 logewicht!
242 2538 2161 2987 S. Hl. Ham. Heba. Juli-
694 2812 2827 3176 Wollm. - Über Johanna. - Ernung
310 2944 673 3165 &c
249 3079 2763 3393 in the Minnen is an els de Mullar in my
281 3268 2674 3642 wolte wie wich solange sein. Han
310 3588 2239 3884 weiss ab; iure partie, ich sie mit
