3432 4104
2748 278 2835 474 4
723 503 1296 668 Leben lang.
706 622 3026 839 Johannas Selbstmord. (Sie ist verschwunden).
709 821 2201 995 Hans zu seinem Vater zurück.
714 937 2942 1131 Julian empört: Sagen wir's ihm.Er mag ent-
720 1079 2143 1310 scheiden, wenn er’s erfährt.
720 1420 2910 1597 Julian hat die Sängerin Maria Cortese ver.
717 1568 2849 1741 führt vor 25 Jahren,hat sie verlassen in
735 1730 2939 1897 einer ungeheueren Angst als Ehemann durchs
732 1871 3054 2028 Leben zu gehen.Er verlässt sie und verschwin-
726 2059 2982 2169 det für sie. Viel später durch ein zufälli-
729 2193 3040 2343 ges Zusammentreffen im Konzert findet er sie
729 2363 2994 2493 wieder. Er lernt das Kind kennen, es ist das
743 2499 3046 2635 seine. Ihr Mann weiss natürlich, dass es nicht
740 2650 2953 2817 das seine ist, aber er hat keine Ahnung,wer
732 2783 1475 2997 der Vater ist.
732 2907 3046 3121 Hans soll die Wahrheit viel später erfahren,
729 3075 2962 3297 aber Marie hat von Julian verlangt,dass er
746 3280 1490 3451 es nie verrät.
740 3410 1906 3613 Nein, so geht es nicht.
740 3543 2968 3749 Julian zurück. Er weiss, dass Hans sein Sohn
