3336 4024
737 426 1327 607 Zum III. Akt.
734 728 2820 909 Es darf nicht so plötzlich kommen, dass sich
725 898 1812 1081 Wegrath schuldig fühlt.
731 1050 2817 1194 Schon im I.Akt eine Andeutung, „Auch ich bin
725 1183 1614 1391 nicht ohne Schuld.“
714 1366 2337 1581 Er will, dass es auch Felix weiss.
728 1620 2992 1837 Die Geschichte von einst muss deutlicher werden.
742 1894 2941 2106 Vater darf nicht gleich sagen "Ich habe für sie
773 2106 2831 2298 gesorgt“, sondern verrät sich eher allmälig.
1558 2252 1643 2365 --
739 2408 3000 2560 Im III.Akt muss Julian noch der Sieger sein, zum
725 2512 2707 2687 mindesten ein Sieger nach dem Temperament.
723 2687 2986 2848 Er lehnt sich einen Augenblick dagegen auf, dass
737 2890 2992 3000 er von seinem Sohn jetzt quasi zur Verantwortung
776 3014 1400 3198 gezogen wird.
