3432 4152
2765 334 2864 552 7
630 526 2168 759 mein,so bald es mir beliebt?)
636 696 2798 869 Er ist fort, hat die Mutter beschworen sie
636 875 2069 1048 wollten es dem Sohne sagen.
630 971 2789 1177 Es ist klar, dass die Sache von Seiten Ju-
639 1186 2897 1353 lians schon damit einsetzen muss: Ich werde
633 1332 2007 1523 meinen Sohn zu mir nehmen.
630 1508 2852 1610 Der Alte hat durch Krankheit? seine Praxis
639 1642 1129 1831 verloren.
633 1819 2977 1941 Eventuell doch Hans hat einen Ehebruch began
645 1920 2798 2144 gen.Die Frau seines Professors? Oder eine
651 2099 2804 2231 Verführung. Sie hat sich getötet? Er geht
648 2222 2753 2425 deswegen mit Sala auf die Expedition. Die
648 2422 1672 2574 Tochter Mathildens?
684 2532 2679 2709 (Wenn es im Hause Pflugfelder begänne?)
648 2723 3052 2879 Oder Julian und Pflugfelder waren Jugendfreun¬
648 2900 815 3025 de.
654 2992 1248 3171 Pflugfelder
660 3028 2968 3270 Julian genial verlumpf,hat Pflugfelder stets
654 3234 1192 3410 verachtet.
645 3348 2392 3569 Pflugfelder tüchtiger alter Arzt,
