3464 4072
2637 355 2773 526 59
689 464 1783 624 Julian: Es musste sein.
680 644 2811 845 Hansi Warum gingt Ihr nicht miteinander fort?
680 792 3051 964 Julian: Wir wollten fort,wir dachten anfangs daran.
819 973 2377 1117 Was frägst Du nach diesen Dingen?
677 1112 2921 1239 Hans: Sie sind mir Antwort schuldig. Nichts ###ang
804 1250 2912 1428 Sie mir zu erzählen, dass Sie mein Vater sind.
795 1413 2939 1599 Jetzt aber, da ich espeiss, wünsch ich alles zu
810 1561 2466 1741 wissen. Warum gingt Ihr nicht fort?
662 1715 2040 1886 Julian: Es war nicht möglich.
662 1871 2876 2007 Hans: Warum nicht möglich? Warum liessen Sie sie
819 2013 2788 2131 in diesem Haus mit Ihrem Kind, wenn Sie sic
795 2196 2882 2321 liebten? Warum liessen Sie Ihr Kind in diesem
795 2306 2817 2454 Hause? Wenn Sie mir nicht antworten können,
798 2468 2903 2637 will ich es tun: Weil Ihr Euch nicht liebtet.
653 2619 2871 2767 Julian: Fühlst Du nicht, dass Du Deine Mutter be¬
854 2767 2182 2936 schimpft indem Du das sagst?
647 2897 2885 3072 Hans: Warum? Soll ich alles auf dieser Welt ver¬
789 3051 2859 3258 stehen und nur die Sünde meiner Mutter nicht?
786 3222 2980 3385 Und kann ichs nicht tausendfach,da ich Sie ken¬
780 3394 2956 3548 ne und jenen Andern und weiss, dass sie nur ihre
792 3518 2977 3719 geliebt hat, den ich noch immer meinen Vater zu
