3336 3976
537 680 2978 860 Er hat die Absicht, sein Testament zu machen und den
581 829 1863 1018 Sohn zum Erben einzusetzen.
546 972 2139 1177 Der Notar: Sie haben nur ein Kind.
546 1171 2937 1282 Er zum Notar: Es ist entsetzlich, dass er es nicht
779 1304 2903 1435 bei meinen Lebzeiten erfährt, doch soll er es
782 1450 1959 1580 wenigstens später wissen.
919 1608 3021 1779 Vielleicht ist es ein Gelehrter, und Sie kön-
553 1652 835 1764 Notar:
779 1764 3055 1885 nen dem Institut, dem er angehört, die Summe ver-
782 1913 1136 2059 machen.
835 2037 2993 2189 Er lebt in einer Fremden Stadt. Ihnen kann ich
792 2223 3018 2357 mehr nicht sagen, denn ich verletzte ein Geheim-
789 2372 994 2493 nis.
559 2468 3006 2670 Der Notar in kleinen ärmlichen Verhältnissen, zu ihm
792 2633 2291 2819 aufsehen wie zum homme à femmes.
562 2794 2975 2971 Er sagt: Sehen Sie, ich hab' mir immer vorgestellt,
807 2956 3003 3102 ein Mann wie Sie hat achtundsiebzig Kinder. Sie
792 3083 2993 3273 denken an ein Testament? Nun ja, man kann nicht
786 3276 1140 3434 wissen.
565 3437 3062 3568 Una nun erzählt der Notar die Geschichte, die sich im
556 3561 2993 3717 Hause Pflugfelder zugetragen hat.. Johanna fort etc.
