3496 4136
2679 285 2808 485 15
723 523 1666 731 Verrücktheit in ihr.
588 676 2952 911 Sala's Nicht wahr? Wie oft fragt ich mich woher etc
740 822 2852 1028 diese in gewissem Sinn unheimliche Art hatte,
737 893 2970 1181 die ihr zubetlen aus den Augen leuchte te und so
752 1107 2914 1345 oft in der Stimme mitklang.Der Vater so ernst,
755 1228 3014 1504 so fest in sich geschlossen und die Mutter eine,
767 1431 2086 1633 so klare, spiegelklare Seele.
640 1580 2608 1792 Julian: Sie erinnern sich noch der Mutter?
637 1739 2899 1956 Sala: Gewiss. Vor zwölf Jahren war ich wahrhaftig
793 1948 1730 2103 auch kein Kind mehr.
679 2109 1331 2262 ulian: Zwölf?
658 2133 2885 2394 Sala’ So lang ist’s wohl her, dass sie starb.Und
805 2362 2835 2559 hätt ich sie nicht gekannt,das Portrait, das
805 2514 2805 2694 Sie gemalt haben, täuscht nicht. Ja,wenn sie
825 2614 2999 2855 am Leben geblieben wäre.Aber solche Wesen wie
828 2788 2961 3026 Johanne sind gar nicht dazu geboren Gattinnen
843 2943 3140 3146 und Familienmütter zu werden.Alles andere ist bei
849 3126 3102 3314 solchen Gesdhöpfen eher sittlich als das Morali-
852 3255 3128 3490 sche.Erinnern Sie sich noch,wie sie als vierzehn
864 3405 3043 3625 jähriges Mädchen - wir waren damals zu Gast in
872 3528 3143 3813 der Villa — in der Nacht die Sträucher im Garten
