3352 4040
784 447 1834 689 Zu Seite 42. I.Akt.
796 631 3040 904 Frau W: Wie wird das werden, wenn ich fort bin?
1209 798 3087 1019 Meine Kinder - Johanna.. Sie lieben sie.
1220 977 3009 1175 Ich liebe überhaupt Niemanden seit dem
782 1027 1055 1239 Arzt:
1214 1108 3003 1348 Augenblicke, da ich gefühlt habe, dass
1217 1264 2412 1491 mich Niemand lieben kann.
1220 1616 3121 1851 Sie wissen ja, dass mein Mann sich schul
804 1697 1156 1879 Frau W:
1225 1820 3115 1999 dig fühlt Julian gegenüber - das ist das
1225 1932 3109 2133 Tragikomische. Er lebt in dem Wahn, dass
1245 2121 2925 2306 Julian mich unglücklich geliebt hat.
1203 2515 2621 2646 Wie sehr bewundert ihn Felix.
812 2479 1175 2666 Frau W:
1223 2646 3104 2847 Weil er ihn in Wirklichkeit nicht kennt.
809 2671 1167 2802 Arzt :
809 3023 1080 3196 Arzt:
1237 2992 3132 3185 In Wirklichkeit kümmert sich kein Mensch
1234 3176 1920 3358 Um den andern.
