3672 4680
891 1068 2954 1258 Der wirkliche Vater findet den Sohn bei demje-
451 1120 663 1288 1900
902 1266 3071 1405 nigen lebend, den eben der Sohn für seinen Vater
897 1427 2951 1563 hält. In Eifersucht sagt er es dem Sohn. Der
905 1587 3087 1712 Sohn aber liebt seinen Pflegevater so sehr, dass
916 1723 2987 1861 er in der Angst, dieser könnte die Wahrheit er
913 1891 2503 2071 fahren, den wirklichen Vater tötet.
932 2122 3014 2321 Der Vater fühlt sich verachtet, sagt es dem un-
935 2299 2772 2487 verschamten Jungen :dem jungen Grafen:
