3528 4584
193 655 468 856 1901.
730 750 2960 922 I.Akt. Junggeselle. Zuerst eine Szene oberflach-
733 937 1348 1104 licher Natur.
727 1075 3035 1264 Entweder mit entfernten Verwandten oder mit einem
724 1253 2989 1379 Bilderhändler oder einer nicht mehr jungen Frau,
730 1400 1963 1560 die jetzt verheiratet ist.
741 1514 2963 1670 In diesem Gespräch kommt eine gemässigt heitere
733 1670 3046 1828 Stimmung des Junggesellen zum Ausdruck, vielleich
747 1839 2908 1989 schon die Andeutung baldiger Heirat. Eventuell
741 2003 2857 2135 auch Einiges über die Reise, übei sein Malen.
790 2135 2966 2313 :Bilder seiner Geliebten: Nein, es war nicht
796 2302 1971 2486 das Wahre : seine Kunst:
756 2644 1750 2790 Junggeselle, Lyriker.
759 2767 2788 2963 Junggeselle ist seit etwa 8 Tagen hier. Was
747 2957 1437 3098 giebt's Neues?
753 3095 1351 3230 Wo warst du?
753 3201 2879 3400 Sehr viel herum, in Italien und Griechenland.
773 3403 1443 3552 Immer mit ihr?
762 3546 1770 3696 Ja. Und du?
770 3676 2954 3828 Ich schreibe - Gobelins, wie gewöhnlich. :Und
764 3874 1523 4006 werde sterben? :
