3464 4056
2707 343 2865 519 35
807 455 2373 671 Dasein des Gelehrten zu flüchten.
677 613 2835 826 Hans: Vater,Du kannst Dir denken, dass ich mich
822 786 2968 986 wohl geprügt habe.Die Dinge, die Du meinst,s ind
819 938 3099 1102 für mich erledigt. Sie haben mit meinem Entschluss
816 1108 2971 1320 durchaus nichts zu tun.Der bereitet sich schon
807 1269 2983 1429 seit geraumer Zeit vor.Beinah an jedem Krankon¬
801 1375 2516 1536 bett hat er sich aufs Neue befestigt.
640 1548 2795 1678 Pfl. (hat abgesreist, steht auf die Uhr): Hm,je.
653 1690 2389 1845 Hans : Du musst noch einmal fortgehen?
649 1842 2895 2033 Pfl.: Später.Es wird schon das Rechte sein,da Du
783 2018 2865 2149 es so ehrlich mit Detner ganzen Seele willst.
637 2112 2744 2319 Hans: Ich danke Dir Vater, dass Du's in dieser
777 2294 2820 2437 Weise aufnimmt.An ein Geldverdienen ist nun
771 2483 2725 2650 wohl in der nächsten Zeit nicht zu denken.
625 2607 2692 2777 Pfl.: Das kommt nicht in Betracht.Du bist ja
768 2771 2832 2901 glücklicherweise nicht darauf angewiesen und
750 2886 1754 3068 jetzt weniger als je.
607 3023 2917 3217 Hans: Na wir wollen nicht which werden,Vater, was?
747 3208 1068 3372 Pauss.
607 3317 3041 3515 Pfl.: Die Theorie ist ja eine so reinliche anständig
750 3515 2886 3715 Sache.Man muss wirklich an einen tifern Zusam¬
388 3712 498 3818 .4.
