3512 4552
2372 662 2513 803 13
761 857 3026 997 genblick in Venedig, als ich dir sagte: Ich habe
755 1000 2879 1152 noch keinen so geliebt - es war wahr. :Damit
755 1113 1203 1302 geht sie:
752 1392 1665 1581 Junggeselle allein.
749 1586 1141 1707 Almosen.
752 1736 1744 1882 Schauspielerin kommt.
755 1888 2017 2048 Sie macht Einkäufe in Wien.
755 2034 3006 2186 Ihr wird warm. Sie lebt bei ihrer Schwester, die
752 2195 2062 2339 einen Grafen geheiratet hat.
741 2364 2888 2502 Auch über den alten Arzt. Ich war bei Dr.Breu¬
735 2530 2316 2671 ner; er ist so bewegt wegen Fanny.
752 2651 2516 2801 Was erlebst du? Du eriebst noch immer.
730 2815 2953 2967 Eben hat mir meine letzte Geliebte den Abschied
735 2989 1127 3111 gegeben.
744 3130 2865 3294 Jetzt heisst's mit Anstand alt zu werden. Ich
735 3265 2848 3398 treff's auch als alte Jungfer. Es hätte alles
730 3443 2925 3592 schöner werden können. Was hast du mich verlas-
730 3609 2902 3756 sen? Das Bisschen Untreue! Verzeihen.. Was hab'
735 3725 2947 3866 ich dir nicht alles verziehen. Geliebt hab' ich
