3544 4424
2185 657 2318 833 24
611 874 2685 1013 Ah, eben hat mir meine Geliebte den Abschied
619 1024 1560 1175 gegeben. Es ist aus.
613 1155 2781 1337 Ja, jetzt heisst's mit Anstand alt werden. Ich
622 1276 2732 1499 treff's auch. Als alte Jungfer, sozusagen. Es
605 1450 2442 1641 hätte doch alles schöner werden können.
613 1644 2110 1780 Rühren wir die Sachen nicht auf,
613 1771 2891 1942 Warum hast du mich verlassen? Das bisschen
613 1919 2940 2081 Entreue! Geliebt hab' ich doch nur dich, du siehst
619 2060 2868 2309 es ja. Hast du noch Eine gefunden, die treuer an
611 2269 1424 2396 dir gehangen ist?
616 2402 1890 2555 Wer war bei dir der Letzte?
605 2573 2830 2706 Ah Letzter, das kommt nicht in Betracht! Im Ueb-
613 2723 2347 2885 rigen war alles eine gerechte Strafe.
613 2879 909 3001 Woffir?
608 2963 2790 3200 Du weisst schon. Wir waren feig. Hätten wir da-
602 3172 2830 3357 mals den Mut gehabt. Und wenn das wäre, so könn-
616 3319 2885 3467 ten wir auch jetzt zusammenleben. Aber so - pfui!
660 3444 2842 3669 Im Uebrigen, wer weiss - vielleicht hast du an-
602 3582 2182 3762 dere Kinder. Jedermann hat Kinder.
605 3753 1470 3953 Ja, ich habe eins.
