3368 4056
1426 228 1865 439 Traven. -
325 183 1349 495 u. Jul. Stefan.
256 429 1457 709 Ausz corneral. bey,
304 709 945 1017 Jul. pave. -
135 813 277 986 8.
1467 789 3055 1090 legen. Torture et Buhoe.
284 875 1436 1149 grase landlef 6th
301 1066 2872 1304 Ernung an der früher Zeit. Beweis Schuld!
277 1187 3024 1529 a. unser Kind! – Vielesenst nicht, ob di eine hab¬
204 1367 2944 1772 Je mit Centeurs. - In frembr Haus... Ich vormal
218 1612 3000 2045 ihn mein Gebr; – dann wird auswissen. - Euchen.
260 1851 2851 2187 Nun nicht einfären, – Hol dir's – Ja. der ward -
239 2076 2841 2360 thien! - Ich werde mir seine Liebe & werken.-
