3480 4120
2680 307 2836 462 11
733 514 1323 700 Julian, Sala.
642 636 3085 855 Sala: Ich freue mich, dass Sie wieder da sind, Julian.
773 800 3003 986 Doch etwas früher als Sie beabsichtigt hatten?
654 983 2982 1168 Julian:Um ein weniges. Es hat mich plötzlich auroü-
803 1141 2355 1317 getrieben.Heimwoh, wahrscheinlich.
657 1293 1661 1476 Sala:Gibt's denn das?
666 1445 2863 1634 Julian:Unter gewissen Umständen wahrsche inlich.
660 1591 1999 1756 Sala: Waren Sie denn allein?
666 1743 2127 1932 Julian: In der letzten Zeit ja.
666 1911 1673 2054 Sala: So, ich dachte —
682 2038 1570 2209 sulian: Es ist aus.
678 2163 2991 2331 Sala: So. Und geschrieben haben Sie mir so selten
815 2334 3030 2510 und ein bischen flüchtig.Warum denn?Sie wissen
828 2510 2035 2677 doch wie gern ich Sie hab.
736 2662 2945 2787 ulian: Ich habe oft an Sie gedacht.Besonders in
809 2814 2857 2957 Rom, das können Sie s ich denken. Ich habe mir
812 2927 3021 3128 Sie ja manchmal herbetgewünscht.Ich weiss noch,
821 3094 2960 3280 wo ich das am stärks ten empfunden habe. In den
831 3277 1841 3429 Thermen das Caracala.
678 3414 2066 3593 Sala: Man gräbt jetzt wieder?
688 3563 3015 3748 Julian:Ja. Ich stand gerade dabet, als man aus der
