3480 4072
2735 252 2924 375 46
865 384 3004 570 noch schlimmer,wenn sie ihr Dasein verdämmert
873 570 3058 722 hätte und eines schönen Tages erwacht wäre und
879 719 2864 882 sich um ihr ganzes Leben betrogen gefunden
879 879 3004 1057 hätte. Das Unglück ist, dass wir „lle gleich so
876 1017 2924 1197 befangen und unlog isch sind, wenn es sich um
882 1171 2953 1360 jemanden handelt, der uns nahe steht,dass man
882 1340 2858 1495 seiner eigenen Beobachtungsgabe nicht mehr
888 1478 2858 1621 recht vertraut und feig wird wider Willen.
733 1629 2958 1818 Pfl.: Was willst Du damit sagen,Hans.Was hätten
882 1767 1618 1967 wir tun können?
745 1930 2864 2085 Hansi Wir nich t.Aber ich.Ein Vater konnte das
882 2076 3004 2237 nicht sehen.Aber ich, ich habs gesehen.Nur mir
885 2225 3018 2397 mach ich den Vorwurf.Ich habe sie gekannt, ich
893 2345 2964 2523 habe sie begriffen.Ich habe mir nur manchnal
891 2497 3093 2738 einzubilden versucht, dass ich sie missverstehe.
891 2655 2884 2855 Ich habe gesehen wie sie sich verzehrte in
885 2829 2941 3016 Warten und Sehnen.Nichts was in ihrer Seele
893 2964 3196 3156 vorging war mir fremd. Ich habe sehr wohl gewusst,
893 3150 2927 3296 warum sie die Männer zurückates,die um ihre
885 3273 3076 3457 Hand anhielten. Sie war zu ehrlich, um trgendwon
896 3459 3079 3617 die Art unn eviger Liebe vorzulügen, zu der sto
