3544 4392
2248 618 2370 786 21
734 777 2839 953 O gewiss erinnere ich mich an $ sie. Als Kind
710 929 1712 1132 hab' ich sie gesehen.
710 1102 1441 1273 So alt bin ich,
715 1238 1988 1398 Sie kommt öfters nach Wien.
712 1373 2153 1582 Sie ist eigentümlich zerstreut.
715 1568 1899 1747 Ich verschieb' es so oft.
710 1709 1425 1915 Liebst du mich?
702 1883 972 2051 Ne in.
699 2010 1333 2202 Einen Andern?
704 2162 2627 2321 Ich will aufrichtig sein: ich reise fort.
702 2332 1837 2516 Du reisest nicht allein?
721 2465 1517 2663 Quäl' mich nicht.
685 2644 2343 2806 Hm... Kann ich nichts für dich tun?
693 2798 2817 2947 Nein, nein, lass' das. Ich liebe ihn. Es ist
696 2931 1669 3137 ein junger Engländer
688 3104 1601 3297 Der selbe - in Rom?
702 3261 2869 3456 Ich schwöre, dir, dass vorher nichts war. Auch
696 3394 2809 3576 dass er mir in Rom noch garnicht gefallen hat
1270 3511 1403 3600 dir
702 3557 2874 3738 schwör' ich. Erst hier. Kurz und gut, ich lieb
715 3725 2717 3928 ihn und bin gekommen, dir Lebewohl zu sagen
