3400 4072
2765 169 2903 338 81
1001 411 2900 657 was sagen. Weisst Du wann Du mit ihr, mit
1014 593 2895 764 dieser Frau, wann sie Deine Geliebte war?
1008 730 2981 954 Nun genau zu der Zeit,wo Du mich hinausge¬
1021 868 2825 1089 jagt hast, weil ich Dich betrogen. Ja, wo
1016 1063 2978 1255 Du mich vernichtetest, schlugst, wo Du Dich
1034 1193 3004 1401 wie ein Irrsinniger gebärdetest, wie einer,
1045 1364 2924 1528 dem Ungeheueres widerfahren, Unsühnbares,
1047 1533 2900 1697 wo Du mich töten wolltest, wo Du es ganz
1052 1645 2996 1861 selbs tvers tändlich gefunden, wenn ich mich
1060 1785 2921 2011 umgebracht hätte, weil ich Dich betrogen.
824 1980 2703 2149 Julian: Ja, ich weiss, es war zu der Zeit.
829 2095 2866 2336 Irene: Und woher nahmst Du das Recht, woher?
839 2248 2682 2461 Julian: Was hat das Recht damit zu tun?
845 2393 2916 2620 Irene: Merket Du denn gar nicht, dass Du eine
1089 2552 2879 2775 grosse Schurkerei gegen mich begangen?
845 2744 1998 2908 Julian: Ich? Gerade ich?
860 2846 2952 3090 Irene: Ja, das hast Du getan. Du liessest mich
1115 3020 3007 3241 im Gefühl einer grässlichen Schuld umher¬
1110 3160 2994 3332 laufen, ich hatte den treuesten Liebhaber
1117 3339 2879 3539 betrogen, den edelsten, der es nicht um
1120 3459 2983 3701 mich verdient und Du warst nicht um ein
