3464 4072
2742 287 2886 509 55
851 500 2985 681 den Sie doch einsehen.Er ist noch sehr darnid¬
851 640 2997 833 der. Ich denke mir ihm in ein paar Wochen alles
839 813 2991 968 zu schretben. Und ich werde gewiss nicht abrei¬
842 947 2988 1126 sen, ohne von ihm Abschied ###u nehmen. Das Schiff
845 1096 3029 1284 geht van Genua ab.Ich habe schon daran gedacht,
833 1243 2903 1441 dass wir uns Ostern in Genua treffen und uns
839 1436 1766 1570 dort Lebevohl sagen.
693 1573 2707 1707 Julian: Und wenn er sich nicht sehen lässt?
684 1687 2976 1862 Hans: Nicht lässt? Sie kennen wahrhaftig uns bei¬
822 1868 1395 2020 de schlecht.
687 1991 2848 2175 Julian: Versteh mich nur.Er wird von Dir nicht
827 2178 2877 2357 fordern, dass Du zurückbleibst,natürlich Aber
822 2333 2807 2482 es könnte & ihm vielleicht beifallen Dich zu
816 2473 1161 2634 bitten.
664 2617 2637 2810 Hans: Nein, das könnte ihm nicht beifallen.
672 2757 3023 2944 Julian: Wer weiss. Du kennst vielleicht noch nicht
819 2924 2973 3105 das ganze Zusmass seiner Liebe zu Dir.Das könn
819 3073 2979 3251 te sich gerade in einem colchen Augenblick or-
804 3225 3070 3427 weisen. Du bist jetzt soin einziges Kind.Er fühlt
810 3383 3029 3549 das tiefer als Du vielleicht ahnst.Wer weise ob
801 3558 2994 3745 Du nicht plötzlich seiner Bitte gegenüberstehen
