3384 4040
801 730 1242 965 Variante.
795 942 2998 1098 Frau Wegrath lebt in Angst, dass Julian das Ge-
801 1072 2501 1253 he imnis an den Sohn verraten könnte.
803 1211 3018 1406 Vielleicht auch fühlt sie, dass es ihn den Sohn
798 1462 1434 1587 kosten würde.
815 1570 1856 1706 Oder ahnt es XXXK nur.
818 1672 3083 1858 Oder es ist eine letzte Rache, die sie an Julian
812 1850 3083 2133 nimmt, dass sie ihm verbietet, es seinem Sohn zu
868 2082 1168 2252 sagen.
832 2119 3095 2337 Vielleicht sagt es Julian doch am Schluss des Il
820 2359 1875 2566 Aktes selbst dem Sohn.
