3464 4056
2743 197 2888 408 39
823 394 2838 686 gen Menschen hennen an einem der "bende bei
817 655 1280 831 Billroth
675 727 2795 988 Hans: Ja kennen, Aber bie fandet Ihr Euch Ihr
831 973 2042 1138 seid dokh so verschieden.
698 979 2989 1300 Pfl.: Wir fanden uns eben auf neutralem Gebiet. In
849 1176 2998 1408 der Musik. Ich erinnere mich noch des Abends, da
846 1355 2896 1587 wir gemeinschaftlich von Billroth weggingen.
843 1494 2876 1720 Deine arme Mutter hatte ein paar Lieder von
854 1709 2919 1903 Brahms gesungen.Zum Schluss wurde das E moll
872 1833 2977 2013 Quartett von Beethoven gemacht.Es war eine ei-
869 1975 3053 2216 gentümlich erhöhte Stimmung.Wir gingen dann zu-
875 2085 3087 2317 sammen in der kalten Winternacht die Alserstras-
883 2239 3064 2491 se hinunter, ich und die Mutter, Sala und Julian.
741 2436 2937 2653 Hans: Julian — wie kommt es, dass man gar nichts
889 2595 1529 2786 von ihm hört?
747 2766 3009 2934 Pfl.: Er ist ein nachlässiger Briefschretber.Nun
892 2870 2885 3079 muss er wohl bald zurückkommen.Hast -u ihn
912 3056 3006 3322 vielleicht seit dem, seit Johanna fort ist ge¬
907 3212 1408 3403 schrieben?
768 3264 3102 3559 Hans: Nein.Nicht dass es mir gerade peinlich gewe-
924 3441 3137 3710 sen wäre, aber ich habe nicht das Bedürfnis mich
