3496 4136
2725 400 2836 525 21
1036 469 3048 681 Leute, die es einsehen. Ich habe Ihnen gegen
1042 654 3048 830 über immer diese Empfindung gehabt auch Ih-
1045 788 2982 979 ren besten Sachen gegenüber. Ich hab's Ih¬
1039 955 3072 1149 non ja auch gesagt, so weit man solche Dinge
1045 1084 2839 1272 überhaupt jemandem sagen kann, bevor er
1036 1260 2973 1421 sie selbst fühlt.Bet mir hört es freilich
2522 1331 2833 1445 weiter
1033 1421 3021 1561 nte auf. Ich dichte meine Gobelins nach wie
1048 1561 1212 1660 vor
666 1681 2731 1827 Julian: O, tragen Sie mir diesen Scherz nach?
660 1901 3060 2000 Sala: Hören Sie Julian,wenn wir einander was nach-
1039 2000 2919 2164 tragen sollten. Im übrigen meine Gobelins
1027 2164 3012 2331 werden immer reicher und prächtiger,werden
1036 2281 2878 2498 allgeme in bewundert von Leuten, die sich
1033 2478 2827 2651 auf Gobelins verstehen,sie werden auch
1027 2612 2848 2740 vielleicht einige hundert Jahre dauern.
1018 2755 2949 2916 Abor soll ich Ihnen was gestehen? Manchmal
1030 2878 3057 3104 hätt ich für so ein Bild,wie Sie's vor fünf-
1027 3081 2928 3239 zehn und noch vor zehn Jahren gemacht ha-
1030 3200 2913 3403 ben, so ein niederträchtiges.an dem heute
1024 3343 2863 3546 schon die Farben verblassen,aber wo man
1018 3531 3000 3728 doch heraussrürt,Sie waren nahe daran über
