3224 3880
554 400 2832 658 hat ihr eine antike Gemme geschickt, die ihr ähn-
513 583 2936 863 ich sah. Sie dankt. Er fragt sie, wie’s ihr geht. Sie
457 753 2863 1005 ist unendlich glücklich mit ihrem jetzigen Mann, der
460 939 1024 1131 nichts ahnt.
447 1080 2785 1295 Der Junggeselle fühlt: Und diese glaubt' ich mein.
507 1181 2838 1421 Ihr Mann ist Chemiker, Arzt? Irgendwie bekannt mit
510 1364 1685 1572 dem Sohn von Pflugfelder.
510 1446 2794 1723 Sie liebt ihren Mann sehr, der aber die Schönheit
488 1647 2964 1896 ihres Leibs nicht ganz begreift und würdigt. Seit Jah-
479 1808 2974 2032 ren hat sie kein Verhältnis mehr mit dem Junggesellen,
485 1988 2693 2164 aber sie freut sich seiner Bewunderung für ihre
495 2101 2769 2353 Schönheit, die von der Mutterschaft nicht berührt
498 2318 797 2479 wurde.
488 2410 2781 2599 Heute sagt er ihr: Nein, es ist zu Ende, ich male
491 2561 3027 2740 nicht mehr. Es ist ganz unsinnig. Nun ist es doch Zeit,
558 2753 1679 2955 seine Grenzen zu kennen.
