3512 4232
240 260 2853 607 weiß, vielleicht tragt er kildt, herlich
203 527 936 823 nach solche
237 663 2923 996 zu, das so einer, nach der kunde Sphmort.
223 856 2726 1190 so one but fafroud Rillar - Isboulouse.
233 1100 2726 1390 - Aber die Sorte bleibt im Handelsicht solang.
260 1350 993 1573 sir jours ist.
300 1446 2723 1743 Johann freilich lägl.- was Theil:.. Man
203 1703 2516 2009 kei ja ein Erst machen, wenn man als
217 1986 743 2203 wird.
270 2139 2719 2423 Ma weise ein Ende hinunter und auch an
240 2423 1136 2686 Wie seines...
300 2506 2479 2843 Ich sein dieses, womit Sali.
243 2723 2743 3059 Der Mutter schrift nicht viel ich zuilien.
233 2953 2623 3276 Aber in einem Heinrich nach Sali verwalt¬
297 3169 2649 3542 sie manchertei. Soll cua mit einem
290 3369 2429 3706 Johannus und hab gehe?
313 3666 2649 3912 almo s. Caplichen gemeinen..
2976 97 3083 280 13.
