3400 4104
2598 249 2718 387 77
923 382 2911 626 hätte ich durch siebzig Jahre nicht an ihn
931 528 2874 769 gedacht, er ist mein Eigentum.Du bist mein
931 673 2898 904 Sohn. Ob Du mich liebst oder verabscheust,
962 819 2874 1071 ich will nicht, dass ein Anderer Dich für
957 973 2779 1204 sein Kind hält. Ob ich jetzt nütze oder
960 1172 2800 1363 schade gilt mir gleich. Ich will, dass Du
973 1339 2049 1527 ihm die Wahrheit sagst.
777 1418 2908 1697 Hans : Und wenn er mich im Zorn davonjagst und
962 1646 2961 1819 mich nie wieder sehen will, glauben Sie, ich
984 1787 2821 1996 käme Ihnen dadurch einen Schritt näher?
973 2028 1201 2153 Nie.
801 2105 2930 2301 Julian: Vor allem fort von ihm.Das Andero In-
1013 2262 2972 2460 det sich. Ich will je jetzt nichts anderes
1000 2383 3060 2625 mehr als dass die Wahrheit an den Tag kommt,
1005 2521 2993 2741 jetzt, bevor Du diese Stadt, dieses Haus ver
1005 2688 2911 2924 lässt. Dann wird es sich sei gen wo Deine
1007 2855 2956 3075 Heimat ist,wenn Du wiederlehrst,hier oder
1029 3046 1890 3235 bei mir.Sag's tim.
838 3242 1395 3399 Hans: Nein.
851 3314 2980 3524 Julian: In der nächsten Minute erfährt er es
1047 3521 1445 3712 von mir.
