3464 4056
2685 333 2825 501 36
831 453 1603 649 menhany glauben.
692 681 1851 803 Hans : Wie meinst Du das?
689 757 2859 1002 Pfl.: Nun wird es sich doch wohl fügen, dass Du
823 965 3047 1165 auf einem Gepiet was erreichst.auf das es mich
883 1139 2805 1318 in Deinem Alter so mächtig hingelockt. Und
814 1290 2799 1407 Du eignest Dich wohl mehr dazu als ich.Dio
812 1429 2867 1623 Eignung hätte ich mir damals wohl zugetraut,
820 1589 2027 1677 aber da kam anderes hinzu
658 1723 1270 1905 Hans: Weeso?
663 1854 2930 2064 Pfl.: Du weisst ja Hans, ich var früh verlobt und
797 2030 2924 2238 Deine Mutter hatte geradeso ventg wie ich.Nun
871 2204 2865 2335 ich habe nichts zu bereuen, durchaus nichte.
794 2338 2976 2526 Ueberdies gibt es nichts was so sehr von aller-
797 2494 3010 2665 lei eigenen Schmerzen abzieht als der ärztliche
792 2662 2865 2776 Beruf.Du siehst.es ist nicht so weit her mit
789 2791 2873 2922 me tner Menschenliebe wie Bertram glaubt.Ich
800 2907 3087 3081 hab mich immer nur gern ins Leid Anderer geflüch-
797 3087 2973 3215 tet. Täuschen wir uns nicht, es tut eben doch we¬
786 3238 2773 3437 niger weh als unser eigenes. Na ja. (zündet
789 3400 2862 3520 sich eine Zigarre an! Und Du bist noch recht
826 3528 2902 3742 Jung, Hans. Ich halte es für sehr möglich, dass
