3432 4120
2476 247 2620 408 74
622 506 1203 653 Julian, Hans.
617 581 2823 767 Hans: Ich begreif es nicht,warum sind Sie noch
820 781 1603 953 einmal gekommen?
631 906 2865 1120 Julian: Aus einem sehr einfachen Grund.Du wird t
842 1070 1831 1267 ihn sofort versteben.
642 1209 2762 1414 Hans(betroffen über Julians Entschlossenhoit)
825 1367 1756 1545 Aus welchem Grunde?
650 1501 2684 1695 Julien: Um endgiltige Klarheit zu schaffen.
659 1639 2709 1870 Hans: Ich habe sie ja. Ich weiss es, dass Sie
848 1795 2798 2009 me in Vater sind. Ich glaub os Ihnen. Damit
864 1976 2745 2137 ist alles erledigt. Was wollen Sie denn?
681 2129 2857 2295 Julian: Es ist nicht erledigt.Du weisst es und
923 2248 2907 2462 ich weiss es.Aber es gibt einen Andern, der
878 2406 2840 2606 auch gewissermassen an dieser Sache betoi¬
870 2570 2393 2757 ligt ist und der veiss es nicht.
681 2734 2117 2937 Hans : Es wird es nie erfahren.
695 2907 2851 3079 Julian: Er soll es erfahren. Ich wünsche nicht,
900 3021 2804 3207 dass dieses unwahre Verhältnis weiter be¬
898 3209 1198 3407 stehe.
703 3309 2795 3523 Hans: Sie wünschen es nicht? Heute wünschen
895 3476 2890 3654 Sie es nicht. Und meinen Sie, Sie haben das
