3416 4120
2603 206 2736 404 75
835 409 2947 629 geringste Recht heute noch etwas zu wünschen.
830 583 2942 756 Wären Sie damals, am Tage,da ich geboren ward,
832 756 2809 935 zu ihm hingegangen,hätten Sie ihm gesagt,
846 903 2746 1079 es ist mein Sohn,Sie hätten es dürfen,je
840 1000 2885 1272 hätten mit meiner Mutter dieses Haus verlas¬
854 1223 2706 1375 sen.Sie hätten ihn töten dürfen, ich gel
859 1358 2961 1510 es zu. Aber heute nach vierundwanzig Jahren,
854 1486 3031 1659 nachdem er vierundwanzig Jahre im Wahn gelebt
859 1648 2882 1849 meine Mutter sei äie treueste Frau gewesen,
857 1781 2934 1998 nachdem er mir vierundwanzig Jahre geliebt,
908 1925 2906 2150 auferzogen wie einen Sohn,nachdem ich sein
857 2088 2942 2302 Sohn geworden bin und Sie es längst verwirkt
859 2237 2901 2470 haben mein Vater zu heissen, heute wagen Sie
870 2402 2893 2603 zu wünschen, dass er es erfahre? Ich verbie¬
884 2565 2947 2765 te Ihnen an diese Tollheit weiter zu denken!
681 2711 2218 2912 Julian: Wie wolltest Du das tun?
689 2869 2839 3085 Hans: Wollen Sie mich glauben lassen, dass ich
881 3009 2920 3199 einem Wahnsinnigen gegenüber stehe. Ich fass
881 3115 2825 3332 es gar nicht. Wohin bringt es Sie,wenn er
892 3289 2790 3525 es erfährt? Was erreichen Sie damit, dass
884 3454 2852 3625 Sie nicht nur seine Zukunft, dass Sie auch
895 3579 2893 3752 seine Vergangenheit zerstören, dass Sie ihn
