3448 4072
2747 303 2876 473 43
773 459 1425 623 Pfl.: Welche?
782 609 2960 770 Sala: Haben Sie sich schon irgend Jemanden auf
938 779 2974 984 der Welt gegenüber ausgesprochen wie es mit
926 972 1434 1142 mir steht?
790 987 3119 1321 Pfl.: Inwiefern? Was meinen Sie? Haben Sie plötz¬
949 1217 2556 1434 lich hypochondrische Anwandlungen?
805 1327 3035 1590 Salas Keine Scherze dieser Art mit mir, wenn ich
964 1529 2998 1737 bitten darf. Es gibt Leute, zu denen der Tod
969 1621 3096 1919 eine merkwürdig verständige Sprache redet.Ich
966 1829 3093 2022 dürfte zu ihnen gehören. Sie haben doch gewiss
972 1959 3194 2187 zu Hans — Nun ja, über seine alten Freunde redet
966 2112 3026 2337 man doch bei Tisch.Es waren vielleicht noch
969 2317 1604 2504 Andere dabei.
845 2374 3098 2637 Pfl.: Ich verstehe absolut nicht was Sie meinen,
987 2536 3098 2796 was Sie wollen? Ich würde keinen Anstand neh-
984 2749 3119 2946 men,jeden, der es wissen will,mitsutetlen,dass
990 2885 3182 3087 Sie an nervösem Herzklopfen leiden.Oder fühlon
995 3035 2530 3249 Sie sich dadurch kompromittiert?
877 3194 2472 3422 Sala: Kinder,spielt nicht mit mir.
