3464 4072
2689 259 2814 398 48
823 462 3152 616 war vor meiner Abreise im vorigen Herbst,da stand
832 605 2913 747 ste dort und sang.Ich habe sie begleitet. Sie
832 750 2434 904 sing das "Zutelicht" von Schumann.
689 939 1643 1087 Salai Ja. (steht auf)
686 986 2971 1212 Pfl.: Ich musste eben auch daran denken. Wenn ich
834 1180 3038 1361 mir irgend etwas von ihr zurückwünschen dürfte,
846 1332 2864 1518 so wär es ihre Stimne.Denn die war mehr für
846 1506 2902 1695 mich, als Ihr ahnen könnt. Das weiss ich erst,
843 1689 2870 1811 seit ich sie nicht mehr höre. Ihr könnt das
855 1794 2969 1980 nicht so verstehen. Sie hatte nämlich dieselbe
846 1945 3015 2184 Stimme wie ihre Mutter.Es ist eine so seltsame
846 2064 2980 2271 Aehnlichkeit, dass ich sie jetzt in der -rinno¬
866 2253 2884 2416 rung nicht mehr unterscheiden kann. Auch das
858 2416 2934 2559 hat Johanna mit sich fortgenommen.Jetzt sind
872 2588 2093 2730 beide mit einem Mal dahin.
730 2785 2948 3009 Stubenmädchen: Herr Doktor, der Wagen steh t/schon
881 3082 1178 3192 unten.
730 3134 2029 3355 Julian: Du gehst noch fort?
727 3259 3065 3501 Pfl.: Ja, ich habe noch einen Besuch in der Nähe zu
881 3442 3050 3716 machen.4bor vielleicht finde ich Dich noch da,
