3192 3784
659 530 2836 706 Versuch einer Einfügung des Aerztestücks in das
653 734 1508 916 Junggesellenstück,
659 838 2901 1045 Aus der Empfindung hervorgehend, dass irgend ein
664 986 2777 1202 treibendes Motiv für den Sohn gefunden werden
667 1230 1015 1370 miisste.
659 1317 2870 1488 Der Sohn aus ärztlichen Gründen verhilft seiner
673 1426 2817 1659 Mutter zum Selbstmord; sein Vermeintlicher Va-
687 1592 2836 1782 ter, der praktische Arzt, wendet sich entsetzt
687 1746 2788 1948 von ihm ab. Der Junggeselle hält die Zeit für
689 1861 2861 2105 gekommen, seine Rechte auf den Sohn geltend zu
687 2054 2940 2267 machen, giebt sich zu erkennen, wird aber völlig
692 2284 1233 2505 abgewiesen.
698 2545 2825 2716 Diese Bearbeitung misglückt hauptsächlich des-
709 2632 2959 2895 halb, weil das Motiv, Mord der Mutter, das ganze
726 2831 2264 3027 Gleichgewicht unheilbar verschob.
