3464 4120
2751 290 2890 438 14
747 485 2090 722 Abwesenheit vorgefallen ist?
627 571 3115 834 Julian: Vorgefallen? Das Letzte, was mir Hans schrieb,
781 753 3047 1040 dass er ins Ausland polle,an eine andere niver-
793 945 2878 1127 sität Physiologie arbeiten.Das ist eine alte
793 1161 1414 1297 Idee von ihm.
651 1216 3060 1423 Sala:Es handelt sich nicht um Hans, sondern um seine
797 1467 1284 1602 Schwester.
673 1504 3023 1788 Julian(sichtlich ruhiger) Johanna?So?Was ist's mit
831 1751 1044 1893 thr?
685 1837 2927 2084 Sala: Nun, sie hat das väterliche Haus verlassen.
685 2038 1797 2232 Julian: Was heisst das?
692 2152 2204 2368 Sala: Sie ist fort.Verschunden.
707 2368 1476 2516 Julian: Wia das
707 2427 3103 2661 Sala: Es ist schliesslich nichts anderes geschehen,
861 2587 3149 2810 als wir Beide doch eigentlich immer vorauschnten.
722 2822 1655 3016 Julian: Wir ahnten?
732 2890 3131 3168 Sala: Ja.Es kam nur merhvürdig spät.Es ist beinahc,
889 3054 3180 3304 als wenn sie das Recht der freien Verfilgung abge-
902 3276 1531 3464 wartet hätte.
790 3347 3038 3597 ulian: Das wäro nicht unmöglich. Es war ein so
923 3514 3013 3798 unbegreifliches Gemisch von Ordnungssinn und
