3480 4152
2690 274 2819 419 66
696 428 2947 610 Hans: Ja, ja Aber das ist eine aus späterer Zeit,
886 596 2779 752 da s ind schon die Spuren der beginnenden
870 791 1384 951 Krankheit.
696 934 2824 1093 Pflugf.: Das ist wahr, ich bill Dir ein andres
892 1107 1200 1233 geben.
693 1197 2869 1398 Hans s Ein Jüngeres.Ja,aus der Zeit wo ich ganz
895 1384 1376 1549 klein war.
702 1476 2765 1658 Pflugf.: Das beste ist eigentlich die Photo¬
903 1695 2631 1812 graphie nach der Portrait von Julian.
705 1843 1904 2013 Hans: Kenn ich gar nicht.
710 1980 2086 2156 Pflugf.: Ich trag es bei mir.
710 2164 1169 2296 Hans: So?
705 2271 2880 2466 Pflugf.: Ich kann es Dir natürlich nicht mit-
903 2438 1485 2595 geben, aber -
710 2595 1773 2791 Hans: Zeig's mir doch.
707 2763 1398 2933 Pflugf.: Hier.
716 2897 2603 3054 Hans: Damals war ich noch nicht geboren.
710 3006 2852 3230 Pflugf.: Nein, ein halbes Jahr darauf kamst Du
912 3191 2248 3372 zur Welt. Worüber s innst Du?
713 3328 2950 3515 Hans : Ich denke darüber nach,ob ich jenais eine
917 3515 2819 3660 Frau so vorde lieben können als Du meine
909 3618 1868 3808 Mutter geliebt hast.
