3400 4104
272 192 1110 444 Julie Hans
225 340 2720 642 Feb. This wolder I am Beleitungen
171 679 992 888 kunnen.-
229 706 2942 1063 doch den Nahe nicht er erlassen. Mit bey der
198 931 2196 1261 nicht mehr bestehe. Ich bin die Vater.
205 1133 2781 1416 Han. Wllsent. Ghil sagen, je - ehr jetzt, nächst.
219 1358 2411 1668 die Plag sollen, auf wegnehmen? - Alberuhe
464 1459 2774 1933 Sie jeder Zeit kann doch forder kein
239 1792 2781 2071 Mein Recht ist den großen... er soll nicht mit¬
353 1701 494 1886 at
1321 1933 2784 2236 Einde so liebt gewesen. Il va
235 2048 1308 2313 habent herungess    xxx
225 2303 844 2495 den bezahldeten.
1742 2414 2734 2690 Cet with. It made
212 2471 783 2697 Han. Ezel.
289 2582 1762 2824 2st. Trotz mit uns sterben.
306 2724 1624 2999 Es die Schüterlasse - Sonstest.
222 2949 1537 3265 Ham. die todt ist mit
