3400 4120
2618 250 2748 376 76
849 412 2896 648 vollkommen und für ewig zerrütten. Siehaben
871 560 2750 789 keine Ahnung wie er meine Mutter geliebt
874 723 2764 907 hat. Das ist etwas, was Sie nie versehen
885 882 2767 1124 könnten. Menschen Ihrer Art können nicht
893 1036 2786 1264 so lieben wie er, aber Menschen Ihrer Art
887 1184 2959 1398 können auch nie so geliebt perden.Männer wie
890 1371 2951 1550 Sie, die von einem Wetb zum andern schwanken,
912 1464 2849 1728 ohne die Fähigkeit ein dauerndes Glück zu
904 1657 2948 1844 geben oder zu empfangen. Ich würde meiner Ge¬
909 1805 2926 2017 liebten eine Stunde mit Ihnen so verzethen,
915 1940 2951 2176 wie ich von ihr verlangte, dass sie mir eine
912 2132 2800 2308 Dirhe verzeiht, die mir flüchtigen Genuss
931 2294 1602 2467 geschenkt hat.
739 2393 2948 2627 Julian: Vortrefflich.Es ist eben nur die Frage,
948 2522 2841 2786 ob der Gatte Deiner Mutter diese Ansicht
959 2687 2959 2918 teilt. Das wollen wir eben wissen.Du sagst,
953 2863 2849 3055 er liebt Dich wie seinen Sohn.Wir wollen
962 2995 2945 3231 sehen wie sich die Sache gestaltet,wenn er
962 3168 2866 3388 weise dass Du nicht sein Sohn bist.Ob er
970 3278 3132 3561 daran stirbt oder ein Anderer gilt mir gleich.
973 3434 3072 3679 Wo immer ich einen Schatz vergraben habe und
