3304 3992
2694 352 2873 540 138
1130 478 2972 725 die Angst vor morgen, an die ganz gemei¬
1117 645 2787 889 ne. Aber auch da verlor sie den Mut
1126 846 1432 1031 nicht.
697 929 2830 1204 Fel: Wie, es hat auch solche Sorgen in Euerm
1117 1157 1799 1284 Leben gegeben?
707 1272 2898 1401 Jul: Es gab doch keine Zeit, wo Ihr Not gelit-
1133 1466 1571 1571 ten habt?
707 1518 2883 1756 Wegr: Ja, das hat freilich Keiner gewusst aus-
398 1697 2873 1895 ser uns Zweien. Du konntest es damals
1126 1889 2917 2108 nicht wissen, weul du nicht hier warst
1130 2083 1929 2182 in dieser Epoche.
697 2136 2926 2417 Jul: Ja, wie war denn das möglich? Ihre Eltern
1114 2398 2488 2497 hatten doch einiges Vermögen
701 2512 2935 2657 Wegr: Das ist ein Irrtum. Als die Mutter starb,
1120 2704 2870 2799 war nichts da als das kleine Haus auf
1120 2855 2944 3043 dem Land, das gleich die Gläubiger nah-
1117 3018 2879 3176 men. Nun, und ich hab' damals, wie du
1126 3157 2855 3268 sehr wohl weisst, verdammt wenig ver-
1130 3327 2892 3491 dient. Damals hatte man ja noch aller-
1120 3481 2898 3673 lei verrückte Pläne, wollte keine Kone-
1123 3629 2842 3796 zessionen machen... hm! aber endlich
