3576 4440
2470 620 2817 853 32
631 836 2326 974 Sie waren. Sie glauben doch nicht...
634 999 2817 1122 O, das scheint dir jetzt so. Du fühlst es noch
634 1142 2885 1282 nicht. Du bist noch erschrocken. Wenn xx Alle es
640 1305 2840 1451 wissen, wenn dein Vater, der dich bis jetzt für
640 1451 2871 1602 seinen Sohn hält, wenn der selbst vor dir schau-
637 1616 2043 1754 dert, dann wirst du es fühlen.
629 1740 2761 1891 Aber sie sind wahnsinnig. Sie sind nicht mein
645 1928 2764 2040 Vater. Ich könnte es Ihnen stärker sagen: Ich
640 2085 2812 2206 wäre Ihr Sohn, wenn Sie mich hätten zeugen wol-
643 2192 2745 2346 len - vielleicht. Ich wäre Ihr Sohn, wenn Sie
637 2383 2770 2506 mich nie verleugnet hätten. Ich wäre Ihr Sohn,
643 2503 2792 2691 wenn Sie mich erzogen, wenn sie mich die ganze
623 2691 2694 2815 Zeit geliebt... wenn ich Sie liebte, wenn...
634 2837 2893 2969 So lassen Sie mich wahnsinnig sein. Ich weiss es
643 2991 2815 3140 ja doch, trotz allem, dass Sie es sind. Vor al-
637 3104 2688 3286 lem machen wir die Sache dadurch in Ordnung,
640 3311 2809 3429 dass wir die Wahrheit sagen. Ihr Vater mag ent-
634 3387 2882 3595 scheiden. Er wird sich vielleicht entschliessen,
626 3595 1311 3758 mich zu töten.
637 3713 1962 3934 Nein, er darf es nie wissen.
