3368 3992
816 612 1068 725 Sala:
1148 585 2991 802 Was ich nicht sagen will? - Nicht sagen
1222 777 2971 958 kann. Dichter sein, heisst, keine Ge-
1211 950 2963 1151 heimnisse haben können, haben dürfen.
799 1222 2982 1384 Schaffen ist noch immer die vornehmste Art, um
796 1337 1939 1546 sich selber loszuwerden.
794 1557 2930 1760 Julian: Für mich war es die einzige, mich zu
799 1692 1244 1865 gewinnen.
774 2159 2977 2290 Krank sein macht gemein. Wenn es noch eine Wei-
777 2293 2988 2455 le so geht, werd' ich ein gradso ordinärer Kerl
772 2452 1543 2667 wie alle Andern.
