3512 4168
2565 238 2717 377 65
1451 465 2053 607 Dritter Akt.
252 532 535 767 Jahres
726 737 1648 906 Das gleiche Zimmer.
360 720 593 920 2116
740 864 1651 1083 Einige Tage später.
402 892 579 1144 1
740 1039 1762 1210 Pflugfelder und Hans.
751 1150 2186 1368 Pflugfelder kommt eben herein.
770 1324 2432 1515 Hans stellt einige Bücher zusammen.
776 1496 1759 1695 Pflugfelder: Bereit?
792 1551 2839 1867 Hans: Ja, es ist alles in Ordnung.Nur einige
989 1665 2889 1969 Bilcher aus der Bibliothek möchte ich nei
1011 1864 2945 2097 bezeichnen und gleich zusammenstellen, die
1003 2036 2964 2255 Du mir vielleicht gelegentlich nachsenden
1022 2180 2828 2435 lässt.Gehst Du noch einmal fort,Vater
842 2282 2931 2573 Pflugf.: Nein, heute nicht.Die letzte Stunde,
1042 2443 2950 2704 die Du zuhause bist möchte ich doch noch
1058 2676 2399 2875 ungestört mit Dir verbringen
867 2798 2922 3047 Hans: Ja.Nun hätte ich doch eigentlich noch
1080 2878 3113 3191 einen Wunsch. Ich geh ja auf ziemlich lange
1094 3041 3086 3321 fort, es wäre mir recht lieb ein gutes Bild
1108 3249 2795 3507 von meiner Mutter mit mir zu nehmen.
911 3366 3141 3651 Pflugf.: Hast Du nicht die kleine Photographie,
1122 3521 2612 3781 die auf dem Schreibtisch steht?
