3448 4136
2760 268 2892 392 73
911 456 2707 667 blick ansah. Sie hat es mir gedankt.Wie
924 609 2861 882 hätte ich es auch über mich vermocht,wenn
943 765 2861 1004 ich sie nicht so unendlich geliebt hätte.
943 869 3028 1155 Ich konnte sie nicht länger leiden sehen. Ich
954 1070 2847 1311 konnte sie nicht weiter belügen. Ich habe
961 1210 2916 1454 mich verraten, ich hat te nicht Kraft genug
975 1383 2930 1595 weiter zu lügen. Ich muss es Dir sagen eh
985 1653 1430 1780 Du gehst.
821 1844 2567 2066 Julian: (tritt ein).Pflugfelder, Hans.
832 1968 2850 2222 Julian: Guten Abend. Komm ich noch zurecht,
1028 2119 2977 2368 Dir Lebewohl zu sagen?Nun, ich störe Euch
1054 2267 3025 2519 nicht lang. Es gibt wohl noch viel zu tun?
1081 2432 2720 2673 (sein Blick fällt auf das Bild) Oh!
885 2596 2998 2826 Hans (entreisst es ihm) Es ist ein Bild miener
1078 2866 1425 2975 Mutter.
903 2892 3035 3139 Julian: Ich kenn es.Es ist aus der Zeit,da Du
1105 3065 2281 3332 noch nicht geboren vars t.
