3480 4136
2873 352 2963 534 2
741 441 3061 710 Auch Irene tritt auf, die langjährige Gelieb-
753 678 3075 865 te Julians, der sie hinausgejagt,weil sie ihn
753 842 2986 1027 betrogen, aber mit ihm ein Kind hätte haben
770 1030 1154 1186 können
770 1108 3038 1376 Fester Entschluss Julians Hans sich zu ero-
782 1376 1056 1494 bern.
793 1471 2839 1627 Wachsender Hass auf diesen Pflugfelder.
788 1575 2859 1809 Hiezu muss ein tieferer Anlass gefunden
796 1789 1174 1956 werden.
805 1907 2123 2092 Der hat alle s, ich nichts.
802 2019 3026 2247 Er muss auch sein Vermögen verloren haben?
814 2198 2539 2397 Er kommt in das Haus Pflugfelder.
819 2360 3078 2571 Der junge Hans muss irgend einem Grunde mit
837 2527 2998 2735 seinem Vater entzweit sein.Es muss Julian
840 2663 3003 2856 der richtige Moment gekomme n scheinen ihn
834 2859 1942 3032 für sich zu gewinnen.
845 2983 1913 3197 Was könnte das sein?
845 3127 2599 3335 Eine Liebesgeschichte? Nein, nein.
845 3274 3165 3488 Es wäre keine üble Idee,wenn Hans irgend ei-
863 3456 2775 3652 ne Lunperei begangen hätte.Schulden?
