3480 4152
2700 308 2791 473 3
637 455 2940 723 Nein. Irgend etwas.das in den Augen Pflugfel-
640 632 2946 872 ders notwendig schlimm, für Julian mindestens
643 837 2130 1031 interessant scheinen mässte.
649 990 2958 1140 Julian sagt also zu Hans: So steht’s,kümmere
652 1140 2917 1316 dich nicht um diesen altenEsel. Ich bin dein
658 1269 2876 1513 Vater.Und sonderbarer Weise zuckt Hans zu-
667 1442 1880 1633 sammen,wird schwankend.
661 1533 2967 1739 Ihm erst erzählt Julian die Sache. Und gera-
673 1736 2820 1918 de aus dieser Erzählung geht Hans hervor,
673 1915 2952 2044 was Pflugfelder für ein edler Mann war.Denn
717 2071 2967 2241 jetzt zeigt es sich, dass pflugfelder wusste,
682 2218 2993 2388 dass Hans nicht sein Sohn war, es gewusst ha-
687 2412 1160 2562 ben muss.
684 2541 1798 2705 Hans wird schmankend.
687 2682 2926 2835 Hans weiss vom Vater Pflugfelder,dass Sala
702 2867 1598 3017 schwer krank ist.
699 2952 3061 3134 Sala und Johanna.Sala will auf die Expedition
699 3140 1724 3314 Hans will auch mit.
705 3275 3032 3504 Julian beschwört Hans, doch bei ihm zu blei-
711 3490 952 3654 ben.
714 3540 3037 3813 Pflugfelder hat sich aufgeopfert sein ganzes
