3528 4136
2512 290 2646 426 24
766 443 2861 707 fesseln,wie man sagt. Vielleicht nicht Treue,
764 579 2984 869 dacht ich, aber Anhänglichkeit.Ich hatte nämlich
769 778 3001 1030 Angst vor der Einsamkeit des Alters.Ich bin ein
783 917 2813 1153 mal sehr verwöhnt gewesen. Mein ganzes Leben
798 1045 2827 1292 bis zu einer gewissen Zeit ist wie in einem
792 1192 2918 1442 Rausch zuischen Zärtlichkeit und Leidenschaft
826 1337 2947 1615 hingeflossen. Das Unglück ist, dass die Jugend
837 1513 3026 1754 früher flieht, und dann erst weit später die Be¬
846 1624 3114 1902 gierden. Schon bevor ich Sophie kennen lernte hat
854 1803 3057 2052 te ich eine sehr traurige Zeit durchgemacht.Bei
860 1970 3091 2217 Gott, ich habe keine besondere Lust sie noch ein¬
863 2109 3114 2319 mal zu durchleben. Ich habe jetzt in zwei Herbst¬
877 2271 3057 2507 monaten in völliger Abgeschlossenheit in einem
897 2416 3089 2632 kleinen tirolischen Dorf Musse gehabt über man-
906 2552 2978 2808 cherlei nachzudenken und das Resultat ist,es
914 2685 3202 2981 gibt heute keinen Menschen, für den meine Existenz
920 2887 2913 3106 notwendig ist und eigentlich keinen, dessen
920 3012 3140 3239 Existenz für mich notwendig ist,weder Weib noch
937 3185 3003 3429 Mann. Ich hätte dort oben bleiben können. Was
940 3316 3026 3565 wäre ich für Euch gewesen? Ich meine Sie und
945 3458 3069 3730 Pflugfelder. Wenn's gut geht, ein Gespräch für
