3464 4088
2625 291 2762 489 51.
777 445 3094 656 Julian: Vielleicht hast Du doch noch Zeit mich zu
931 670 2765 848 besuchen.Ich möchte Dir manches zeigen.
789 777 2960 997 Hans : Sie schrieben ja, dass Sie dabei waren in
946 964 2898 1201 den Karakalathermen als man Mosatk aus der
931 1154 1780 1326 Tiefe heraufholte.
798 1314 3085 1468 Julian: Ja, das war ein sonderbar eryreifender Mo¬
934 1450 3011 1590 ment. Ich hab auch ein Stück mitgebracht.Dic
923 1587 2972 1777 Arbeiter sind nicht ganz unbestechlich. Wie
940 1723 2646 1913 lagg gedenkst Du dann fortaubleiben?
807 1884 2403 2059 Hans: Das ist schwer zu bestimmen.
810 2050 2213 2237 Julian: Don ganzne Wintensohl.
810 2174 3120 2364 Hans: Nun hören Sie. Ihnen kann ich ja schon heute
946 2314 3171 2489 mitteilen was mein Vater vorläufig nicht wissen
955 2506 2934 2699 soll. Ich verlasse Wien voraussichtlich auf
958 2667 1483 2854 sehr lange.
813 2812 2423 2996 Julian: Gehst Du nicht nach Padua?
828 2895 3082 3150 Hans: Doch. Ich arbeite den Winter bei Giovanni
973 3046 3049 3301 und gehe nach Rom zu Ladri Aber dann kommich
961 3257 2109 3453 ntcht zurück fürs Erste.
828 3373 2910 3601 Julian: Willst Du Dich nicht näher erklären?
819 3521 3204 3758 Hans: Sie haben jdenfalls von der Expedition gelo-
