3464 4056
2760 321 2895 516 34
722 473 1462 674 Pfl.: Das wäre?
719 654 2944 814 Hans: Dass es meine Absicht ist mich vollkommen
868 791 1969 977 der Theorie zuzuenden.
731 926 3030 1118 Pfl.: Hm, so.Mit solcher Bestimmtheit hast Du Dich
880 1106 2932 1298 bisher mir gegenüber nicht ausgesprochen. Was
866 1261 1556 1433 me inte Bertam?
731 1396 2967 1565 Hans: Ach Gott, er sagte mir einiges sehr Freund¬
868 1539 3055 1708 liche. Er hätte sich sehr gefreut,wenn ich uto-
874 1714 3084 1840 der zu ihm — na, und so weiter.Aber schliesslich
880 1829 2981 2012 gerade er musste meine Argumente gut heissen.
739 1986 1187 2190 Pfl.: Hm.
731 2170 2972 2330 Hans' Ja Vater, ich fühle es von Tag zu Tag mehr,
889 2270 3041 2456 ich bin nicht zum Arzt geboren. Ich würde meine
874 2433 3027 2617 Unzulänglichkeit auf die Dauer nicht ertragen.
871 2620 3024 2766 Man muss sich ja vor seinen Patienten schämon.
739 2743 2889 2906 Pfl.: Du bist zu pessimistisch. Und dann, Hans,
886 2895 2892 3058 überlege doch, ob die Entschiedenheit Deines
877 3064 2904 3233 Entschlusses nicht durch die Erlebnisse der
886 3213 3007 3382 letzten Zeit bedingt ist. Ob es nicht eine Art
874 3362 2881 3497 Abspannung und seelische Müdigkeit ist, die
880 3500 3147 3683 Dich veranlasst in das Jedenfalls beschaulichore
