3576 4424
2313 622 2458 823 32
770 851 1148 997 IV. Akt.
748 949 2999 1173 Eine Vorszene. Jene Frau? Eine Geliebte des Soh-
756 1156 2845 1336 nes? Eine Frau, die zu ihm sagt, sie hat ein
756 1285 1014 1484 Kind?
759 1431 2453 1610 Vielleicht ein Bild des Vergangenen?
756 1596 2867 1764 Der Sohn, der eben das Gleiche erlebt mit der
745 1761 2926 1935 Frau eines Professors? Sieht, das Kind als Zu-
753 1904 2867 2066 fälliges, Unwillkommenes hat eine ganz andere
756 2044 2122 2274 Bedeutung? Wird sie heiraten?
770 2338 2951 2500 Szene Vater und Sohn. Gespräch über die Mutter.
756 2506 2590 2691 Bedürfnis des Sohnes, mehr zu erfahren.
773 2696 3013 2839 Vater: Ich habe keine Frau berührt, seit sie tot
776 2836 980 2971 ist.
770 2951 2447 3150 Verständnis des Vaters für den Sohn.
756 3130 2979 3326 Empfindung des Sohnes: Hier gehör' ich her. Ver-
762 3304 2834 3444 grösserte Zärtlichkeit, seit er die Wahrheit
764 3447 1070 3623 weiss.
