3384 4008
714 555 2902 714 chen Rausch ein Wesen sein Dasein verdankt. Wo
714 687 2908 915 bleibt dann Ihr ganzes Theorem? Was ist's dann
714 891 2060 1040 mit der Zusammengehörigkeit?
497 1013 2948 1233 Pflugf: Ich glaube, dass es Frauen giebt, die sonst
735 1144 3048 1336 ganz gut sind und die einmal sündigen können. Ich
738 1318 2951 1504 glaube auch, dass sie wieder gut werden können.
754 1449 3039 1642 Ich glaube selbst, dass eine Frau ihren Fall ver¬
745 1611 3002 1812 schweigen, ableugnen darf mit tausend Meineiden,
754 1779 3070 1938 wenn sie fühlt, dass in Wahrheit nichts geschehen
766 1928 2850 2127 ist. Aber ich glaube, dass eine Frau, welche
781 2053 3082 2264 ihrem Mann das Kina eines Andern als sein eigenes
778 2227 3012 2417 ausgiebt, eine grauenvolle Betrügerin ist; denn
778 2395 2633 2569 das heisst, die Lüge ins Ewige treiben.
