3496 4168
2704 355 2853 482 63
825 459 3087 665 das Erkennen der Wahrheit aus Deinen Augen lauch
825 656 3039 848 ten sehe, filhle ich wie die Jugend in mir wieder
831 820 2856 977 aufersteht. Ich fühle meine Liebe zu Dir, ich
836 1011 2951 1138 fühle, dass ich die Kraft haben Deine Liebe zu
822 1112 3039 1284 mir zu erwecken, ich weiss, dass Du Deiner Mutter
842 1290 2957 1453 verzeihst, ich weiss, dass Du fühlst,wir hatten
845 1388 2870 1600 ein Recht auf die kurze Zeit des Glücks, die
828 1580 2909 1749 wir genossen und weisst, dass Leine Muttr mit
831 1735 3058 1898 mir ein Glück erlebte, dass ihr Dein Vater nicht
851 1884 2929 2042 geben konnte. Ich sage es zu sagen,wenn auch
834 2045 2957 2188 Deine Mutter ihren Gatten geliebt hat,wenn cr
867 2208 2974 2354 der beste Gefährte war, den sie in ihrem Leben
867 2346 2932 2535 finden konnte, ich habe für sie mehr bedeutet
862 2518 2402 2690 als er, denn mich hat sie geliebt.
724 2656 2940 2811 Hans: Gehen Sie, ehe er kommt. Ich will Sie heute
876 2777 2929 2954 nicht miteinander reden sehen. Ich weiss nur
881 2954 2889 3126 eines, dass Sie mir fremder s ind als je,dass
876 3104 2912 3270 ich nicht die Fährigkeit haben werde Sie zu
879 3267 2954 3425 lieben.Es ist möglich, dass Sie mir den einen
884 3380 2932 3608 Vater genommen haben, aber Sie stna nicht in¬
