3528 4424
2448 746 2578 876 23
557 845 2753 1060 lentin durchgegangen ist? Ah, eine entsetzliche
565 1037 2727 1193 Geschichte! Ganz einfach in ein Bordell, Nymph-
554 1164 2648 1334 manie. Sie war siebenundzwanzig, ein sehr an-
560 1306 2134 1492 ständiges Mädchen, und plötzlich -
551 1484 1184 1651 Und der Sohn?
543 1619 2597 1809 Sehr grosser Bakteriolog und dabei Lebemann.
537 1766 1772 1961 Auch der Freund geht kalt.
537 1930 2628 2125 Der Lyrische erzählt: Ein junges Mädel, Kind,
551 2097 1116 2244 unglücklich.
534 2255 2614 2431 Die Ueberschätzung dieser Dinge ist in hohem
543 2411 1292 2575 grade widerlich.
514 2696 2069 2871 Die frühere Schauspielerin kommt.
509 2852 1472 3038 Lange nicht gesehen.
514 2987 1930 3185 Mir wird warm, wenn du kommst.
514 3174 2784 3352 Nun ich sehe mir die Stücke an, muss gelegentlich
503 3307 1006 3488 nach Wien.
509 3445 1512 3649 Unsere Vergangenheit.
514 3603 2730 3787 Nun, was erlebst du? Sonderbar, du eriebst noch
514 3810 808 3993 immer.
