3400 4120
2772 375 2878 538 5
696 381 1575 570 Mai 1903. Lugano
702 627 2987 828 Erster Akt.Bei Bonifaz.Verhältnis des alten
707 785 2225 979 Bonifaz zu Frau, Tochter,sohn.
696 919 2947 1123 Schwer krank die Frau oder plötzlicher Tod.
707 1074 2958 1274 Sie gesteht dem Sohne,dass einicht des al-
722 1263 2970 1423 ten B.,sondern Julians Sohn oder trifft An-
719 1389 2122 1595 stalten, dass er es erfahre.
707 1541 2844 1695 Sala und Johanna.Er ist daran sie zu ver-
722 1733 2446 1910 führen. (Ohne Absicht eigentlich).
710 1833 2932 2022 Sala fordert den Jungen auf die Expedition
719 2010 2915 2176 nach Indien mitzumachen. Der Junge geht da-
722 2168 1197 2354 rauf ein.
716 2300 2764 2520 Julian. Die Reden über ihn; Auf Reisen;
727 2477 2082 2683 wild sein Leben hingelebt.
725 2609 2615 2789 Liebe des Karl,Verehrung für Julian.
725 2804 2829 2978 Bonifaz mit einiger Verachtung über ihn.
730 2938 2987 3127 Wer spricht von ihm? Es war nicht das rech-
739 3116 1214 3288 te Leben.
733 3205 3027 3422 Ist B. Heiligenbilder-Maler, Architekt, Fabri-
730 3419 1022 3554 kant?
733 3548 3038 3746 Jedenfalls hat er für die Seinen gearbeitet.
