3416 4024
2483 360 2569 536 6
469 548 2005 743 Jul: Das ist allerdings richtig.
513 650 2977 899 Sophie: Also ich versichere dir, es war wunderschön.
695 838 2993 1030 Nie werd' ich die schönen Tage vergessen, die wir
711 969 2968 1195 mit einander verbracht haben, und ewig werd' ich
724 1144 3012 1332 dir für alles das Schöne dankbar sein, das duinc
730 1288 3015 1466 hast sehen lassen. Ich versicher‘ dir, „Julian, so
736 1450 2878 1638 lang wir da unten beisammen waren: - nicht mit
752 1578 2904 1775 einem Gedanken bin ich dir untreu gewesen. Ich
743 1734 2834 1951 bin auch nicht die Person, die einen Mann be-
755 1897 2808 2116 trügt... und gar dich! das wär' abschaulich.
803 2120 1352 2276 Nicht wahr?
580 2203 2187 2410 Jul: Bist du ihm wieder begegnet?
583 2320 2885 2556 Sophie: Wenn du lieb bist, fragst du mich um gar
778 2576 1128 2697 nichts.
558 2665 2910 2875 Jul: Aber er weiss ja, dass du mit mir in Italien
797 2872 1253 2999 warst -?
558 2961 3121 3165 Sophie: Also nein, das weiss er nicht. Er glaubt, dass
810 3117 2834 3315 ich in Hamburg beim Onkel war. Na, ich bitt
819 3296 2929 3465 dich, warum soll ich einem Menschen, der mich
816 3411 2885 3678 wirklich von ganzem Herzen gern hat, wehtun?
