3384 4040
739 993 2864 1193 Vielleicht ist es der Arzt, der es übernommen
722 1162 2869 1318 hat, den Brief an Felix zu geben, wenn er dan
734 1329 2996 1498 irgend einer Wende seines Lebens angelangt sein
742 1478 1092 1645 sollte.
731 1591 2976 1760 Diese Wende wäre dann eventuell sein Entschluss,
736 1786 2020 1947 die Expedition mitzumachen.
736 1873 2883 2068 So hätte dann der Arzt im Verlaufe des III.Ak-
745 2110 2384 2240 tes Felix die Wahrheit mitzuteilen.
728 2243 2770 2412 Zu einer langen Auseinandersetzung kommt es
736 2387 2677 2536 nicht, weil andere Personen unterbrechen.
