3448 4072
2585 259 2718 455 57
603 471 2914 670 Hans: Warum sagen Sie es mir?Ich hätte mir an dem
757 664 2018 857 Bepusstsein genügen lassen.
618 802 2820 1032 Juliun: Ich kann es nicht mehr. Du darfst nicht
772 938 3046 1146 fortgehen.vielleicht auf immer von mir fortgehen,
778 1131 1644 1297 ohne es zu wissen
627 1273 2006 1475 Hans : Warum? Was soll es mir?
639 1384 2760 1599 Julian: Dir ist es vielleicht wenig in diesem
772 1538 2920 1725 Augenblick.mir ist es viel. Ich will nicht, dass
781 1704 2805 1897 Deine Seele in der Ferne einen falschen Weg
796 1855 2838 2069 geht. Ich will, dass Dus weisst.Vor allem nur,
799 2003 2865 2184 dass Dus weisst.Wärest Du ein Anderer als L###
805 2148 2998 2319 bis t, ich hätte es mit mir ins Grab genommen. Dir
811 2326 2205 2503 darf ichs.Dir muss ich sagen.
664 2458 2965 2660 Hans( immer starrer) Was sollte sich in mir,gerado
184 2503 274 2576 eo
820 2615 2953 2778 in mir durch diese plötzliche Erfahrung ändern.
808 2727 2980 2923 Meine Sehnsucht, meine Liebe wird keinen andern
820 2926 2983 3098 Weg gehen als bisher.Warum sagen Sies mir? Was
881 3052 2570 3276 vollen Sie für sich damit erreichen?
694 3200 3119 3390 Julian: Heute noch nichts.Jetzt weisst Dus erst.Aber
848 3342 3004 3580 in kurzer Zeit,vielleicht über Nacht,wirst Dus
836 3538 1882 3719 auch fühlen,gerade Du.
