<?xml version="1.0" encoding="UTF-8" standalone="yes"?>
<PcGts xmlns="http://schema.primaresearch.org/PAGE/gts/pagecontent/2013-07-15" xmlns:xsi="http://www.w3.org/2001/XMLSchema-instance" xsi:schemaLocation="http://schema.primaresearch.org/PAGE/gts/pagecontent/2013-07-15 http://schema.primaresearch.org/PAGE/gts/pagecontent/2013-07-15/pagecontent.xsd">
    <Metadata>
        <Creator>prov=READ-COOP:name=TrHtr:version=2.1.0:model_id=51170:date=28_07_2023_17:25</Creator>
        <Created>2023-05-10T11:40:31.781+02:00</Created>
        <LastChange>2023-07-28T17:25:15.820+02:00</LastChange>
        <TranskribusMetadata docId="1428169" pageId="55390541" pageNr="148" tsid="131366950" status="IN_PROGRESS" userId="64420" imgUrl="https://files.transkribus.eu/Get?id=MEJZEAUQONBEBALJTYRFBWHM&amp;fileType=view" xmlUrl="https://files.transkribus.eu/Get?id=GTODGAVHFNBBQHSCVTCWKGTT" imageId="44665427"/>
    </Metadata>
    <Page imageFilename="1428169_0148.jpg" imageWidth="3400" imageHeight="4072">
        <ReadingOrder>
            <OrderedGroup id="ro_1711803490573" caption="Regions reading order">
                <RegionRefIndexed index="0" regionRef="tr_1"/>
            </OrderedGroup>
        </ReadingOrder>
        <TextRegion id="tr_1" custom="readingOrder {index:0;}">
            <Coords points="668,305 2910,305 2910,1875 668,1875"/>
            <TextLine id="tr_1_tl_1" custom="readingOrder {index:0;}">
                <Coords points="2518,385 2552,379 2563,388 2585,371 2610,393 2635,374 2649,374 2649,276 2607,284 2602,290 2574,265 2563,265 2549,279 2541,271 2518,271"/>
                <Baseline points="2534,355 2579,355 2624,355 2656,355"/>
                <TextEquiv>
                    <Unicode>78</Unicode>
                </TextEquiv>
            </TextLine>
            <TextLine id="tr_1_tl_2" custom="readingOrder {index:1;}">
                <Coords points="650,742 1291,647 2574,661 2892,605 2895,510 1314,474 653,597"/>
                <Baseline points="668,656 704,656 749,656 794,656 838,656 883,656 928,656 973,653 1018,650 1062,647 1107,647 1152,644 1197,641 1241,638 1286,638 1331,638 1376,635 1421,632 1465,632 1510,632 1555,629 1600,626 1644,626 1689,623 1734,623 1779,620 1824,620 1868,617 1913,614 1958,614 2003,614 2047,611 2092,611 2137,609 2182,606 2227,606 2271,603 2316,603 2361,600 2406,600 2450,597 2495,594 2540,594 2585,594 2630,594 2674,591 2719,588 2764,585 2809,582 2853,579 2898,582"/>
                <TextEquiv>
                    <Unicode>Hans: Wenn es denn nicht anders sein kann, hören</Unicode>
                </TextEquiv>
            </TextLine>
            <TextLine id="tr_1_tl_3" custom="readingOrder {index:2;}">
                <Coords points="845,831 1665,837 2039,772 2412,823 2663,767 2669,639 851,672"/>
                <Baseline points="859,806 880,806 925,806 970,806 1015,806 1059,803 1104,803 1149,800 1194,797 1238,794 1283,791 1328,791 1373,791 1418,791 1462,791 1507,788 1552,785 1597,785 1641,785 1686,782 1731,779 1776,779 1821,776 1865,776 1910,773 1955,773 2000,770 2044,767 2089,767 2134,767 2179,764 2224,764 2268,761 2313,758 2358,758 2403,758 2447,758 2492,755 2537,749 2582,749 2627,746 2671,749"/>
                <TextEquiv>
                    <Unicode>Sie, in domhoren t,da er es erführt, ich</Unicode>
                </TextEquiv>
            </TextLine>
            <TextLine id="tr_1_tl_4" custom="readingOrder {index:3;}">
                <Coords points="865,993 2451,954 2708,912 2713,745 2412,823 1394,803 867,901"/>
                <Baseline points="880,964 883,961 928,958 973,958 1018,955 1062,955 1107,952 1152,952 1197,949 1241,946 1286,946 1331,946 1376,946 1421,943 1465,943 1510,940 1555,937 1600,937 1644,937 1689,934 1734,928 1779,928 1824,925 1868,925 1913,925 1958,925 2003,925 2047,919 2092,919 2137,916 2182,916 2227,916 2271,916 2316,913 2361,910 2406,910 2450,907 2495,910 2540,907 2585,904 2630,901 2674,895 2719,892"/>
                <TextEquiv>
                    <Unicode>schwör es Ihnen und Sie wissen, dass ich</Unicode>
                </TextEquiv>
            </TextLine>
            <TextLine id="tr_1_tl_5" custom="readingOrder {index:4;}">
                <Coords points="878,1132 2794,1090 2900,1057 2906,957 2733,901 1994,990 1743,934 881,1049"/>
                <Baseline points="895,1119 940,1116 985,1113 1029,1113 1074,1110 1119,1110 1164,1110 1209,1107 1253,1104 1298,1104 1343,1101 1388,1101 1432,1098 1477,1095 1522,1095 1567,1095 1612,1092 1656,1089 1701,1089 1746,1086 1791,1083 1835,1083 1880,1083 1925,1083 1970,1083 2015,1080 2059,1077 2104,1077 2149,1071 2194,1071 2239,1071 2283,1068 2328,1068 2373,1065 2418,1062 2462,1062 2507,1062 2552,1062 2597,1059 2642,1056 2686,1056 2731,1056 2776,1050 2821,1050 2865,1047 2910,1041"/>
                <TextEquiv>
                    <Unicode>köinen Meineid schböre, in dem Moment,wo die-</Unicode>
                </TextEquiv>
            </TextLine>
            <TextLine id="tr_1_tl_6" custom="readingOrder {index:5;}">
                <Coords points="865,1319 2697,1241 2786,1219 2792,1090 1442,1102 870,1199"/>
                <Baseline points="883,1274 913,1268 958,1265 1003,1265 1047,1268 1092,1265 1137,1259 1182,1259 1226,1259 1271,1256 1316,1253 1361,1250 1406,1250 1450,1250 1495,1247 1540,1244 1585,1241 1629,1241 1674,1241 1719,1238 1764,1238 1809,1238 1853,1235 1898,1235 1943,1232 1988,1232 2033,1229 2077,1226 2122,1226 2167,1223 2212,1223 2256,1221 2301,1218 2346,1218 2391,1215 2436,1215 2480,1212 2525,1212 2570,1209 2615,1206 2659,1206 2704,1203 2749,1206 2794,1206"/>
                <TextEquiv>
                    <Unicode>ser erfährt, dass ich nicht sein Sohn bin,</Unicode>
                </TextEquiv>
            </TextLine>
            <TextLine id="tr_1_tl_7" custom="readingOrder {index:6;}">
                <Coords points="870,1422 2627,1411 2850,1389 2853,1283 1710,1333 1539,1261 873,1325"/>
                <Baseline points="886,1421 931,1418 976,1418 1020,1418 1065,1418 1110,1418 1155,1415 1200,1412 1244,1412 1289,1409 1334,1406 1379,1406 1424,1406 1468,1403 1513,1400 1558,1400 1603,1397 1647,1397 1692,1394 1737,1391 1782,1394 1827,1388 1871,1388 1916,1385 1961,1382 2006,1382 2050,1382 2095,1382 2140,1382 2185,1379 2230,1376 2274,1373 2319,1373 2364,1373 2409,1373 2453,1373 2498,1367 2543,1367 2588,1364 2633,1364 2677,1364 2722,1361 2767,1358 2812,1352 2856,1349"/>
                <TextEquiv>
                    <Unicode>mach ich ein Ende. -Dieser Schnur gilt für</Unicode>
                </TextEquiv>
            </TextLine>
            <TextLine id="tr_1_tl_8" custom="readingOrder {index:7;}">
                <Coords points="884,1598 2814,1556 2878,1545 2884,1400 890,1433"/>
                <Baseline points="898,1576 916,1570 961,1570 1006,1570 1050,1567 1095,1567 1140,1564 1185,1561 1229,1561 1274,1561 1319,1558 1364,1558 1409,1555 1453,1552 1498,1552 1543,1552 1588,1549 1632,1549 1677,1549 1722,1546 1767,1543 1812,1543 1856,1540 1901,1537 1946,1537 1991,1537 2036,1534 2080,1531 2125,1531 2170,1531 2215,1528 2259,1525 2304,1525 2349,1519 2394,1522 2439,1516 2483,1519 2528,1516 2573,1513 2618,1513 2662,1513 2707,1507 2752,1507 2797,1501 2842,1501 2886,1501"/>
                <TextEquiv>
                    <Unicode>alle Zeit und für jeden Ort, damit Sie mich</Unicode>
                </TextEquiv>
            </TextLine>
            <TextLine id="tr_1_tl_9" custom="readingOrder {index:8;}">
                <Coords points="876,1746 973,1723 1043,1757 1163,1712 1406,1712 1456,1743 1721,1696 1827,1712 1832,1584 1670,1556 1587,1592 1495,1598 1450,1564 1274,1609 1018,1606 973,1573 878,1609"/>
                <Baseline points="892,1719 895,1716 940,1713 985,1713 1029,1713 1074,1710 1119,1710 1164,1710 1209,1704 1253,1704 1298,1704 1343,1704 1388,1701 1432,1701 1477,1698 1522,1698 1567,1698 1612,1695 1656,1692 1701,1692 1746,1689 1791,1689 1835,1692"/>
                <TextEquiv>
                    <Unicode>nicht missverstehen.</Unicode>
                </TextEquiv>
            </TextLine>
            <TextLine id="tr_1_tl_10" custom="readingOrder {index:9;}">
                <Coords points="890,1896 1010,1910 1049,1882 1143,1899 1168,1874 1277,1891 1339,1860 1417,1888 1464,1860 1551,1866 1553,1735 1149,1715 1043,1757 892,1774"/>
                <Baseline points="904,1859 931,1862 976,1862 1020,1865 1065,1865 1110,1865 1155,1859 1200,1859 1244,1859 1289,1856 1334,1856 1379,1853 1424,1853 1468,1853 1513,1853 1558,1853"/>
                <TextEquiv>
                    <Unicode>(Lange Pause).</Unicode>
                </TextEquiv>
            </TextLine>
        </TextRegion>
    </Page>
</PcGts>
