3464 4120
2595 357 2732 488 10
601 524 2875 708 Mathilde: Natürlich.Das ist doch der, der so aus¬
756 690 2949 845 steht wie ein Engländer.Und Ihr seid noch immer
759 860 1536 1045 so gute Freunde?
622 967 2929 1170 Julian: Wir sehen uns,wenn wir eben Beide in Wien
765 1185 1018 1345 sind.
625 1229 2932 1476 Mathilde: Wirklich, als wenn ich gestern - Wo s###nd
759 1417 2914 1622 meine Freundinnen von damals?Nicht einmal mehr
783 1643 2973 1813 gedacht — Nun also leb wohl.Kann ich stelleicht
768 1768 2155 1943 hier durch diese Türe hinaus?
646 1935 2738 2066 Julian: Gewiss. Also Adieu und viel Glück Dir
783 2063 1679 2253 und Deinen Kindern.
628 2161 3024 2372 Mathilde: Ich werde schon gut Abacht auf sie geben.
771 2399 1089 2536 Adieu.
