3480 4056
1727 237 1860 413 G.F.P.
2869 348 3005 499 31
308 320 668 511 Verhirn
1216 496 1795 665 Zweiter Akt.
363 520 831 727 1112 901
705 757 2214 954 Zimmer bei Dr.Pflugfelder.Abend.
696 896 3162 1078 Rechts Tür ins Vorzimmer. links ins Sprechzimmer, wei
705 1059 3051 1256 Fenster im Hintergrund.Gedeckter Tisch.Hängelcupe.
708 1213 3183 1382 Dr.Pflugfelder sitzt am Tisch und liest eine Zeitung.
705 1379 2371 1515 Das Stubenmädchen bringt das Essen.
717 1502 2608 1678 Pfl.: Ist denn mein Hohn schon zu Hause?
720 1644 3100 1820 Stubenmädchen: Nein,Herr Doktor,aber er hat gesagt,
871 1798 2694 1989 dass er sich vielleicht verspäten wird.
733 1958 3116 2130 Pfl.: Ach so.(Uhr). So eilig var's aber doch nicht.
730 2115 2949 2278 Stubenm.: Ich hab mir gedacht — Es ist übrigens
877 2254 2949 2454 nur kal ter Aufschnitt.Ich kann ihn da stehen
881 2432 2525 2598 lassen. (schenkt ein Glas Bier ein)
742 2571 3008 2746 Pflugfelder legt die Zeitung weg,nimmt ein Stück
887 2688 2943 2872 Fleisch auf den Teller trinkt ein Glas Bier.
751 2836 2919 3070 Hans tritt ein, mit einfacher Eleganz gekleidet
754 2943 3085 3202 nichts Studentisches, 23 Jahre, kleiner Schnurrbart.
751 3168 2589 3340 Schönes, nicht zu kurzes schwarzes Haar.
754 3350 1893 3494 Hans: Guten Abend, Vater.
757 3476 2331 3651 Pfl.: Na also, da bist Du ja doch.
