3448 4056
2575 301 2712 444 32
640 424 1640 643 Hans(setzt sich): Ja.
646 602 2811 801 Pfl.: Ich bin froh, dass ich nicht allein essen
789 751 2998 947 muss. Allerdings sollt ich mich allmählich daran
801 915 2659 1093 gewöhnen.Hast Du mit Bertram gesprochen?
663 1055 2014 1260 Hans :  Ich komme ebenevori ihm.
663 1227 1099 1403 Pfl.: so.
660 1339 2852 1520 Hans: Ja. Ich wollte diese Dinge doch nicht auf
856 1546 2861 1683 der Klinik mit ihm besprechen. Er liebt das
804 1686 1555 1873 auch nicht sehr.
666 1821 3013 1999 Pfl.: Natürlich. Nun wie verhält er sich zu Deinen
804 1976 1166 2148 Plänen?
672 2104 2960 2303 Hans: Er ist natürlich im Prinzip ganz einverstan
812 2277 2960 2429 den.Dass ich zu Giovanni gehe findet er sehr
818 2408 2806 2604 vernünftig.Er kennt ihn persönlich.Auf dem
810 2589 2972 2744 Amsterdamer Kongress vor drei oder vter Jahren
818 2689 2996 2899 war er viel mit ihm beisammen.Soll ein glänzen-
827 2885 2361 3060 der Hedner sein, nur stark Poseur.
690 3016 2920 3180 Pfl.: Das haben viele Anatomen an sich.Hyrtl war
827 3153 2887 3337 überhaupt ein Schauspieler.Es ist noch immer
830 3332 3031 3513 die einfachte Art dem Tod gegenüber Haltung zu
833 3475 1268 3703 bewahren.
