3384 4104
2730 320 2830 509 6
695 506 1712 683 Er spricht zu viel.
703 606 2876 860 Karl hat eine merkwürdige Geringschätzung
706 843 1141 989 für ihn.
700 966 2762 1135 Tod der Mutter. Nein. Sie ist nur krank.
706 1121 2976 1281 Eine Nebenperson.Der Arzt, der Johanna sagt;
706 1258 2982 1427 Dieser Sala ist zum Tod verurteilt.Sie sagt
723 1444 2919 1629 es dem Bruder. Oder der Arzt dem Karl. Karl
723 1601 1358 1764 der Johanna
715 1755 2979 1875 Auch Irene Herms muss in diesem Akt vorkom-
720 1904 2942 2047 men. Flüchtig? Ihre Zärtlichkeit für Karl?
720 2061 1375 2213 Notar? Arzt?
718 2227 1947 2378 Zweiter Akt.Bei julian.
715 2341 2902 2564 Er ist heimgekehrt. Der Tod der Frau B. hat
732 2524 1827 2684 ihn sehr erschüttert.
720 2627 3022 2802 Sala besucht ihn.Das nahende Alter.Ekel etc.
720 2787 2985 2959 Sala sagt,Karl geht mit auf die Expedition.
726 2976 1798 3165 Das darf nicht sein.
720 3133 1641 3293 Er ist mein Sohn.
720 3250 2890 3453 Ja,da machen Sie Ihre Rechte zu spät gel¬
735 3468 1012 3599 tend.
723 3616 1767 3788 Er ist das Einzige.
