3560 4232
2952 216 3064 371 6
171 279 446 492 1786
230 364 2765 702 Julio ist meint de... Erkandwortittet, zuver¬
213 590 2647 1000 nach saut. Er schließ auf der Alte, da sie
279 823 2667 1128 janheit. Seine Kauf! Mies sie?
502 1010 2739 1387 1 ansicht töd. Und die Worte war.
246 1240 2604 1676 der sich ab. - Was soll er die Thie E.
239 1479 2535 1827 trauchtebenschen. Er brauch lieb.
269 1758 2814 2089 - diese Haus. Nachsag - ist nun ausbracht.
266 1929 2604 2319 den Lese fort.. ich melden todt.. 91
259 2221 2608 2512 ist zu neuenhaft. Den ab Dienste, im gefahren
253 2355 2729 2726 er Salo ein er liegt das Reichofor. der
1578 2647 2522 2880 er mit seit
233 2683 1387 2998 es ist sein Sohn.
298 2831 2936 3185 allert an; in wir weit anfangen..
262 3093 2781 3385 wird arbeile. Er kai nicht alt, sehr
308 3303 2516 3621 in ihn erloben sein. Er will nicht
354 3503 2680 3792 Sohn in Montag willen. E will
2201 3729 2818 3972 gehre, im
2014 3821 2207 4025 sept
1752 3739 1935 3969 alc
341 3805 1588 4051 ihn überkennen werden
