3512 4136
2666 316 2810 492 25
826 492 2571 737 Theeabende und nicht das amisanteste.
599 594 3006 883 Sala: Ja, es ist schwer da zu widersprechen. Ich wäre
841 829 2953 1014 wohl auch nicht mehr. Aber was wollen Sie, das
859 966 3033 1190 ist unser aller Loos.Jeder Egoist bleibt am En-
865 1139 2842 1315 de allein.Man muss es nur zu tragen wissen
865 1241 3078 1452 wenn's an der Zett ist. So wie mir die Menschen
868 1423 2941 1640 nötig sind,so bedden sie mir immer zu Gebote
874 1563 3084 1778 stehen. Ich bin für gemessene Entfernungen cuch
907 1697 2947 1921 in der Freundschaft und gar besonders in der
895 1939 1190 2112 Liebe.
716 1974 2926 2261 'ulian: Sie halten auch mich für einen Egoisten?
928 2103 3072 2359 Auch Sie? Natürlich, glauben Sie ich tue Ihnen
677 2279 901 2383 Sala
910 2243 3033 2553 unrecht,weil Sie viel geliebt haben Als wenn
925 2458 3060 2660 es darauf ankäme. Fragen Sie sich doch nur, ha¬
931 2631 2911 2836 ben Sie je ein Opfer gebracht.an dem nicht
934 2789 2944 2974 Ihre Sinnlichkeit in irgend einer Weise be¬
957 2902 2982 3108 teiligt gewesen wäre? Habon Sie jemals ganö-
957 3096 3006 3305 gert einen anständigen Monschen zu betrügen,
957 3170 3126 3418 wenn Sie dadurch auch nur um eine Stunde Glück
966 3367 3120 3570 oder Lust oder nur befriedigter Eitelkeit roi-
984 3493 3185 3752 cher wurden? Und glauben Sie, dass Sie von einer
