3416 4152
678 528 2773 732 Allerdings wollte er sein Wort von Marie
672 717 2569 873 zurück haben, aber sie starb zu früh.
693 843 2749 1050 Irene tut das Letzte, indem sie auch vom
693 1044 1387 1207 Kind spricht.
687 1128 2998 1330 Sie war eine Freundin der verstorbenen Frau,
693 1339 2980 1486 Pflugfelder ein guter alter Kerl,fromm,bie
705 1444 2971 1627 der, hat sich aufgerieben für die seinen,ver.
705 1621 2407 1774 ehrt die Gattin wie eine Heilige,
858 1804 2917 1963 Eine Differenz zwischen wans und seinem
714 1957 2839 2095 Vater (welche 7771 das ist das Wichtige).
714 2068 3016 2239 Es wird, so denkt Julian, ein Leichtes für ihn
723 2281 2953 2428 sein diesen Jungen zu sich herüber zu brin-
726 2386 2875 2593 gen. Er soll sein Leibarzt werden etc. Er
726 2587 2131 2737 sagt ihm,du bist mein Sohn.
717 2722 3004 2908 Hans s hat schon die Absicht sich dieser Ex-
744 2896 1990 3049 pedition anzuschliessen.
735 2971 3049 3181 Vielleicht weil Hans weiss, dass er nicht der
735 3181 1927 3343 Sohn seines Vaters ist.
732 3316 2272 3547 Worauf geht das Ganze hinaus?
726 3484 3040 3665 Julian: Dieser Sohn meines Bluts gehört mir,
738 3668 3148 3875 so bald ich nur will (diese Frau ist wieder
