3512 4168
2622 250 2769 438 64
856 433 3113 659 stande mir einen andern zu geben. Nehmen Sie Ab¬
859 633 2957 800 schied, ich verlange es.Ich bitte Sie noch um
868 774 2410 945 eines, kommen Sie nie mehr wieder.
709 1045 3078 1336 Pflugfelder(tritt ein:) O.gehst Du eben.da ich hom¬
856 1251 1045 1404 me?
721 1383 3010 1583 Julian: Ich sagte eben adieu, ich bin zu milde heu¬
886 1612 1033 1724 te.
736 1707 2345 1883 Pflugf.: Wann seh ich Dich wieder?
727 1866 2904 2024 Julian: Morgen. (für sich) Ich muss ihn wieder
868 2039 1180 2189 haben.
736 2180 1857 2363 Hans(sieht ihn fromd'an).
1442 2389 1836 2592 Vorhang.
