3448 4136
2612 235 2744 405 70
904 399 3117 623 hat Recht. Hier fühl ich mich beschutzt, überall
910 577 2325 798 anders bin ich rein. (sie geht)
723 875 2629 1099 Pflugf.: So sollen wir sie gehen lassen?
726 1016 2795 1234 Hans: Was hilft uns alle s Verstehen? Du, dem
930 1185 3077 1380 sie fremd geblieben,hättest ihr verziehen, ich
941 1360 3008 1530 hatte Müh ihr nicht ins Gesicht zu schlagen.
746 1487 2979 1688 Pfl gf.: Was will aller Zorn bedeuten? Ich hätte
961 1676 1627 1848 ihr verziehen.
769 1759 3077 2006 Hans: Es ist gut, dass mir Beide sie nicht wieder¬
967 1972 2982 2130 sehen perden, denn Beide hätten wir Unredht.
959 2107 3048 2305 Nun hetsst zu Ende zu kommen,Vater,wir haben
967 2282 2580 2468 uns vielleicht noch piel zu sagen.
784 2408 2086 2626 Pflugf.: Wie meinst Du das?
789 2577 2953 2749 Hans: Je näher die Stunde des Scheidens kommt,
987 2721 2936 2876 umso mehr bin ich von allerlei erfüllt.Du
999 2864 2939 3082 wolltest etwas sagen,ehe Johanna kam.Gtbt
1013 3011 2850 3212 es etwas in Deinem Leben dder im Leben
1053 3171 2896 3378 meiner Mutter, das ich noch nicht kennet
821 3323 2881 3510 Pflugf.: Ja. Aber ehe Du gehst sollst Du es,
1013 3444 2879 3705 musst Du es wissen. In der letzten Zeit
