3528 4232
155 243 2763 670 Im ersten Akt erfahrung mit, das Julian im Abaus
165 498 1964 835 der Ehe ein fest im Hause war.
214 641 2400 987 daher er erst nach Jahren wiederkan.
233 864 1511 1152 Dieser ist nun geliebt,
217 1048 1744 1262 ih leven hat er nie gewußt.
265 1190 1922 1417 Er glaubt. er in a ich Singor.
291 1359 1967 1614 fuler kan borifent g Gevenk...
333 1465 2582 1744 at beam glaubt - en ist fort. an ungleichlicher
288 1766 586 1964 siebe.
