3368 4040
774 567 2884 693 Den Fall gesetzt, dass die Mutter einen Brief
774 657 2901 925 hinterlässt, den Johanna findet, um ihn ihrem
785 886 2854 1084 Bruder zu geben, wäre dieser Brief auch noch
799 1031 3044 1219 insofern zu benützen, als ihn der Vater im V.Akt
783 1191 2862 1409 finden könnte, wenn er die Schreibtischladen
788 1356 2110 1574 seiner Tochter durchstöbert.
799 1663 2946 1847 Nun kann es seine einzige Sorge sein, dass nur
797 1847 2496 2024 sein Sohn nichts davon erfahren hat.
805 1945 2907 2107 Oder es kommt noch zu einer kurzen Szene zwi-
805 2082 1814 2281 schen ihm und Julian.
