<?xml version="1.0" encoding="UTF-8" standalone="yes"?>
<PcGts xmlns="http://schema.primaresearch.org/PAGE/gts/pagecontent/2013-07-15" xmlns:xsi="http://www.w3.org/2001/XMLSchema-instance" xsi:schemaLocation="http://schema.primaresearch.org/PAGE/gts/pagecontent/2013-07-15 http://schema.primaresearch.org/PAGE/gts/pagecontent/2013-07-15/pagecontent.xsd">
    <Metadata>
        <Creator>prov=READ-COOP:name=TrHtr:version=2.1.0:model_id=51170:date=28_07_2023_17:25</Creator>
        <Created>2023-05-10T11:40:26.810+02:00</Created>
        <LastChange>2023-07-28T17:25:00.268+02:00</LastChange>
        <TranskribusMetadata docId="1428169" pageId="55390315" pageNr="110" tsid="131366911" status="IN_PROGRESS" userId="64420" imgUrl="https://files.transkribus.eu/Get?id=BRRUVVBRBPDHIXBVMUUQITRW&amp;fileType=view" xmlUrl="https://files.transkribus.eu/Get?id=MKZQXEJJSGFDIQCKLVRPWAID" imageId="44665201"/>
    </Metadata>
    <Page imageFilename="1428169_0110.jpg" imageWidth="3480" imageHeight="4072">
        <ReadingOrder>
            <OrderedGroup id="ro_1711803458431" caption="Regions reading order">
                <RegionRefIndexed index="0" regionRef="tr_1"/>
                <RegionRefIndexed index="1" regionRef="tr_2"/>
            </OrderedGroup>
        </ReadingOrder>
        <TextRegion id="tr_1" custom="readingOrder {index:0;}">
            <Coords points="940,287 3218,287 3218,1968 940,1968"/>
            <TextLine id="tr_1_tl_1" custom="readingOrder {index:0;}">
                <Coords points="2736,408 2751,406 2762,417 2771,414 2789,423 2809,408 2856,417 2845,256 2830,256 2807,241 2757,273 2748,267 2742,276 2724,276"/>
                <Baseline points="2746,337 2791,340 2836,343 2859,346"/>
                <TextEquiv>
                    <Unicode>40</Unicode>
                </TextEquiv>
            </TextLine>
            <TextLine id="tr_1_tl_2" custom="readingOrder {index:1;}">
                <Coords points="926,629 2028,547 2160,605 2339,541 2965,614 2998,438 2504,467 2289,391 2154,456 1995,391 932,485"/>
                <Baseline points="943,585 988,582 1032,582 1077,579 1122,579 1167,579 1212,576 1256,570 1301,570 1346,567 1391,564 1435,564 1480,561 1525,558 1570,558 1615,555 1659,555 1704,552 1749,552 1794,552 1838,546 1883,543 1928,540 1973,537 2018,537 2062,534 2107,531 2152,528 2197,525 2241,525 2286,525 2331,519 2376,519 2421,516 2465,513 2510,513 2555,510 2600,510 2645,510 2689,507 2734,507 2779,507 2824,501 2868,501 2913,498 2958,492 3003,495"/>
                <TextEquiv>
                    <Unicode>ihm gegenüber auszusprechen. Und wenn er noch</Unicode>
                </TextEquiv>
            </TextLine>
            <TextLine id="tr_1_tl_3" custom="readingOrder {index:2;}">
                <Coords points="923,767 2933,708 2977,617 2607,555 2098,641 929,623"/>
                <Baseline points="940,746 970,746 1015,743 1059,740 1104,740 1149,737 1194,734 1238,734 1283,731 1328,728 1373,725 1418,725 1462,722 1507,719 1552,719 1597,719 1641,716 1686,713 1731,710 1776,710 1821,704 1865,704 1910,701 1955,698 2000,698 2044,695 2089,695 2134,689 2179,689 2224,686 2268,683 2313,683 2358,683 2403,680 2447,674 2492,671 2537,671 2582,668 2627,665 2671,662 2716,662 2761,659 2806,659 2850,656 2895,653 2940,650 2985,647"/>
                <TextEquiv>
                    <Unicode>eine Zeit lang wegbliebe hätte ich ihn über¬</Unicode>
                </TextEquiv>
            </TextLine>
            <TextLine id="tr_1_tl_4" custom="readingOrder {index:3;}">
                <Coords points="932,929 2968,858 2998,741 940,773"/>
                <Baseline points="952,901 988,898 1032,898 1077,895 1122,895 1167,892 1212,892 1256,886 1301,886 1346,883 1391,880 1435,880 1480,874 1525,874 1570,871 1615,871 1659,868 1704,865 1749,862 1794,859 1838,856 1883,856 1928,853 1973,850 2018,847 2062,844 2107,844 2152,844 2197,841 2241,841 2286,838 2331,835 2376,835 2421,832 2465,829 2510,826 2555,823 2600,823 2645,820 2689,817 2734,814 2779,814 2824,814 2868,809 2913,806 2958,806 3003,809"/>
                <TextEquiv>
                    <Unicode>haupt ganz aus me inem Leben ausgeschaltet.So</Unicode>
                </TextEquiv>
            </TextLine>
            <TextLine id="tr_1_tl_5" custom="readingOrder {index:4;}">
                <Coords points="990,1073 2951,1029 2959,893 996,940"/>
                <Baseline points="1006,1062 1038,1056 1083,1050 1128,1047 1173,1044 1218,1044 1262,1041 1307,1038 1352,1035 1397,1032 1441,1029 1486,1029 1531,1026 1576,1023 1621,1020 1665,1020 1710,1018 1755,1018 1800,1015 1844,1012 1889,1012 1934,1009 1979,1006 2024,1003 2068,1000 2113,1000 2158,997 2203,997 2247,994 2292,991 2337,988 2382,988 2427,985 2471,985 2516,982 2561,979 2606,976 2650,973 2695,970 2740,970 2785,970 2830,964 2874,964 2919,961 2964,961"/>
                <TextEquiv>
                    <Unicode>geht’s mir immer,wenn ich ihn längere Zeit</Unicode>
                </TextEquiv>
            </TextLine>
            <TextLine id="tr_1_tl_6" custom="readingOrder {index:5;}">
                <Coords points="946,1234 2930,1146 2974,1020 2098,1105 952,1064"/>
                <Baseline points="961,1215 1006,1209 1050,1206 1095,1203 1140,1200 1185,1197 1229,1194 1274,1194 1319,1191 1364,1188 1409,1185 1453,1185 1498,1182 1543,1179 1588,1179 1632,1179 1677,1176 1722,1173 1767,1173 1812,1170 1856,1167 1901,1164 1946,1161 1991,1161 2036,1161 2080,1155 2125,1152 2170,1149 2215,1149 2259,1146 2304,1146 2349,1143 2394,1140 2439,1137 2483,1137 2528,1134 2573,1131 2618,1134 2662,1131 2707,1128 2752,1125 2797,1125 2842,1119 2886,1119 2931,1116 2976,1119"/>
                <TextEquiv>
                    <Unicode>nicht sehe. Und wenn er da ist liebe ich ihn</Unicode>
                </TextEquiv>
            </TextLine>
            <TextLine id="tr_1_tl_7" custom="readingOrder {index:6;}">
                <Coords points="958,1393 2216,1308 2780,1352 2977,1311 2983,1205 1799,1258 1293,1202 961,1302"/>
                <Baseline points="973,1373 1018,1367 1062,1361 1107,1358 1152,1355 1197,1355 1241,1352 1286,1349 1331,1346 1376,1346 1421,1343 1465,1340 1510,1334 1555,1334 1600,1331 1644,1328 1689,1328 1734,1325 1779,1325 1824,1325 1868,1322 1913,1319 1958,1316 2003,1313 2047,1310 2092,1307 2137,1304 2182,1304 2227,1301 2271,1298 2316,1298 2361,1295 2406,1295 2450,1292 2495,1292 2540,1286 2585,1283 2630,1283 2674,1280 2719,1280 2764,1274 2809,1274 2853,1271 2898,1268 2943,1268 2988,1274"/>
                <TextEquiv>
                    <Unicode>geradezu. Merkwürdig.Seine Persönlichkeit be¬</Unicode>
                </TextEquiv>
            </TextLine>
            <TextLine id="tr_1_tl_8" custom="readingOrder {index:7;}">
                <Coords points="958,1522 1766,1543 2357,1463 2845,1516 3065,1490 3071,1375 2257,1322 1987,1408 964,1399"/>
                <Baseline points="973,1513 1015,1510 1059,1507 1104,1507 1149,1504 1194,1501 1238,1501 1283,1498 1328,1498 1373,1495 1418,1492 1462,1492 1507,1486 1552,1486 1597,1483 1641,1480 1686,1477 1731,1477 1776,1474 1821,1474 1865,1471 1910,1468 1955,1465 2000,1462 2044,1462 2089,1459 2134,1456 2179,1453 2224,1453 2268,1450 2313,1450 2358,1447 2403,1444 2447,1441 2492,1441 2537,1435 2582,1435 2627,1432 2671,1429 2716,1426 2761,1426 2806,1424 2850,1424 2895,1421 2940,1418 2985,1418 3030,1412 3074,1409"/>
                <TextEquiv>
                    <Unicode>zaubert mich immer, aber eben nur seine Gegen¬</Unicode>
                </TextEquiv>
            </TextLine>
            <TextLine id="tr_1_tl_9" custom="readingOrder {index:8;}">
                <Coords points="958,1684 2730,1652 2886,1575 3077,1599 3080,1505 1566,1511 961,1602"/>
                <Baseline points="973,1662 979,1662 1023,1659 1068,1656 1113,1656 1158,1656 1203,1653 1247,1650 1292,1644 1337,1644 1382,1641 1426,1638 1471,1635 1516,1635 1561,1635 1606,1632 1650,1629 1695,1627 1740,1624 1785,1621 1830,1621 1874,1618 1919,1615 1964,1612 2009,1609 2053,1612 2098,1609 2143,1606 2188,1606 2233,1603 2277,1600 2322,1597 2367,1597 2412,1594 2456,1591 2501,1588 2546,1585 2591,1585 2636,1582 2680,1579 2725,1579 2770,1579 2815,1576 2859,1573 2904,1570 2949,1570 2994,1567 3039,1564 3083,1567"/>
                <TextEquiv>
                    <Unicode>wart.Es muss in seinen Augen, in seiner Stimme</Unicode>
                </TextEquiv>
            </TextLine>
            <TextLine id="tr_1_tl_10" custom="readingOrder {index:9;}">
                <Coords points="964,1822 2730,1796 3118,1737 3124,1640 970,1675"/>
                <Baseline points="979,1806 1023,1806 1068,1806 1113,1806 1158,1803 1203,1803 1247,1800 1292,1797 1337,1794 1382,1791 1426,1788 1471,1788 1516,1785 1561,1782 1606,1779 1650,1779 1695,1776 1740,1773 1785,1770 1830,1767 1874,1764 1919,1764 1964,1761 2009,1758 2053,1755 2098,1752 2143,1752 2188,1749 2233,1749 2277,1749 2322,1746 2367,1743 2412,1740 2456,1737 2501,1737 2546,1734 2591,1731 2636,1728 2680,1728 2725,1728 2770,1725 2815,1722 2859,1722 2904,1719 2949,1719 2994,1719 3039,1713 3083,1710 3128,1716"/>
                <TextEquiv>
                    <Unicode>liegen, in irgend etwas Dämonischem.Wenn er da</Unicode>
                </TextEquiv>
            </TextLine>
            <TextLine id="tr_1_tl_11" custom="readingOrder {index:10;}">
                <Coords points="984,1963 3209,1893 3215,1760 990,1869"/>
                <Baseline points="1003,1958 1023,1955 1068,1952 1113,1949 1158,1949 1203,1946 1247,1943 1292,1943 1337,1940 1382,1940 1426,1937 1471,1934 1516,1931 1561,1928 1606,1928 1650,1925 1695,1922 1740,1919 1785,1919 1830,1916 1874,1913 1919,1913 1964,1907 2009,1904 2053,1904 2098,1901 2143,1901 2188,1898 2233,1895 2277,1895 2322,1892 2367,1889 2412,1889 2456,1889 2501,1886 2546,1883 2591,1880 2636,1877 2680,1874 2725,1874 2770,1871 2815,1871 2859,1871 2904,1868 2949,1865 2994,1865 3039,1862 3083,1859 3128,1856 3173,1856 3218,1859"/>
                <TextEquiv>
                    <Unicode>ist kann ich mich diesem Zauber nicht entziehen.</Unicode>
                </TextEquiv>
            </TextLine>
        </TextRegion>
        <TextRegion id="tr_2" custom="readingOrder {index:1;}">
            <Coords points="847,1953 3292,1953 3292,3661 847,3661"/>
            <TextLine id="tr_2_tl_1" custom="readingOrder {index:0;}">
                <Coords points="832,2113 2939,2107 3186,2060 3191,1928 1716,2016 840,1948"/>
                <Baseline points="847,2110 868,2110 913,2110 958,2110 1003,2107 1047,2104 1092,2101 1137,2098 1182,2095 1226,2092 1271,2092 1316,2089 1361,2086 1406,2086 1450,2086 1495,2083 1540,2080 1585,2077 1629,2074 1674,2074 1719,2071 1764,2071 1809,2065 1853,2062 1898,2062 1943,2062 1988,2059 2033,2056 2077,2056 2122,2053 2167,2053 2212,2047 2256,2044 2301,2044 2346,2044 2391,2041 2436,2038 2480,2038 2525,2036 2570,2030 2615,2030 2659,2027 2704,2024 2749,2024 2794,2024 2839,2021 2883,2018 2928,2018 2973,2015 3018,2012 3062,2009 3107,2009 3152,2006 3197,2003"/>
                <TextEquiv>
                    <Unicode>Pfl.: Das verstehe ich sehr gut.Und dabei ist sein</Unicode>
                </TextEquiv>
            </TextLine>
            <TextLine id="tr_2_tl_2" custom="readingOrder {index:1;}">
                <Coords points="976,2275 3106,2248 3147,2072 982,2157"/>
                <Baseline points="991,2259 1000,2259 1044,2256 1089,2256 1134,2253 1179,2250 1223,2247 1268,2244 1313,2244 1358,2241 1403,2241 1447,2239 1492,2239 1537,2236 1582,2236 1627,2233 1671,2230 1716,2227 1761,2227 1806,2224 1850,2224 1895,2218 1940,2215 1985,2215 2030,2209 2074,2209 2119,2206 2164,2206 2209,2206 2253,2203 2298,2200 2343,2200 2388,2194 2433,2194 2477,2191 2522,2188 2567,2188 2612,2185 2656,2182 2701,2182 2746,2182 2791,2179 2836,2176 2880,2176 2925,2173 2970,2170 3015,2170 3059,2167 3104,2170 3149,2170"/>
                <TextEquiv>
                    <Unicode>Zauber schon sehr im Verblassen. Noch vor zehn,</Unicode>
                </TextEquiv>
            </TextLine>
            <TextLine id="tr_2_tl_3" custom="readingOrder {index:2;}">
                <Coords points="987,2451 1904,2372 2915,2389 2921,2269 2404,2236 2134,2301 993,2325"/>
                <Baseline points="1003,2421 1044,2415 1089,2409 1134,2406 1179,2406 1223,2400 1268,2400 1313,2397 1358,2394 1403,2391 1447,2391 1492,2388 1537,2385 1582,2382 1627,2379 1671,2379 1716,2376 1761,2376 1806,2373 1850,2373 1895,2370 1940,2367 1985,2364 2030,2367 2074,2367 2119,2361 2164,2358 2209,2355 2253,2355 2298,2355 2343,2349 2388,2349 2433,2349 2477,2346 2522,2343 2567,2340 2612,2337 2656,2334 2701,2331 2746,2328 2791,2328 2836,2325 2880,2325 2925,2325"/>
                <TextEquiv>
                    <Unicode>fünfzehn Jahren war er ein fasz interender</Unicode>
                </TextEquiv>
            </TextLine>
            <TextLine id="tr_2_tl_4" custom="readingOrder {index:3;}">
                <Coords points="984,2566 1414,2557 1610,2595 1787,2539 1998,2589 2034,2580 2042,2436 1425,2416 1311,2463 1143,2436 987,2501"/>
                <Baseline points="1000,2564 1015,2564 1059,2561 1104,2561 1149,2558 1194,2555 1238,2555 1283,2552 1328,2552 1373,2549 1418,2546 1462,2543 1507,2543 1552,2540 1597,2540 1641,2537 1686,2537 1731,2531 1776,2528 1821,2525 1865,2522 1910,2519 1955,2516 2000,2516 2044,2522"/>
                <TextEquiv>
                    <Unicode>mensch, frisch, glühend.</Unicode>
                </TextEquiv>
            </TextLine>
            <TextLine id="tr_2_tl_5" custom="readingOrder {index:4;}">
                <Coords points="858,2751 2372,2660 2754,2712 2909,2671 2915,2568 1901,2607 1772,2554 861,2663"/>
                <Baseline points="877,2722 904,2722 949,2719 994,2719 1038,2716 1083,2716 1128,2713 1173,2713 1218,2710 1262,2710 1307,2707 1352,2704 1397,2704 1441,2701 1486,2698 1531,2695 1576,2695 1621,2692 1665,2689 1710,2689 1755,2686 1800,2683 1844,2680 1889,2677 1934,2677 1979,2674 2024,2671 2068,2668 2113,2668 2158,2665 2203,2665 2247,2665 2292,2662 2337,2659 2382,2656 2427,2653 2471,2650 2516,2647 2561,2645 2606,2645 2650,2642 2695,2639 2740,2639 2785,2636 2830,2636 2874,2636 2919,2636"/>
                <TextEquiv>
                    <Unicode>Hans: Dafür eignet er sich eigentlich wenig.</Unicode>
                </TextEquiv>
            </TextLine>
            <TextLine id="tr_2_tl_6" custom="readingOrder {index:5;}">
                <Coords points="858,2877 2228,2812 2710,2901 3068,2792 3071,2715 864,2745"/>
                <Baseline points="874,2874 880,2874 925,2877 970,2874 1015,2871 1059,2871 1104,2865 1149,2862 1194,2859 1238,2856 1283,2856 1328,2853 1373,2850 1418,2850 1462,2848 1507,2848 1552,2845 1597,2842 1641,2842 1686,2839 1731,2836 1776,2833 1821,2830 1865,2830 1910,2827 1955,2827 2000,2821 2044,2821 2089,2818 2134,2815 2179,2812 2224,2812 2268,2809 2313,2806 2358,2806 2403,2806 2447,2803 2492,2800 2537,2797 2582,2797 2627,2794 2671,2791 2716,2791 2761,2791 2806,2791 2850,2788 2895,2782 2940,2779 2985,2776 3030,2776 3074,2776"/>
                <TextEquiv>
                    <Unicode>Pfl.: Hüttest Du nicht etwa Lust ihn aus philo-</Unicode>
                </TextEquiv>
            </TextLine>
            <TextLine id="tr_2_tl_7" custom="readingOrder {index:6;}">
                <Coords points="1023,3039 1578,3045 2116,2971 2457,3012 2483,2883 1740,2912 1511,2856 1287,2962 1026,2962"/>
                <Baseline points="1038,3024 1056,3021 1101,3021 1146,3018 1191,3015 1235,3015 1280,3009 1325,3009 1370,3006 1415,3006 1459,3003 1504,3000 1549,2997 1594,2997 1638,2994 1683,2991 1728,2988 1773,2985 1818,2982 1862,2982 1907,2979 1952,2976 1997,2973 2041,2970 2086,2967 2131,2964 2176,2964 2221,2964 2265,2961 2310,2958 2355,2955 2400,2952 2444,2949 2489,2946"/>
                <TextEquiv>
                    <Unicode>sophischen Gründen umaubringen?</Unicode>
                </TextEquiv>
            </TextLine>
            <TextLine id="tr_2_tl_8" custom="readingOrder {index:7;}">
                <Coords points="870,3186 2613,3162 3103,3112 3144,3000 1840,2995 873,3121"/>
                <Baseline points="886,3185 904,3185 949,3182 994,3179 1038,3179 1083,3179 1128,3176 1173,3173 1218,3173 1262,3170 1307,3167 1352,3164 1397,3161 1441,3161 1486,3155 1531,3155 1576,3152 1621,3149 1665,3146 1710,3143 1755,3143 1800,3137 1844,3137 1889,3134 1934,3131 1979,3131 2024,3125 2068,3122 2113,3119 2158,3119 2203,3116 2247,3116 2292,3113 2337,3110 2382,3110 2427,3107 2471,3104 2516,3101 2561,3098 2606,3095 2650,3095 2695,3095 2740,3092 2785,3092 2830,3089 2874,3089 2919,3086 2964,3083 3009,3080 3054,3077 3098,3077 3143,3077"/>
                <TextEquiv>
                    <Unicode>Hans: Ja, wenn ich schon ehrlich reden soll, etner</Unicode>
                </TextEquiv>
            </TextLine>
            <TextLine id="tr_2_tl_9" custom="readingOrder {index:8;}">
                <Coords points="1037,3338 2363,3274 2563,3353 2889,3253 3156,3286 3162,3189 2845,3127 1046,3197"/>
                <Baseline points="1053,3334 1062,3334 1107,3331 1152,3328 1197,3328 1241,3325 1286,3322 1331,3319 1376,3316 1421,3313 1465,3310 1510,3307 1555,3304 1600,3301 1644,3298 1689,3298 1734,3295 1779,3292 1824,3289 1868,3289 1913,3286 1958,3286 2003,3283 2047,3280 2092,3277 2137,3274 2182,3274 2227,3274 2271,3268 2316,3265 2361,3265 2406,3262 2450,3262 2495,3262 2540,3257 2585,3254 2630,3251 2674,3251 2719,3248 2764,3248 2809,3245 2853,3245 2898,3239 2943,3239 2988,3239 3033,3236 3077,3233 3122,3233 3167,3239"/>
                <TextEquiv>
                    <Unicode>sehr nützlichen Menschonspeztes gehört er mü.</Unicode>
                </TextEquiv>
            </TextLine>
            <TextLine id="tr_2_tl_10" custom="readingOrder {index:9;}">
                <Coords points="1043,3506 2965,3444 3283,3391 3288,3315 1396,3324 1046,3432"/>
                <Baseline points="1059,3486 1098,3483 1143,3480 1188,3480 1232,3477 1277,3477 1322,3471 1367,3471 1412,3468 1456,3465 1501,3465 1546,3462 1591,3460 1635,3457 1680,3454 1725,3451 1770,3448 1815,3445 1859,3445 1904,3442 1949,3439 1994,3436 2038,3436 2083,3433 2128,3430 2173,3427 2218,3424 2262,3424 2307,3424 2352,3421 2397,3415 2442,3415 2486,3412 2531,3409 2576,3409 2621,3406 2665,3403 2710,3400 2755,3400 2800,3400 2845,3397 2889,3394 2934,3394 2979,3394 3024,3388 3068,3388 3113,3388 3158,3385 3203,3385 3248,3382 3292,3379"/>
                <TextEquiv>
                    <Unicode>eben nicht an.Wenn ich über ihn nachdenke ist er</Unicode>
                </TextEquiv>
            </TextLine>
            <TextLine id="tr_2_tl_11" custom="readingOrder {index:10;}">
                <Coords points="1029,3694 3194,3588 3265,3447 2792,3500 2577,3438 2357,3512 2060,3441 1619,3574 1317,3477 1034,3582"/>
                <Baseline points="1047,3651 1071,3648 1116,3648 1161,3645 1206,3645 1250,3639 1295,3639 1340,3633 1385,3630 1429,3633 1474,3630 1519,3627 1564,3624 1609,3621 1653,3621 1698,3618 1743,3615 1788,3609 1832,3609 1877,3606 1922,3603 1967,3600 2012,3597 2056,3594 2101,3594 2146,3591 2191,3588 2236,3585 2280,3585 2325,3582 2370,3579 2415,3576 2459,3576 2504,3573 2549,3570 2594,3567 2639,3567 2683,3567 2728,3564 2773,3564 2818,3561 2862,3558 2907,3555 2952,3552 2997,3552 3042,3552 3086,3543 3131,3543 3176,3543 3221,3540 3265,3543"/>
                <TextEquiv>
                    <Unicode>mir eher unsympathisch wie alle Leute, die ihre</Unicode>
                </TextEquiv>
            </TextLine>
        </TextRegion>
    </Page>
</PcGts>
