3368 4040
2731 281 2852 419 84
1039 406 2837 593 Was ist das für ein Haus? Ich kann gar
1049 593 2923 766 niemandem mehr die Hand reichen. Ich will
1047 726 2893 901 nichts mehr wissen. Lieber naakt vor dem
1034 886 2879 1059 Schah von Persien tanzen und seinem Ho.
1039 1042 2874 1209 als alle diese Lügen. Ich gehe, ich gehe.
1034 1202 2795 1359 Sag denen drin was Du villst. Mach Du
1034 1327 2854 1544 was Du willst. Ich halt’s nicht aus. Ja
1037 1500 3012 1682 Sei nicht traurig. Jetzt tust Du mir schon
1037 1650 2960 1810 wieder leid. Ihr seid's halt so. Was soll
1024 1807 2884 1995 man da machen. Ich schreib Dir,wenn ich
1034 1940 2824 2157 wieder zu Hause bin. Es wird sich schon
1037 2093 2807 2273 wieder legen.Ich bin ja so ein Kameel.
1017 2241 2893 2445 Wahrsche inlich ist doch alles nur Bifer¬
1034 2421 2953 2598 sucht. Es ist nicht schön, sein,sto her.Auf
1034 2573 2992 2728 dem Land ist es schon schöner. Metne klei-
1029 2701 1926 2918 nen Nichten. Adieu.
