3592 4392
662 722 2737 902 Der Junggeselle kommt. Ihre Mutter wollte mit
659 902 1245 1062 mir fliehen.
662 1027 2007 1223 Nun, warum taten Sie’s nicht?
667 1190 2781 1378 Mein Entschluss ist, es zu sagen. Ich bin wahn-
678 1373 1002 1479 sinnig.
673 1533 2304 1661 Sie sind mehr als das - ein Schurke!
681 1667 2865 1798 V.Akt. Die Schauspielerin ist die intimste Freun-
667 1776 2803 1988 din, also geht der Junge zu ihr und biettet sie:
665 1967 2323 2097 Retten Sie uns. Eventuell Schwester?
673 2100 2539 2225 Oder der Vater merkt, dass etwas vorgeht.
681 2244 2721 2375 Oder er hat Briefe gefunden, aus denen hervor
673 2400 910 2539 geht.
673 2506 2808 2724 Schluss: Die Schwester geht Schauspieleringeht
667 2716 2803 2857 zu ihrer Schwester aufs Gut, zur verheirateten.
