3544 4232
272 243 372 449 4.
239 292 2841 598 sich diese seiner Niederpangs freule. wie
176 505 2844 867 nicht behielt. Er läßt sich aber er als übrige
209 754 2661 1083 na Weilen, von Knuß... läßt sich mit
286 1003 2744 1243 genügern abfinden, in hält er für genug.
239 1146 2814 1512 Wie man ihr dahin seinen Masse rechten
223 1445 794 1675 könnte!
552 1568 2768 1841 1 ln. von ihr lassen den, ist überlegen
339 1658 488 1857 e
229 1814 2748 2087 ohne todtmeintalétät und ein sein;
262 2057 2087 2342 Nun d. Einsamkeit ertragen.
299 2209 2781 2515 Nun komt der Arzt erst und theilt mit, ihr
266 2499 1475 2734 De Trei gestorben ist?...
346 2532 2728 2864 aber it leven wiss in the Kindern...
1651 2751 2764 3030 gedtion, nach so
346 2861 1648 3153 Salo jetzt auf der A.
253 3010 2499 3429 den. Der hat er noch nicht erlebt!
