3432 4104
656 504 2947 705 ist.Er hasst Pflugfelder.Er will diesen Bur-
654 671 1780 860 schen für sich haben.
648 814 2915 972 Durch Sala wird er aufgereizt, der ihm sagt,
651 949 2918 1135 Sie sind keiner ordentlichen Schurkerei fä-
656 1092 2812 1273 hig. Immer nur kleiner,vorsichtiger. Leute
665 1267 2706 1433 wie Sie sollen nicht sentimental seien.
671 1413 2969 1585 Julian: Kraft Menschen zu haben, zu gewinnen.
676 1588 2792 1743 Immerhin hat Maria die Mutter mit Julian
668 1674 2780 1869 fort wollen. Aber er ist geflohen, wollte
674 1892 2740 2032 sich nicht binden, hatte Angst mit einer
679 2035 1998 2218 Frau, einem Kind zu leben.
682 2175 2941 2373 Er war auch nicht reich, ist erst später be-
685 2359 1488 2528 rühmt geworden.
688 2462 2800 2689 Marie hat die Feigheit begangen nicht zu
696 2674 1132 2852 sterben.
702 2754 2852 2969 Ich wäre es wert gewesen sagt er zu Sala.
696 2904 2855 3159 Wozu solche Leute wie Pflugfelder? Solche
699 3081 2904 3276 Nichtse? Ich werde ihn einfach diesem Kerl
708 3308 1253 3471 wegnehmen.
699 3431 2909 3586 Bisher konnte er es nicht,weil er es Marie
719 3574 1645 3761 versprochen hatte.
