3448 4056
2751 271 2882 453 33
747 447 3052 655 Hans: Dann riet mir der Professor doch jedenfalls
890 613 3016 807 nach Rom zu Ladri zu gehen. Er will mir an ihn
899 765 2835 926 eine Empfehlung geben.Er hält ihn für den
944 911 3135 1108 absolut ersten Gehirnphystologen der Gegenwart.
741 1063 2900 1271 Pfl.: Das kann ich leider nicht so beurteilen.
890 1224 2168 1390 Wars t Du lange bei Bertram?
744 1393 2930 1545 Hans: Ueber eine Stunde. Wir sprachen noch men¬
899 1510 3138 1682 cherlei. Er hat eine ausserordentliche Sympathie
893 1679 2849 1849 für Dich.Er beneidet Dich sogar ein wenig.
738 1834 3132 2001 Pfl.: Das ist mir neu. Um was beneidet er mich denn?
738 1977 3046 2168 Hans: Er behauptet,Du setest der einzige Arzt, der
884 2129 3129 2322 sich für seine Kranhen wirklich in höherem Sinne
890 2272 1498 2453 interessiert.
732 2418 1176 2599 Pfl.: Oh.
732 2567 3040 2718 Hans: Ja.Er wurde sehr expanstv.Wenn die Menschen
875 2698 2858 2903 ahnten wie gleichgültig sie mir eigentlich
881 2894 2966 3058 sind, sagte er,es würde sie vor mir schaudern.
724 2998 2992 3207 Pfl.: Was tut's Øber Fall ist ihm nicht gleichgül
884 3162 2522 3338 tig.Das kommt aufs dasselbe heraus.
729 3332 2995 3507 Hans: Nun, von da aus wurde es mir leicht auf das
872 3463 2939 3674 Überzugehen, was ich ihm weiter sagen musste.
