<?xml version="1.0" encoding="UTF-8" standalone="yes"?>
<PcGts xmlns="http://schema.primaresearch.org/PAGE/gts/pagecontent/2013-07-15" xmlns:xsi="http://www.w3.org/2001/XMLSchema-instance" xsi:schemaLocation="http://schema.primaresearch.org/PAGE/gts/pagecontent/2013-07-15 http://schema.primaresearch.org/PAGE/gts/pagecontent/2013-07-15/pagecontent.xsd">
    <Metadata>
        <Creator>prov=READ-COOP:name=TrHtr:version=2.1.0:model_id=51170:date=28_07_2023_17:24</Creator>
        <Created>2023-05-10T11:40:26.413+02:00</Created>
        <LastChange>2023-07-28T17:24:58.673+02:00</LastChange>
        <TranskribusMetadata docId="1428169" pageId="55390296" pageNr="107" tsid="131366908" status="IN_PROGRESS" userId="64420" imgUrl="https://files.transkribus.eu/Get?id=GNGOVQAYAMRMLAECOUWEVRXB&amp;fileType=view" xmlUrl="https://files.transkribus.eu/Get?id=PBYAZQNIOELJTQUJBOSDWZGR" imageId="44665182"/>
    </Metadata>
    <Page imageFilename="1428169_0107.jpg" imageWidth="3464" imageHeight="4056">
        <ReadingOrder>
            <OrderedGroup id="ro_1711803455876" caption="Regions reading order">
                <RegionRefIndexed index="0" regionRef="tr_1"/>
                <RegionRefIndexed index="1" regionRef="tr_2"/>
            </OrderedGroup>
        </ReadingOrder>
        <TextRegion id="tr_1" custom="readingOrder {index:0;}">
            <Coords points="665,382 3065,382 3065,2499 665,2499"/>
            <TextLine id="tr_1_tl_1" custom="readingOrder {index:0;}">
                <Coords points="2693,469 2726,466 2752,449 2769,455 2781,452 2787,458 2813,455 2810,338 2761,332 2743,341 2705,315 2691,318"/>
                <Baseline points="2709,432 2754,432 2799,432 2820,435"/>
                <TextEquiv>
                    <Unicode>37.</Unicode>
                </TextEquiv>
            </TextLine>
            <TextLine id="tr_1_tl_2" custom="readingOrder {index:1;}">
                <Coords points="665,735 866,685 991,755 1108,749 1291,691 1562,732 1670,705 1851,775 1822,568 1737,612 1530,592 1423,533 1172,606 834,551 665,577"/>
                <Baseline points="680,671 725,671 770,671 814,668 859,668 904,668 949,668 993,668 1038,668 1083,668 1128,668 1172,671 1217,668 1262,671 1307,668 1352,668 1396,668 1441,671 1486,668 1531,668 1575,668 1620,668 1665,668 1710,671 1754,671 1799,674 1844,674 1859,674"/>
                <TextEquiv>
                    <Unicode>noch einmal zurückhehrst.</Unicode>
                </TextEquiv>
            </TextLine>
            <TextLine id="tr_1_tl_3" custom="readingOrder {index:2;}">
                <Coords points="659,892 813,848 1128,927 1230,869 1583,886 1583,732 1332,775 1204,735 860,787 659,761"/>
                <Baseline points="674,838 695,835 740,832 784,835 829,835 874,832 919,835 964,835 1008,835 1053,832 1098,835 1143,835 1187,835 1232,835 1277,835 1322,835 1366,835 1411,835 1456,832 1501,835 1545,835 1590,835"/>
                <TextEquiv>
                    <Unicode>Hans: Wohin zurück?</Unicode>
                </TextEquiv>
            </TextLine>
            <TextLine id="tr_1_tl_4" custom="readingOrder {index:3;}">
                <Coords points="656,1020 1796,1084 1941,1020 2912,1023 2912,921 2734,950 2489,857 2038,933 1685,869 656,909"/>
                <Baseline points="671,981 716,984 761,987 805,987 850,984 895,987 940,984 984,984 1029,984 1074,981 1119,984 1163,984 1208,984 1253,984 1298,984 1343,984 1387,984 1432,984 1477,984 1522,984 1566,984 1611,984 1656,984 1701,984 1745,984 1790,984 1835,984 1880,984 1925,984 1969,984 2014,984 2059,984 2104,984 2148,984 2193,984 2238,984 2283,984 2327,984 2372,981 2417,984 2462,984 2507,981 2551,984 2596,984 2641,984 2686,984 2730,984 2775,984 2820,984 2865,984 2909,978 2918,981"/>
                <TextEquiv>
                    <Unicode>Pfl.: In die Praxis.Du musst auch allmählich zur</Unicode>
                </TextEquiv>
            </TextLine>
            <TextLine id="tr_1_tl_5" custom="readingOrder {index:4;}">
                <Coords points="799,1160 1081,1210 1393,1160 1699,1236 2061,1143 2801,1186 2828,1049 799,1070"/>
                <Baseline points="814,1125 859,1128 904,1128 949,1128 993,1131 1038,1128 1083,1131 1128,1131 1172,1131 1217,1131 1262,1131 1307,1131 1352,1134 1396,1134 1441,1134 1486,1131 1531,1131 1575,1134 1620,1134 1665,1134 1710,1131 1754,1131 1799,1134 1844,1131 1889,1131 1933,1131 1978,1131 2023,1131 2068,1131 2113,1131 2157,1131 2202,1131 2247,1131 2292,1131 2336,1134 2381,1134 2426,1131 2471,1134 2515,1131 2560,1131 2605,1131 2650,1131 2695,1134 2739,1134 2784,1131 2829,1137 2835,1140"/>
                <TextEquiv>
                    <Unicode>Ueberzeugung gelangen, dass wtr nicht gar so</Unicode>
                </TextEquiv>
            </TextLine>
            <TextLine id="tr_1_tl_6" custom="readingOrder {index:5;}">
                <Coords points="796,1318 2865,1347 2906,1181 796,1224"/>
                <Baseline points="811,1274 856,1277 901,1277 946,1280 990,1277 1035,1280 1080,1280 1125,1280 1169,1280 1214,1280 1259,1280 1304,1283 1349,1283 1393,1283 1438,1283 1483,1283 1528,1283 1572,1280 1617,1280 1662,1277 1707,1280 1751,1280 1796,1280 1841,1280 1886,1283 1931,1280 1975,1283 2020,1283 2065,1283 2110,1283 2154,1283 2199,1280 2244,1280 2289,1280 2333,1280 2378,1280 2423,1280 2468,1280 2512,1283 2557,1283 2602,1283 2647,1280 2692,1280 2736,1280 2781,1280 2826,1280 2871,1280 2912,1283"/>
                <TextEquiv>
                    <Unicode>armselig sind als es auf den ersten Blick den</Unicode>
                </TextEquiv>
            </TextLine>
            <TextLine id="tr_1_tl_7" custom="readingOrder {index:6;}">
                <Coords points="781,1437 1149,1510 2387,1434 2912,1495 2874,1344 781,1361"/>
                <Baseline points="796,1426 841,1426 886,1426 931,1426 975,1429 1020,1429 1065,1429 1110,1429 1155,1429 1199,1429 1244,1429 1289,1429 1334,1429 1378,1429 1423,1429 1468,1429 1513,1429 1557,1429 1602,1429 1647,1429 1692,1429 1737,1426 1781,1426 1826,1426 1871,1429 1916,1429 1960,1429 2005,1429 2050,1429 2095,1429 2139,1429 2184,1429 2229,1429 2274,1432 2318,1432 2363,1432 2408,1432 2453,1429 2498,1432 2542,1432 2587,1432 2632,1429 2677,1429 2721,1432 2766,1432 2811,1435 2856,1435 2900,1432 2918,1429"/>
                <TextEquiv>
                    <Unicode>Anschein hat. Wir haben ein Recht, das uns nto</Unicode>
                </TextEquiv>
            </TextLine>
            <TextLine id="tr_1_tl_8" custom="readingOrder {index:7;}">
                <Coords points="790,1595 1090,1691 1364,1624 2382,1632 2382,1533 2265,1484 1778,1545 1513,1492 790,1539"/>
                <Baseline points="805,1572 850,1575 895,1578 940,1575 984,1578 1029,1578 1074,1578 1119,1578 1163,1578 1208,1575 1253,1578 1298,1578 1343,1578 1387,1581 1432,1581 1477,1581 1522,1581 1566,1581 1611,1578 1656,1578 1701,1581 1745,1578 1790,1578 1835,1581 1880,1581 1925,1581 1969,1578 2014,1581 2059,1581 2104,1581 2148,1581 2193,1581 2238,1578 2283,1581 2327,1584 2372,1584 2390,1584"/>
                <TextEquiv>
                    <Unicode>mand nehmen kann,wir dürfen lügen.</Unicode>
                </TextEquiv>
            </TextLine>
            <TextLine id="tr_1_tl_9" custom="readingOrder {index:8;}">
                <Coords points="653,1761 2915,1822 2915,1615 2696,1691 653,1667"/>
                <Baseline points="668,1728 713,1725 758,1728 802,1728 847,1728 892,1728 937,1728 981,1728 1026,1731 1071,1731 1116,1731 1160,1728 1205,1731 1250,1731 1295,1731 1340,1731 1384,1731 1429,1731 1474,1731 1519,1734 1563,1734 1608,1734 1653,1731 1698,1731 1742,1734 1787,1734 1832,1734 1877,1734 1922,1731 1966,1731 2011,1731 2056,1731 2101,1731 2145,1734 2190,1734 2235,1734 2280,1734 2324,1737 2369,1734 2414,1737 2459,1737 2504,1737 2548,1734 2593,1734 2638,1734 2683,1734 2727,1737 2772,1734 2817,1734 2862,1734 2906,1737 2921,1737"/>
                <TextEquiv>
                    <Unicode>Hans: Das ist nicht wenig, ich verlange aber noch</Unicode>
                </TextEquiv>
            </TextLine>
            <TextLine id="tr_1_tl_10" custom="readingOrder {index:9;}">
                <Coords points="793,1921 1067,1971 1207,1909 1877,1915 2000,1976 2309,1903 2635,1962 2758,1921 2758,1813 793,1816"/>
                <Baseline points="808,1877 853,1877 898,1874 943,1877 987,1874 1032,1877 1077,1874 1122,1877 1166,1877 1211,1877 1256,1877 1301,1877 1346,1877 1390,1877 1435,1877 1480,1877 1525,1877 1569,1874 1614,1877 1659,1877 1704,1877 1748,1877 1793,1877 1838,1880 1883,1880 1928,1877 1972,1877 2017,1877 2062,1877 2107,1877 2151,1877 2196,1877 2241,1877 2286,1880 2330,1880 2375,1880 2420,1880 2465,1880 2510,1880 2554,1877 2599,1880 2644,1880 2689,1880 2733,1883 2766,1886"/>
                <TextEquiv>
                    <Unicode>ein andres, das zu töten,pann es nötig tst.</Unicode>
                </TextEquiv>
            </TextLine>
            <TextLine id="tr_1_tl_11" custom="readingOrder {index:10;}">
                <Coords points="650,2078 2781,2116 2988,2049 2988,1915 2253,1994 650,1956"/>
                <Baseline points="665,2026 710,2035 755,2035 799,2035 844,2035 889,2035 934,2035 978,2035 1023,2035 1068,2038 1113,2035 1158,2032 1202,2032 1247,2035 1292,2035 1337,2038 1381,2038 1426,2035 1471,2035 1516,2035 1560,2035 1605,2032 1650,2032 1695,2032 1739,2032 1784,2035 1829,2032 1874,2032 1919,2032 1963,2035 2008,2035 2053,2032 2098,2035 2142,2032 2187,2035 2232,2035 2277,2035 2321,2032 2366,2032 2411,2035 2456,2035 2501,2032 2545,2035 2590,2035 2635,2035 2680,2035 2724,2038 2769,2038 2814,2041 2859,2044 2903,2038 2948,2038 2993,2035 2996,2035"/>
                <TextEquiv>
                    <Unicode>Pfl.: Oh. (Bevegte Pause.Sie sehen einander en).</Unicode>
                </TextEquiv>
            </TextLine>
            <TextLine id="tr_1_tl_12" custom="readingOrder {index:11;}">
                <Coords points="775,2215 2763,2245 3061,2212 3061,2087 775,2125"/>
                <Baseline points="790,2178 826,2181 871,2181 916,2181 961,2184 1005,2181 1050,2184 1095,2184 1140,2184 1184,2184 1229,2184 1274,2187 1319,2184 1363,2184 1408,2184 1453,2184 1498,2184 1543,2181 1587,2184 1632,2184 1677,2184 1722,2187 1766,2184 1811,2184 1856,2184 1901,2184 1945,2184 1990,2184 2035,2184 2080,2184 2124,2184 2169,2187 2214,2184 2259,2184 2304,2184 2348,2187 2393,2184 2438,2187 2483,2187 2527,2187 2572,2187 2617,2184 2662,2187 2706,2187 2751,2190 2796,2187 2841,2187 2886,2187 2930,2187 2975,2187 3020,2184 3065,2175"/>
                <TextEquiv>
                    <Unicode>Du vergtsst nur, die Leute wollen meistens uoiter-</Unicode>
                </TextEquiv>
            </TextLine>
            <TextLine id="tr_1_tl_13" custom="readingOrder {index:12;}">
                <Coords points="775,2367 1251,2417 2539,2344 2726,2417 2991,2367 2991,2274 775,2280"/>
                <Baseline points="790,2330 835,2327 880,2327 925,2327 969,2330 1014,2330 1059,2330 1104,2330 1149,2333 1193,2333 1238,2330 1283,2330 1328,2330 1372,2330 1417,2330 1462,2330 1507,2327 1551,2330 1596,2330 1641,2330 1686,2330 1731,2330 1775,2330 1820,2330 1865,2333 1910,2330 1954,2330 1999,2330 2044,2330 2089,2330 2133,2330 2178,2330 2223,2330 2268,2333 2313,2333 2357,2333 2402,2333 2447,2333 2492,2333 2536,2333 2581,2333 2626,2333 2671,2333 2715,2336 2760,2333 2805,2333 2850,2333 2895,2333 2939,2333 2984,2330 2999,2330"/>
                <TextEquiv>
                    <Unicode>leben um jeden Prets.Unter tausend Qualen,wenns</Unicode>
                </TextEquiv>
            </TextLine>
            <TextLine id="tr_1_tl_14" custom="readingOrder {index:13;}">
                <Coords points="784,2498 1927,2574 2661,2527 2661,2425 2501,2405 784,2414"/>
                <Baseline points="799,2483 844,2480 889,2480 934,2480 978,2480 1023,2480 1068,2480 1113,2480 1158,2480 1202,2483 1247,2480 1292,2483 1337,2483 1381,2483 1426,2483 1471,2483 1516,2483 1560,2483 1605,2483 1650,2483 1695,2483 1739,2483 1784,2483 1829,2486 1874,2483 1919,2483 1963,2483 2008,2483 2053,2483 2098,2483 2142,2483 2187,2483 2232,2483 2277,2483 2321,2486 2366,2486 2411,2486 2456,2483 2501,2483 2545,2483 2590,2486 2635,2486 2665,2489"/>
                <TextEquiv>
                    <Unicode>nicht anders geht, aber sie wollen leben.</Unicode>
                </TextEquiv>
            </TextLine>
        </TextRegion>
        <TextRegion id="tr_2" custom="readingOrder {index:1;}">
            <Coords points="644,2582 2978,2582 2978,3552 644,3552"/>
            <TextLine id="tr_2_tl_1" custom="readingOrder {index:0;}">
                <Coords points="638,2691 2860,2693 2860,2586 2600,2539 1621,2609 638,2539"/>
                <Baseline points="653,2632 698,2632 743,2635 787,2635 832,2638 877,2638 922,2638 966,2638 1011,2635 1056,2638 1101,2635 1146,2638 1190,2638 1235,2638 1280,2638 1325,2638 1369,2638 1414,2641 1459,2641 1504,2638 1548,2638 1593,2641 1638,2641 1683,2638 1728,2638 1772,2638 1817,2638 1862,2638 1907,2638 1951,2638 1996,2638 2041,2638 2086,2638 2130,2638 2175,2638 2220,2641 2265,2641 2310,2641 2354,2641 2399,2641 2444,2641 2489,2641 2533,2644 2578,2644 2623,2644 2668,2647 2712,2647 2757,2644 2802,2644 2847,2647 2868,2647"/>
                <TextEquiv>
                    <Unicode>Hans: Man sollte sie eben manchmal nicht fragen</Unicode>
                </TextEquiv>
            </TextLine>
            <TextLine id="tr_2_tl_2" custom="readingOrder {index:1;}">
                <Coords points="778,2865 799,2871 837,2845 866,2851 933,2801 965,2801 1032,2857 1046,2842 1067,2857 1125,2854 1119,2720 1032,2702 997,2720 877,2685 842,2720 772,2728"/>
                <Baseline points="790,2778 832,2784 877,2784 922,2787 966,2784 1011,2787 1056,2787 1101,2790 1131,2793"/>
                <TextEquiv>
                    <Unicode>miissen.</Unicode>
                </TextEquiv>
            </TextLine>
            <TextLine id="tr_2_tl_3" custom="readingOrder {index:2;}">
                <Coords points="630,2944 1224,3032 1851,2973 2180,3049 2492,2950 2973,3011 2973,2860 630,2865"/>
                <Baseline points="647,2942 692,2945 737,2942 781,2945 826,2942 871,2945 916,2942 961,2942 1005,2942 1050,2942 1095,2942 1140,2942 1184,2942 1229,2942 1274,2942 1319,2942 1363,2942 1408,2942 1453,2945 1498,2945 1543,2945 1587,2945 1632,2945 1677,2945 1722,2945 1766,2945 1811,2942 1856,2942 1901,2945 1945,2945 1990,2945 2035,2945 2080,2945 2124,2942 2169,2942 2214,2945 2259,2945 2304,2948 2348,2948 2393,2948 2438,2948 2483,2948 2527,2951 2572,2948 2617,2945 2662,2948 2706,2948 2751,2951 2796,2948 2841,2948 2886,2948 2930,2948 2975,2945 2978,2945"/>
                <TextEquiv>
                    <Unicode>Pfl.: Einverstanden, mein lieber Hans,so bald jodor</Unicode>
                </TextEquiv>
            </TextLine>
            <TextLine id="tr_2_tl_4" custom="readingOrder {index:3;}">
                <Coords points="767,3116 1755,3189 2140,3110 2486,3180 2892,3131 2854,2994 767,3020"/>
                <Baseline points="784,3089 829,3091 874,3091 919,3091 964,3091 1008,3091 1053,3094 1098,3094 1143,3094 1187,3094 1232,3094 1277,3094 1322,3097 1366,3097 1411,3097 1456,3094 1501,3094 1545,3097 1590,3097 1635,3097 1680,3097 1725,3097 1769,3097 1814,3097 1859,3097 1904,3100 1948,3100 1993,3100 2038,3100 2083,3097 2127,3097 2172,3097 2217,3097 2262,3097 2307,3100 2351,3100 2396,3100 2441,3097 2486,3100 2530,3100 2575,3100 2620,3097 2665,3100 2709,3100 2754,3100 2799,3100 2844,3100 2889,3097 2900,3100"/>
                <TextEquiv>
                    <Unicode>Kranke ein Philosoph und jeder Arzt unfehlber</Unicode>
                </TextEquiv>
            </TextLine>
            <TextLine id="tr_2_tl_5" custom="readingOrder {index:4;}">
                <Coords points="778,3300 842,3309 942,3271 977,3297 1076,3285 1186,3332 1251,3320 1251,3137 1154,3172 1111,3154 1000,3166 971,3137 918,3142 898,3163 834,3125 778,3151"/>
                <Baseline points="793,3247 838,3244 883,3244 928,3244 972,3244 1017,3247 1062,3247 1107,3247 1152,3244 1196,3247 1241,3247 1259,3247"/>
                <TextEquiv>
                    <Unicode>sein wird.</Unicode>
                </TextEquiv>
            </TextLine>
            <TextLine id="tr_2_tl_6" custom="readingOrder {index:5;}">
                <Coords points="627,3448 2947,3478 2921,3303 627,3320"/>
                <Baseline points="644,3390 689,3393 734,3393 778,3393 823,3393 868,3393 913,3396 958,3396 1002,3396 1047,3393 1092,3396 1137,3396 1181,3396 1226,3396 1271,3396 1316,3396 1360,3396 1405,3396 1450,3396 1495,3396 1540,3396 1584,3399 1629,3399 1674,3399 1719,3399 1763,3402 1808,3402 1853,3402 1898,3402 1942,3402 1987,3399 2032,3399 2077,3402 2122,3399 2166,3402 2211,3402 2256,3402 2301,3402 2345,3402 2390,3402 2435,3402 2480,3402 2524,3402 2569,3405 2614,3402 2659,3402 2704,3402 2748,3402 2793,3402 2838,3402 2883,3399 2927,3399 2954,3396"/>
                <TextEquiv>
                    <Unicode>Hans: Unter uns Vater, sie steht es nun eigentlich</Unicode>
                </TextEquiv>
            </TextLine>
            <TextLine id="tr_2_tl_7" custom="readingOrder {index:6;}">
                <Coords points="758,3618 933,3597 994,3638 1014,3623 1122,3650 1213,3644 1213,3454 1160,3443 1081,3472 1006,3440 944,3481 857,3469 758,3492"/>
                <Baseline points="775,3542 817,3539 862,3542 907,3542 952,3542 996,3542 1041,3542 1086,3542 1131,3542 1175,3542 1220,3539"/>
                <TextEquiv>
                    <Unicode>mit Sala?</Unicode>
                </TextEquiv>
            </TextLine>
        </TextRegion>
    </Page>
</PcGts>
