3464 4184
2971 369 3063 517 2
687 547 2986 770 Darüber der brave Vater wütend;wirft ihn hi-
681 746 961 892 naus.
690 836 3060 1023 Oder er hat ein Mädchen verführt, das sich um
699 1038 2923 1216 gebracht hat (und ihren Bruder im Duell er.
693 1184 1243 1368 schossen?)
699 1338 1888 1517 Eine Freundin Johannas.
702 1463 3030 1650 Das Wesentliche bleibt immer, dass Julian den
696 1665 3078 1805 Sohn braucht, ihn liebt und dass sich Hans ihm
717 1838 1297 1981 verweigert.
732 1948 3081 2111 Dass Hans gerade durch die Erfahrung mit sei-
702 2114 2382 2281 nem Vater sich von ihm abwendet.
1695 2278 3096 2433 bleibt, wie er einkassieren
714 2293 1270 2456 Julian, der
717 2418 978 2578 will.
711 2543 2019 2721 Er hält sich für mächtig.
729 2727 3122 2864 Vielleicht Beginn: Ich habe diesen Burschen auf
726 2879 2890 3048 der Reise getroffen, ich werde ihn einfach
726 3039 1303 3203 adoptieren.
732 3209 1983 3345 Vergessen Sie, der Vater.
726 3295 3105 3530 Ach der, das geschieht allmählich, ich werde es
737 3533 1279 3670 ihm sagen.
735 3619 3012 3842 Der Mutter hab ich geschworen, zu ihren Leb-
