3384 4104
2607 293 2700 449 7
586 494 2641 708 Ich will ihn diesem alten B. wegnehmen?
602 675 2582 812 Irene.Die Szene aus der alten Fassung.
605 781 2833 965 Irene: Wenn man einen Sohn hat,hol ihn dir.
608 993 2030 1110 Julian Zorn auf das Altern.
605 1149 1314 1314 Der Arzt mit?
608 1261 2750 1478 Dritter Akt.Vielle icht Verwandlung des 2.
614 1450 945 1592 Aktes.
625 1581 2758 1768 Wie Julian hinkommt.Gespräch mit Bonifaz,
625 1751 1573 1896 dem Karl beiwohnt.
633 1908 2872 2061 Tiefer Unterschied zwischen Bonifaz und Ju-
639 2086 909 2198 lian.
639 2181 2739 2359 Gespräch Johanna-Karl.Die vergangene Art
636 2390 1333 2535 des Verkehrs.
647 2515 2396 2674 Liebe des Vaters zur toten Mutter.
641 2613 2694 2850 Eventuell jenem alten Freundedes Hauses
650 2805 2535 3015 Arzt eine seltsame Rolle zuzuteilen.
644 2970 2797 3165 Auch ein Egoist,dem alles Schauspiel ist.
692 3123 2161 3285 (der sich das nur einredet!)
655 3224 2870 3427 Gespräch mit Karl. Dieser sagt Julian :Ich
658 3425 2817 3628 wei ss alles. Nun, ich will dich bei mir ha¬
658 3606 2766 3821 ben. Warum?" Ich durfte es tun.Nein, nein.
