3480 4088
2594 319 2740 469 50
815 522 1481 752 unsere Plätze.
669 633 3060 860 Julian: Ja, aber wir sind doch nie was anderes gewe¬
827 845 1498 1039 sen als Gäste.
687 949 3089 1158 Sala: Wollen Sie sich beklagen? Sie waren Ihr Lobtag
833 1134 2875 1355 lieber Einer, der fortgehen kann, wann es ihm
845 1260 2869 1484 beliebt, als einer der bleiben muss,wenn der
845 1445 2119 1654 Tisch schson abgeräumt ist.
710 1609 2167 1794 Stubenmädchen (mit Ueberzieher).
716 1752 3110 1949 Sala: Ich begleite Sie die Treppe hinunter. Ich muss
863 1934 1251 2110 zu Bett.
731 2018 2937 2263 Pfl.: Nun, für den Fall, dass ich Dich nicht mehr
863 2200 3110 2394 antreffen sollte, auf Wiedersehen möglichst bald.
860 2337 3081 2546 Wir wollen nun doch öfters beisammen sein,nicht
884 2487 2988 2689 wahr? Wir wollen vielleicht wieder Abende be¬
884 2660 2985 2851 stimmen sie in früherer Zeit,an denen wir zu-
887 2818 3092 2979 sammenkommen.Drei alte Junggeselien. Nun adteu.
896 2976 1558 3173 (ab mit Sala).
749 3275 1337 3481 Julian, Hans.
764 3334 2845 3609 Julian: Wann fährst Du denn schon fort,Hans?
764 3591 1755 3779 Hans: In einer Woche.
