3560 4216
300 235 431 434 6
134 268 2767 670 Nun geht selben wird u de saus kreitag.
140 545 2606 882 Nur um weit zu Kail wurde &
183 755 2551 1120 rerte... E. hat dem Auf no stolge
193 947 2567 1424 Gefehl, daß er die Macht neben Mensch
147 1271 1963 1643 noch nicht verloren hat.
1747 1453 2763 1738 Haufe. E. Will
225 1538 1767 1885 gelees Karl komt nach
245 1715 2688 2087 vor la Rilssame with and sichte
238 2110 1369 2316 nommen an.
2241 2077 2685 2352 Karl
346 2169 2143 2580 at Argt Nunt... aufel il
314 2502 1600 2819 Maschritweis. - -
728 2554 2773 2992 1 ihm. at Freund der Hauses
336 2816 2838 3204 nen so ist. Sal werden... der noch so
376 3119 1574 3439 den will...it
529 3198 2897 3642 2l 6s lor als mit sehr seiner
1542 3472 3080 3841 Ehe... da ist in mzufie
428 3583 1326 3903 ich liegege so
