3496 4552
2380 689 2524 803 14
715 771 2828 984 nur dich. Wenn ich wenigstens ein Kind hätte.
718 984 2938 1126 Oh, so feig, so fie! Nun hätte man es doch. Im
718 1134 2760 1316 Uebrigen, wer weiss, vielleicht hast du ein
712 1302 1858 1452 Kind, ohne es zu wissen.
723 1475 1353 1583 Ich weiss es.
720 1588 2839 1775 Nun, holo es dir, nimm's zu dir. Ich werde es
720 1753 1248 1954 lieb haben.
723 1900 1628 2087 Er ist sehr bewegt.
735 2368 2099 2510 II.Akt. Im Hause des Doktors
774 2541 2312 2660 :Der Lyriker zuerst, schwerkrank:
726 2686 2728 2828 Der Sohn kommt nach Hause :von der Klinik:
735 2822 2978 2961 Sein Entschluss ist entschieden gefasst. Er gibt
732 2981 2748 3083 die Praxis auf, geht vollkommen zur Theorie
726 3137 2856 3273 über. Ich werde nie dahin kommen, in Menschen
723 3299 2941 3457 Bettnummern zu sehen. Ich leide zu eehr. Es ist
732 3455 3009 3579 eine Schwäche; ich habe eine Ahnung, dass es eins
726 3602 1594 3767 grosse Stärke ist.
735 3724 2913 3942 Vater: Vielleicht bist du jetzt so reizbar we-
