3464 4072
2757 310 2885 459 44
696 527 2549 723 Pflugfelder,Hans,Sala,Julian tritt ein.
708 711 1668 869 Julian: Guten Abend.
699 840 1349 1015 Pfl.: Julian.
711 998 1633 1182 Hans(ihm entgegen).
705 1086 2947 1369 Sala: Guten Abend, Julian,wir haben uns ja schon
866 1299 1264 1451 gesehen.
720 1402 2836 1633 Pfl.: Ah, Sie mussten und haben uns nichts ge¬
878 1636 1150 1773 sagt?
734 1721 2765 1885 Sala: Ich dachte, er wollte Sie überraschen.
746 1867 3093 2104 Pfl.:. Wie gehts Dir, seit wann bist Du denn zurück!
749 2031 2449 2215 Julian: Heute Früh bin ich gekommen.
755 2180 2985 2353 Pfl.: Und warum hast Du so lange nichts von Dir
907 2288 3201 2525 hören lassen?Aus Venedig ist die letzte Nachricht
907 2546 1355 2695 gekommen.
770 2610 3023 2821 Julian: Set mir nicht bös.Du peisst wie das tat.
916 2757 2487 2970 Man will jeden Tag schreiben und
775 2938 2072 3140 Hans: Wo paren Sie zuletzt?
781 3078 2774 3263 Julian: In einem kleinen tirolischen Dorf.
787 3248 2909 3421 Pfl.: Jetzt bleibst Du wohl eine Wette wieder
942 3447 1296 3591 dahe im?
799 3561 1659 3784 Julian: Ich denke.
