3512 4536
2238 701 2381 861 16
576 872 2763 1086 Todgeweihte auf Frauen eine merkwürdige Anzieh¬
573 1055 2774 1158 ungskraft ausüben? Was hab' ich getan? Wozu das
576 1203 2803 1323 alles? Kinder, ich weiss, dass ich sterben muss,
576 1351 2076 1514 erspart mir doch das Hinsiechen.
596 1488 2734 1637 :Vielleicht spielt schon das Gift eine Rolle:
565 1665 1620 1808 Kasten mit den Giften.
570 1825 2863 1970 Wusste Johanna, dass ich sterben muss? Habt Ihr's
576 1973 1377 2127 irgendwem gesagt?
562 2261 2629 2424 Der Junggeselle tritt ein. Wie, welche Ueber¬
570 2429 2763 2626 raschung. Ich bin schon seit acht Tagen da. Ich
565 2555 2714 2717 bin in einem sonderbaren Studium. Ich bin sehr
567 2723 1608 2846 einsam. Niemand haben.
553 2900 2763 3068 Du weisst doch, dass es so viel Verlogenheit in
559 3039 2751 3216 Familien giebt. Wir sind für diese Frauenzimmer
559 3179 1283 3327 nichts Anderes
550 3364 2777 3550 Nur in einem Fall blieb der Sohn kalt, als sich
556 3538 2389 3644 ein junges Wesen seinetwegen umbrachte.
545 3670 2013 3883 Der Sohn wird nach Paris gehen.
545 3824 1639 3975 Der Doktor wird geholt,
