3480 4056
2700 255 2822 475 41
843 365 3119 588 Existenz immer auf dieselbe Karte setzen und end-
849 567 1890 775 lich verlieren müssen.
694 721 1849 929 Pfl.: Wie meinst Du das?
697 881 2849 1033 Hans : Für ihn hat doch nie was Anderes auf der
831 1027 2484 1193 Welt Bedeutung gehabt als das Weib.
694 1157 2908 1347 Pfl.: Da tust Du ihm Unrecht.Ich habe nie einen
831 1312 3083 1522 Menschen gesehen mit so offenen Sinnen für alles
825 1454 2846 1668 Schöne. In früheren Jahren hat er auch sehr
828 1599 2938 1813 hübsch gemalt, das heisst, dass weisst Du ja. Er
834 1748 2739 1938 war ein Dilettant, aber eine reiche Natur.
688 1932 3068 2095 Hans: Ja, das geb ich zu, aber Du sagst selbst u a r.
822 2062 3080 2249 Das kommt daher,weil alle seine Interessen,wohin
831 2217 3015 2377 sie auch gingen im Erotischen wurželten.Es hat-
843 2392 3015 2537 te doch alles nur Wert als Umgebung und Dekora-
840 2522 2929 2671 tion für die Frauen, die er liebte.An und für
828 2680 2923 2864 sich hat weder Kunst noch Natur das Gertngste
822 2816 1626 2985 für ihn bedeutet.
674 2953 2801 3134 Pfl.: Für uns Hlle wird die Welt nur von einem
810 3125 2876 3312 Punkt aus belouchtet,es kommt nur darauf an,
822 3255 2282 3457 dass das Licht stark genug sei.
677 3430 3048 3594 Hans: Der Ansicht bin ich nicht, Vater.Bei den wirk¬
