3464 4072
2715 333 2849 486 56
776 525 1087 712 wirst.
632 629 2700 849 Hans: Das kann ich mir nicht denken. O nein
641 803 2577 983 Julian: Und wenn er Dich doch darum bäte.
654 928 2944 1163 Hans: Wie meinen Sie das? Ich verstehe Sie nicht.
657 1096 2962 1292 Julian: Wenn er Dich bäte zum mindesten die Sachc
806 1237 2794 1457 zu überlegen.Einen ganzen langen Winter zu
812 1475 1301 1603 überlegen.
672 1567 2861 1753 Hans: Was bedeutet das? Hat ihm Hert von Sala -
800 1680 2999 1887 Aber woher könnten Sie das schon wissen? Ich be¬
782 1844 2932 2046 greife absolut nicht. Was bedeuten Ihre Worte?
821 2037 2373 2196 Mein Vater ahnt es ja noch nicht.
690 2183 2938 2385 Julian: Gewiss ahnt er es.Du hast es ihm gesagt.
690 2342 1713 2522 Hans : Was heisst das?
690 2455 2974 2696 Julian: Du hast es ihm gesagt vor ein paar Augen¬
867 2669 1234 2816 bl icken.
702 2754 2785 2944 Hans: Ich begreife nicht.Was ist Ihnen denn?
712 2913 3167 3084 Jultan: Du hast zu Deinem Vater gesprochen.Verstohst
861 3078 2968 3261 Du mich nicht? Zu mir. ich bin Dein Vater, ich.
712 3264 1234 3432 Hans : Sie?
727 3359 3127 3542 Julian: Sieh mich nur an.Ich bin völlig bei Sinnen.
867 3503 2944 3726 Es ist wie ich Dirs sage. Ich bin Dein Vater.
