3336 4040
594 785 1093 947 Zum I.Akt.
600 905 2396 1082 Eventuell Warnung des Arztes an Felix.
614 1101 2867 1233 Ihre Mutter - das weiss ich nicht; aber Sala ist
603 1199 2679 1410 verloren. Retten Sie Ihre Schwester vor ihm.
603 1356 2704 1567 Felix: Es ist harmlose Spielerei. Er ist um
793 1499 2881 1724 so viel älter als sie. Sie ist so vernünftig.
818 1642 2845 1894 - Uebrigens, mir ist das alles gleichgiltig.
608 1928 2284 2189 Der Arzt vielleicht als jungr Mann.
