3416 4152
2841 374 2935 500 4
612 509 2718 709 Egoisten: Julian, der Wehle idige,Sala der
624 676 1379 871 Künstleregoist
618 809 2977 979 Bonifaz, der sich um die Seinen nur äusserlich
615 956 2809 1141 kümmert: Er hat äussere Ehren (Professor?)
621 1129 2962 1324 aber stets von seinem glücklichen Familienle
618 1300 1315 1474 ben schwärmt.
624 1462 2974 1606 Der Arzt (Jude) Egoist,Zuschauer „Leutehinein-
621 1585 2924 1774 hetzer (zur Frau). Wen geht's an? Nur einen,
626 1774 2788 1941 den Sohn. Sie werden es ihm sagen und ich
629 1900 2885 2088 schreibe Ihnen einen Brief, Hinterlegen Sie
624 2065 1421 2262 ihn beim Notar.
632 2259 971 2391 Wieso?
626 2371 2303 2571 Nein, Johanna ist nichts für Sie.
615 2527 1582 2697 Sonderbares Wesen.
