3304 4024
2708 394 2881 536 141
688 533 2769 760 Wegr: Hm. - Ich tat, als wenn es zufällig ge-
1101 728 2886 887 schähe, als hätt' ich weiter an nichts
1101 906 1511 1071 gedacht.
698 1013 1836 1218 Jul: Woran dachtest du?
696 1170 2838 1359 Wegr: Hm.- Gabriele war damals ein junges We-
1122 1340 2929 1516 sen,- Kind beinahe, fern der Welt erzo-
1122 1492 2878 1655 gen, hatte nichts erfahren, nicht er-
1114 1623 2987 1850 lebt, nichts erlitten. Und es war eigent
1125 1820 2947 1983 lich kein Wunder, als ich ins Haus kam,
1135 1975 2820 2148 dass sie da meinte, ich sei der vor-
1159 2116 2942 2279 trefflichste junge Mensch, der je exis-
1146 2257 2921 2444 tiert hätte. Aber ich... ich hatte ei-
1149 2444 2806 2593 gentlich nie so riesig viel von mir
1157 2569 2953 2758 gehalten,- auch zur Zeit meiner Illusi-
1167 2729 2878 2921 onen; ich war immer ein bisschen mis-
1175 2892 2910 3089 trauisch gegen mich selbst. Und daher
1173 3043 2929 3211 wagte ich auch nicht recht zu glauben
1181 3214 2774 3387 dass sie mich wirklich liebte. Sie
1173 3339 2897 3536 kannte ja so wenig andere Leute. Und
1191 3488 3035 3696 ich wünschte mir immer, dass sie die Ge-
