3416 4024
2718 254 2811 419 2
599 391 3102 710 : In dem Hause, wo ich häufig das Vergnügen hatte, Sie
602 723 1213 862 zu sehen..!
565 763 3000 1002 Das regt ihn auf. Sonderbar, ich habe nichts gehört.
580 897 2944 1173 Notar: Ich dachte, die junge Dame, mit der Sie ge-
825 1154 1343 1291 reist sind
642 1288 1703 1458 Malerakademieen u.s.w.
602 1337 2957 1595 Der junge Mensch soll sehr begabt sein, ich möchte
627 1554 1942 1759 ihm das Leben leicht machen.
630 1682 2708 1880 Notar: Sie wollen wol ein Unrecht gutmachen
