3400 4056
2524 259 2667 414 86
676 452 1131 639 Hans: Ja.
688 495 2941 754 Sala: Also man trifft sich erst in Genua wieder!
685 682 2995 909 Hans: Ich habe nicht die Absicht noch einmal nach
967 901 1919 1073 Wien zurückzukommen.
691 970 2852 1237 Sala: Hönn Sie Hans, da wir nun in kurzer Zeit,
973 1177 2806 1401 sozusagen Kameraden verden — nun ja das
981 1341 1790 1528 werden wir doch —
699 1528 1332 1698 Hans : Gewiss
699 1560 2990 1798 Sala: Es ist doch immerhin ee vas eigentümliches,
978 1770 2777 1994 wer weiss was einem bevorsteht,nun wir
990 1937 2869 2089 schlafen vielleicht Seite an Seite unter
996 2075 2783 2296 dem jleichen Zelt,wahrhaftig ich weise
998 2239 2791 2420 das noch von meiner Jugend her,von den
993 2368 3116 2607 Waffenübungen, nichts bringt so nah ale Freien
1004 2587 1433 2737 schlafen.
1004 2647 2834 2875 Was wollen Sie mir sagen, Herr von Sala?
725 2754 967 2903 Hans :
719 2852 2895 3016 Sala: Wenn man nach Indien geht soll man keine
1007 3010 2941 3159 Geheimnisse haben vor einander Vielleicht
1013 3136 2901 3352 finden Sie es notwendig mich totzuschtes
1065 3300 2947 3522 sen und es wäre nicht sehr anständig mit
