3496 4536
2502 608 2646 803 17
708 940 2777 1126 Der Sohn und der Junggeselle bleiben allein.
719 1132 2829 1290 Gespräch über allerlei, üeber die Tochter, bis
708 1293 2359 1488 er endlich sagt: Du bist mein Sohn.
719 1728 2886 1883 III.Akt. Ber Sohn und der Vater, vor der Abrei-
717 1872 2081 2058 se. Gespräch über die Mutter.
717 2041 3015 2198 Der Sohn sieht, dass der Vater fest an sie glaubt
717 2345 2170 2505 Die Tochter kommt. Kurze Szene.
725 2531 2838 2663 Sie geht wieder ab nach einem Kuss des Vaters
722 2668 1439 2820 auf ihre Stirn.
711 2800 1949 2952 Du kannst bei uns bleiben.
728 2967 1700 3127 Nein, ich will nicht.
725 3279 2921 3411 Der Junggeselle und der Sohn. Szene, in der der
722 3397 2904 3557 Sohn sagt: Ich werde mich töten, wenn du's mei-
719 3603 1490 3740 nem Vater sagst,
711 3723 2987 3927 Wir vergassen, es handelt sich nicht um uns. Ich
