3320 4088
369 219 1326 489 evd halfe
270 396 2912 605 datsild kommt, nommt ihr sehr, das sie vor 18 Jahr
253 557 2997 841 erliebt, reist mit Mai, der Jegenericht, fort¬
260 793 2881 1029 Will ihr Bild nahmen sehr. Salz wird jemit
178 977 1141 1200 Dd. Sie jetzt.
202 1203 1152 1446 St. Jid. Vala. -
331 1353 2789 1637 Sale. Marie si laus fort. C. let Gusquamos.
188 1555 2587 1869 Gul. fragt nach Johanne. - Zeit anburch
222 1733 2932 2057 mit philos. allg. Satzer. Über die Exposition -
280 2016 2789 2269 kunst. Int. mit den Chwerder ist so hat.
267 2204 2768 2409 Ich fühl nicht annehmen. Dann leicht ist an¬
284 2433 1647 2676 Sofie hat mit verlassen
355 2621 1483 2796 Der ich nicht trauen
314 2707 2659 2973 Ihr daher die letzt ist, nach nachbaues¬
308 2901 1934 3189 Mer wird wenn, wenn ich sterbe.
376 3137 1398 3404 Welche Schafenstr.
383 3301 1012 3506 Mrs. Griften
400 3257 2040 3646 Sie habe hier mit geliebt
1968 3561 2266 3725 hen.
345 3578 1931 3828 resin if I am lask by
