3464 4136
2705 229 2838 408 71
926 377 2977 598 wirrt sich mir manches.Es ist etwas gesche¬
932 592 2847 773 hen, das nur ich weiss und in der letzten
932 748 2968 946 Zeit stürzt so viel über mich zusammen, dass
966 921 2855 1093 ich nicht mehr weiss ob ich schuldig bin
955 1057 1479 1209 oder nicht.
759 1156 2790 1399 Hans(ergriffen): Schuldig? Du schuldige Was
960 1317 1629 1535 hast Du getan?
751 1481 3028 1657 Pflugf.: Ich war nahe daran Dir's gestern mitzu¬
963 1617 3119 1804 teilen. Wir sprachen daran vorbei.Wie kommt's,
960 1807 2311 1974 dass ich nun den Mut fühlte -
756 1957 1779 2156 Hans: So sprich doch.
759 2110 2855 2289 Pflugf.: Mir ist’s manchmal, als hättest Du's
963 2291 1371 2447 geahnt -
770 2433 1515 2595 Hans: Was? Was?
770 2552 2827 2750 Pflugf.: Gestern sagtest Du,Du würdest Arat
980 2697 2968 2892 bleiben, wenn Du das Recht hättest zu töten
773 2895 1195 3034 Hans : Ja
773 3008 2917 3198 Pflugf.: Nun, ich habe mir einmal dieses Recht
980 3153 2258 3388 zuerkannt, ein einziges Mal.
773 3328 1745 3518 Hans: Sprichwetter.
787 3478 2835 3626 Pflugf.: Es war ein Wesen, das ich jahrelang
