3464 4056
2741 311 2882 452 52
843 432 2967 629 sen, die zu Ostern nach Persien abgehen soll
849 549 2935 776 die Stätte, wo das alte Nintweh gestanden ist.
687 737 2896 958 Julian: Ja, unter dem Grafen Laszky. Sala vill ja
764 867 987 993 mit.
676 1002 2896 1254 Hansf Ganz recht.An dieser Expedition nehme ich
817 1160 1069 1310 Teil.
670 1316 2141 1522 Julien: -In welcher Eigenschaft?
655 1483 3023 1671 Hans' Als Arzt.Das ist der Vorwand.In Wirklichkott
808 1616 2838 1810 kommt es mir,wie Sie sich denken können, auf
802 1765 1786 1906 ganz andere Dinge an.
649 1924 2532 2153 Julian: Wie kamst Du nur zu dieser Idee?
643 2109 2908 2309 Hans: Sie wissen doch, dass es keine so neue Idee
776 2224 1360 2368 von mir ist.
634 2365 2846 2626 Julian: Ja, ich hielt das doch mehr für eine Art
770 2503 2799 2750 von Kinderträumen und uer weiss,ob es jetzt
761 2688 2932 2902 mehr ist.Ob nicht nur die günstige Gelegenheit
623 2799 2873 3026 Hans: Wee können Sie dasglauben? Natürlich hätte
761 2976 2841 3222 es sich fügen können, dass ich ohne diese gün-
752 3175 2811 3363 stige Gelegenheit mein Lebenlang meine Sohn-
749 3284 2732 3528 suchthätte bewingen müssen, und auch nicht
740 3454 2832 3637 wetter gekommen wäre als Sie entweder in Rom
