3352 4040
762 502 1250 645 Zum I.Akt.
768 765 3050 1038 Felix kennt die Neigung seiner Schwester, l채chelt
820 929 1218 1178 dar체ber.
762 1241 3058 1450 Der Arzt hat eine gewisse Abneigung gegen Genies.
768 1376 2568 1625 Ueber das Bild?.:Die Mutter zu Felix:
780 1614 3084 1875 Arzt zu Frau W: Ihr Mann k체mmert sich auch nicht
1244 1814 2895 1995 um Sie. Sie haben ihn gl체cklich ge-
1250 2004 1554 2164 macht.
1258 2267 3010 2491 :zu Irene, schon im I.Akt:
791 2273 1187 2482 Johanna:
1261 2422 2261 2674 man so lebte wie Sie!
1261 2746 2924 2924 Man kann ja ein Ende machen, wenn's
811 2654 1189 2932 Johanna:
1284 2889 2499 3064 vorbei ist mit dem Talent.
803 3161 1986 3371 Leiser Verdacht in Irene.
