3416 4024
822 676 1370 838 nicht wahr?
598 747 3101 1009 Sophie: Du bist ein so guter Mensch, Julian. Ich hab'
831 906 3048 1143 aber selber gedacht, es ist dir lieber, ich sag
847 1031 2971 1258 dir die Wahrheit. Julian, ich weiss gar nicht
856 1224 2507 1432 recht, wie ich’s dir sagen soll....
947 1320 3076 1579 Fircht' dich nicht, Kind; denk' einfach nicht
679 1395 869 1613 Jul:
869 1482 3064 1778 an das, was war. Denk' dir, ich bin dein Vater.
694 1694 3061 1868 Sophie: Ja, erinnerst du dich, wie sie dich in...
891 1843 3061 2040 wie hat der Ort nur geheissen? - wie sie dich
1837 1943 2117 2052 alten
894 1968 2469 2208 für meinen Vater geheisen haben?
959 2148 2472 2304 Ja. Also red'. Es soll aus sein?
673 2229 866 2351 Jul:
679 2298 3042 2500 Sophie: Schau', Julian, ich hab' dich gern gehabt
925 2413 3217 2644 wirklich! Ja, sehr gern. Und ich hab' dir so viel
928 2566 3198 2777 zu danken. Una du bist immer sehr gut gegen mich
934 2703 3114 2955 gewesen. Aber jetzt, bitt' dich, versetz' dich
953 2852 3164 3076 ein bissl in meine Lage. Ich bin fünfundzwanzig
962 3083 2068 3282 Jahre alt - nicht wahr?
1009 3167 3126 3375 In Rom hast du deinen sechsundzwanzigsten Ge-
732 3276 934 3416 Jul:
971 3394 1837 3565 burtstag gefeiert.
747 3441 2896 3740 Sophie: Ja. Und du deinen vierundfünfzigsten.
