3320 3992
2346 353 2533 527 135
771 572 1558 734 Jul: Wozu auch?
782 667 3035 874 Wegr: Du f端hrst ein freies Leben, bist nirgends
1216 852 2817 1017 gebunden und an Niemanden. Das hat
1211 1006 2996 1174 schon etwas f端r sich. Wenn man Niemand
1205 1149 2895 1340 hat, so kann man auch Niemanden ver-
1202 1337 1567 1516 lieren.
799 1457 1903 1659 Jul: Du hast besessen.
796 1606 2993 1796 Wegr: Was hilft's? Alle Gl端ckseligkeit des Be-
1227 1749 2937 1917 sessenhabens geht unter in dem Elend,
1216 1939 2085 2105 allein zu bleiben.
804 2065 2971 2267 Jul: Macht dich dein Schmerz nicht ungerecht?
1225 2253 3091 2393 Kannst du sagen, dass du allein bleibst?
824 2368 2976 2564 Wegr: Nein, nein, du hast Recht. Ihr verzeiht
1230 2505 3069 2721 mir, Kinder. Johanna... :Er blickt auf,
1230 2682 3030 2878 sie ist fort:  Du nimmet es mir nicht
1236 2842 2906 3035 端bel, Felix. Ich weiss ja: Ihr habt
1236 3015 3038 3178 mich Beide gern. Wie Einen Kinder eben
1286 3144 1836 3329 gern haben.
827 3335 1449 3503 Fel: :Geste:
835 3455 2926 3652 Wegr: Zu Kindern hat man doch immer eine un-
