3464 4056
1699 284 1820 426 onh
2602 352 2735 482 29
645 453 2806 702 Diener:Es wird eben geklingelt.Fräulein Hermes
799 672 2714 832 fragt,ob der gnädige Herr zu Hause seien.
642 841 1365 992 Julian: Gewiss.
645 992 1918 1154 Sala: Nun, ich verlasse Sie.
636 1119 3010 1282 Julian: Aber bleiben Sie doch nur noch einen Augen-
784 1285 3034 1468 blich. Fräulein Herms wird sich gewiss freün Sie
778 1486 1439 1590 wiederzusehen.
639 1545 829 1655 Sala
642 1637 2457 1746 Jultan: Wo ist sie denn jetzt engagiert?
586 1702 888 1812 Iulian.
633 1788 2975 1909 Sala: In Hamburg. Aber sie zieht sich von der Jühno
764 1930 1116 2045 zurück.
619 2158 2812 2377 Irene Herms eine noch immer schöne Frau von 42
607 2327 2433 2534 Jahren, aber nicht jugendlich gekleidet.
607 2504 1146 2679 Begrüssung.
610 2643 2859 2850 Irene: Nun wieder da? Sie sehen gut aus. Sieht er
781 2833 2975 3001 nicht gut aus? Ich hab es immer gevusst,wenn er
746 2969 2936 3120 einen ganz grauen Bart hat wird er am schönsten
740 3120 998 3232 sein.
586 3197 2969 3457 Sala: Ich hab es ihm prophezeit,jetzt kommt die an-
713 3428 2800 3617 genehme Stunde. Ich hab ihm lauter Grobheiten
725 3570 1063 3756 gesagt.
