3416 4136
2696 151 3122 394 Loy 22
627 239 2637 529 der Kalar dazi; - aus trägt vielleicht
346 463 1244 658 Frl. Herms and Co.
356 558 2769 844 noch nicht über jeden (legt Real dem Valen)
488 794 2391 992 I. Über Julien. Ma ist mit ihn?
284 923 2696 1213 vor der allen samppeselbe! - Weser sowie:
255 1194 910 1354 ahndion.
362 1301 2334 1540 Leben kunde zum eigenst an ihn!
482 1581 2942 1912 jetzt etwa i zullen leg. and ihr Capt.
353 1846 2022 2076 der Muth, kleik mit der Aagt: -
454 1928 2989 2287 Kintenoller Nachm des Vaters gegen seinen Trei¬
526 2334 2334 2605 Nun... Endlich einsch: am doch zu Hause
639 2570 1862 2810 C. ist auf Admib de
230 2731 2457 3074 Bert ist, aus mai iffei ein Karl, wenn
532 2955 1695 3204 cours in this ph.. –
