3288 3992
2450 379 2617 568 140
676 582 2912 743 Fel: Wo steht denn eigentlich das Haus, in dem
1097 699 2948 899 meine Mutter als junges Mädchen gewohnt
1100 894 1319 1063 hat?
1019 988 2806 1183 In einem kleinen Ort, ganz abseits der
699 1024 941 1228 Wegr:
1102 1178 2778 1361 Bahn. In Würnitz. Erinnerst du dich
1111 1306 1784 1500 daran, Julian?
696 1464 2347 1654 Jul: Gewiss. Wie sollt' ich nicht.
1386 1592 2517 1807 receu de ld. et d'hie kannss.
707 1676 938 1815 Wegr:
1139 1768 2940 1954 Ich hab' Dir eigentlich was abzubitten.
1111 1968 1470 2105 Julian.
696 2074 1673 2263 Jul: Du hast mir - 10
704 2263 2856 2419 Wegr: Ich bin mir einer Schuld gegen dich be-
1114 2441 1436 2575 wusst.
704 2553 1623 2753 Jul: Einer Schuld?
713 2703 2948 2853 Wegr: Ja. Es ist keine schwere - aber immerhin.
1139 2856 2842 3020 Ich bin einmal in meinem Leben nicht
1125 3023 2647 3171 ganz ehrlich gegen dich gewesen.
707 3182 1200 3340 Jul: Wie?
710 3304 2881 3521 Jul: Als ich dich damals in das Haus brachte
1133 3471 2330 3672 erinnerst du dich dran? -
710 3647 1333 3828 Jul: Gewiss.
