3320 4008
2478 358 3061 603 130 hörenstesje
684 498 2949 704 Wegr: Das weiss ich wohl. Aber diese war es. In
1107 687 2940 881 den Jahren, die wir mit einander gelebt
1098 853 2892 991 haben, gab es keinen Gedanken, den wir
1121 1000 2822 1180 vor einander verbergen mussten, kein
1107 1135 2774 1335 Misverständnis, keine Klage, keinen
1110 1298 1495 1484 Vorwurf.
687 1456 1507 1633 Jul: Warum auch?
701 1586 2898 1800 Wegr: Nun, es wäre kein Wunder gewesen. Unsere
1107 1763 2819 1940 Existenz war anfangs nicht gerade so
1112 1909 2957 2112 heiter, so freundlich, so sorgenlos. Es
1115 2061 2971 2242 gab schwere Sorgen, Trauriges aller Art.
1107 2222 2856 2453 Aber sie stand mir zur Seite, sie ver¬
1112 2388 1977 2577 lor den Mut nicht.
1169 2560 2732 2712 du denkst an die Zeit, wo du noch
696 2521 1115 2718 Jul: Ah,
1112 2675 2836 2875 allerleiAnderes für deine Zukunft er-
1115 2850 1704 3036 wartet hast.
704 3019 2816 3165 Wegr: Das mein' ich keineswegs. Diese Kämpfe
1110 3154 2844 3343 macht doch Jeder mit sich selbst aus,
1112 3312 2935 3506 Ich denke da an viel greifbarere Dinge.
1062 3461 2963 3678 An das, was jeder Mensch Sorge nennt. An
