3512 4568
2480 719 2631 858 12
776 821 2807 1014 Sie ist ein wenig verlegen. Nun, wie geht's
730 1048 943 1185 dir?
725 1188 2884 1364 Mir war manchmal, als hättest du alles das ge¬
722 1361 3006 1506 liebt, was ich dir zeigen konnte. Ich weiss, ich
727 1512 1676 1668 bin nicht mehr jung.
725 1648 2941 1833 Du bist gut, du hast mich gut gemacht, ich habe
725 1841 2810 1995 dir viel zu danken. Ich werde dich unendlich
725 1995 1080 2105 lieben.
727 2142 1747 2264 Ueber Dinge im Zimmer.
722 2304 2182 2443 Das Porträt der Schauspielerin.
722 2404 2870 2580 Sie hat sie als Kind gesehen. :Erzählt davon,
725 2583 1892 2733 sonderbare Zusammenhänge:
716 2747 2873 2887 Es wird ihr schwer, aber endlich sagt sie ihm:
710 2847 2841 3049 Ein junger Engländer - nun, sie hat ihn nicht
716 3043 2887 3199 betrogen —, aber nun geht sie mit ihm nach Eng
719 3194 2952 3310 land, :Ich reise fort zu Verwandten: nach Lon-
713 3333 2125 3483 don. Aber sie lügt nicht lang,
707 3466 2270 3657 Er: Kann ich etwas für dich tun?
710 3642 2810 3793 Nein, was fällt dir ein! Ich möchte, dass du
722 3779 2858 3998 sehr glücklich wirst. Du, damals, in jenem Au-
