3496 4552
2718 551 2841 724 11
780 794 2050 934 dir denn die gerade sicher?
763 884 2903 1079 Nein, aber - was x 11 ich tun? Ich habe schon
825 1085 2992 1214 eine Zeit erlebt, wo ich mir die Weiber kaufen
777 1205 2919 1370 musste. Alles war plötzlich vorbei. Da mit ei-
780 1356 2849 1510 nem Mal die, und jetzt auf der Reise hat sie
791 1521 3040 1675 sich wirklich verliebt. Vielleicht wird sie mich
783 1725 1219 1848 betrigen.
789 1843 1407 2008 Vielleichtön?!
791 2002 1407 2162 Gewiss. Aber
783 2142 2984 2296 Du hoffst nur, dass du nicht draufkommen wirst.
2215 2287 2914 2450 :Noch über den
805 2273 1591 2458 Quäl' mich nicht.
789 2486 1037 2620 Sohn:
800 2614 3040 2729 Sei nicht so, überschätze nicht. Anhänglich sind
844 2763 2480 2933 sie, auch wenn sie nicht treu sind.
797 3031 2111 3216 Sie kommt. kurze Begrüssung.
803 3191 2626 3392 Er sagt ihr, dass er sie heiraten will.
797 3381 1843 3546 Sie sagt:Mein, zu alt.
800 3493 2914 3691 Ueber die Schauspielerin, die er auch gemalt.
811 3666 2282 3834 Junggeselle, letzte Geliebte. Z
791 3839 2273 4041 Zuerst ist noch der Lyriker da,
