3512 4168
2690 320 2821 488 62
828 505 2998 691 alles vernichtet,was vierunewanzig Jahre aufge¬
828 700 2908 857 baut. Ich will Dich auch nicht mit einem Male
834 828 2931 1014 losreissen.Aber wissen sollst Du's,vor allem
848 996 2934 1165 wissen. Die Macht der Wahrheit ist gross bei
828 1124 2925 1336 Menschen unserer Art.Du weisst nun,jener ist
831 1296 3030 1464 Dein Vater nicht, ich bin es. Mehr will ich für
851 1467 2934 1636 heute nicht. Ich habe ein eigenes Gefühl des
851 1615 2989 1766 Flücks seit Du es weisst, das ich selbst nicht
866 1717 3042 1929 begreife.Ich fühle mich nicht mehr allein.Wenn
883 1903 2937 2086 ich jetzt die Trepre hinuntergehe weisst Du,
854 2025 3137 2219 Dein Vater geht hinab und wenn ich morgen wieder
869 2182 3039 2382 hereintrete weisst Du,Dein Vater tritt herein.
869 2359 3097 2539 Das Andere überlasse ich der Zeit. Du fühlst ja
886 2481 3018 2684 jetzt schon mehr als Du glaubst,Du fühlst mit
761 2609 3094 2829 einem Mal, dass Du nie der Sohn Jenes Mannes warst,
892 2780 2937 2998 dass Ihr einander im Innersten Eurer Seelen
901 2960 3030 3137 fremd seid, dass Ihr zwet verschiedenen lassen
909 3114 2983 3283 angehört.während wir von derselben sind. „ir
903 3259 3065 3440 gehören zu denen, die das Leben voll geniessen,
918 3402 2908 3605 die glühend leben, die zugrunde richten und
921 3570 3021 3814 glücklich machen. Seit ich es gesagt habe und
