3336 4024
898 149 1047 365 ab
2243 142 2922 409 (dite m)
1631 149 1969 351 Mr
503 287 1537 513 Tulion – davon
2692 304 3047 628 744
287 419 2263 692 Rückkunft. Tregan. Man wir die?
287 594 2793 865 Sele, ein allen kann körtell; Pflich nicht¬
290 787 2148 1115 2. Julien. Vertrennte Brief etc. -
314 1064 1513 1267 Julies Adjokant
220 1226 2922 1452 mit. Ich habe an Kind, Frau; Instrument, will ihn
213 1334 2840 1611 vermache ich ihr möchte wahr ihm habe nicht
203 1675 662 1837 weiss.
328 1736 2189 2006 theierzkeiten. Marie Testament?
297 1891 2861 2195 at Androkel Bsant out jeu homme à femmes. -
236 2145 2493 2401 Adowkel: Me lgar Fis! Johanne ist fort.
287 2246 3006 2591 Julia hat bewegt:- Weltsamer bädher! Auf sie.
301 2496 2709 2786 Sollte ich doch noch etwas zu thun haben? Wenn ich ihm
287 2716 1685 2972 die Schweße zurückkrift?
334 2857 2074 3117 Adrokel wird übrigen. Bald.
345 2996 2864 3330 gut. Die werden dem Sich das sehr auszusten, so lass es that
348 3256 743 3469 todt ist.
385 3310 2050 3621 Byatins ihr gingen kann.
422 3587 1037 3803 nabruker
