3320 3992
2435 325 2639 538 136
1050 562 2760 701 glückliche Liebe. Das kann wol nicht
1050 671 2909 870 anders sein. Unser ganzes Verhältnis zu
1043 877 2765 1003 Kindern ist ein ewiger stiller Kampf
1060 1003 2899 1164 gegen all das Tausendfache, das sie von
1065 1187 2936 1370 uns fortzureissen trachtet. Dieser Kampf
1048 1353 2918 1491 fängt schon früh an. Von dem Augenblick,
1070 1484 2780 1620 da sie auf die Welt kommen, beginnen
1075 1623 2824 1762 sie sich zu entfernen. Anfangs wissen
1070 1771 2824 1932 Sie es selber nicht, manche wissen es
1060 1925 2881 2089 nie. Alles, was wir tun, sind Versuche,
1075 2116 2827 2245 uns unserer Kinder zu versichern, sie
1063 2247 2827 2388 zu gewinnen; alles, was sie tun, sind
1090 2396 2807 2544 Versuche, uns nicht mehr zu brauchen.
297 2475 756 2648 & in
1070 2525 2824 2740 Das ist der Lauf der Welt./Und selbst
292 2641 870 2812 Acht war ich
1078 2678 2837 2847 wenn man uns begräbt, ränen, die man
1083 2847 2755 3010 erfüllten Losen nachweint, trocknen
1075 3013 2874 3154 schnell. In Wirklichkeit giebt es eben
1075 3179 2809 3307 doch nur ein Wesen, das uns wirklich
1083 3359 1432 3491 gehört.
664 3454 2653 3654 Jul: Nicht alle Ehen sind von dieser Art.
