3272 3944
2584 359 2750 533 143
1139 489 2877 679 hauptsächlich darum —: komm' mit mir.
1149 658 2985 871 O, ich weiss noch den schönen Frühlings-
1163 813 2889 1015 tag, da wir in dem kleinen Wagen über
1149 982 2919 1163 den Feldweg fuhren. Es war ein gefähr-
1146 1132 2889 1289 liches Spiel, Ja, und gerade, weil es
1151 1297 2889 1477 so gefährlich war, darum durft' ich's
1151 1419 2995 1595 wagen. Denn ich glaube nicht, dass ich's
1095 1625 2985 1762 überlebt, wenn ich's verloren hätte. Und
1153 1776 2889 1910 es war auch nicht gleich entschieden,
1158 1940 2922 2086 ich weiss es, Damals in diesen Sommer-
1158 2102 2849 2248 tagen, als du im Garten ihr Bild mal-
1163 2248 2875 2368 test, mit dem du nie zu Ende kamst...
1151 2429 2807 2551 ja, da gab es ein paar Tage, wo das
1160 2577 2943 2715 Spiel schlecht für mich stand. Und ein
1137 2706 2924 2847 Augenblick war, da gab ich's verloren.
1149 2861 2884 3016 Be im Himmel, ich war bereit, mich da-
1151 3037 2924 3178 vonzustehlen! O Gott, was hab' ich ge-
1141 3183 2725 3347 litten damals! Ihr habt natürlich
1137 3345 2978 3471 nichts gemerkt. Wie hättet Ihr was mer-
1141 3457 2901 3612 ken sollen? - Und eines Morgens warst
