3496 4136
2794 320 2926 459 22
1035 520 3048 650 das Modell den Verstand zu verlieren,ranch¬
1033 675 2890 807 mal hätt ich für so ein miserables Bild
1035 812 2976 964 manchen meiner Wandterpiche mit Vergnügen
1045 1002 2938 1134 hergegeben.Allerdings wäre es wieder mög
1043 1119 2845 1264 lich, dass ich mich an Ihrer Stelle mit
1048 1279 2555 1408 vierzig Jahren erschossen hätte.
1058 1444 2842 1596 Geduld, mein Lieber, das bleibt einem ja
670 1444 1010 1606 Julian
1076 1614 1342 1746 immer.
1045 1736 2885 1852 Ja, es ist unerhört.Sie kommen von einer
680 1786 931 1898 Sala:
1068 1901 2888 2027 grossen Reise zurück und ich rede immer
1058 2048 3022 2162 von mirErzählen Sie doch endlich von sich.
1048 2185 3035 2347 Sie sind ja so verstimmt.Reden Sie doch.Es
1068 2334 2971 2489 tut Ihnen gewiss wohl,s ich auszusprechen.
1058 2456 3025 2598 Sie dürfen auch weinen. Ich vers teh Sie ja,
1066 2662 2987 2804 Ich habe Sie so gern Julian,meiner Seel,
1061 2799 2976 2923 so viel ich an Ihnen lieber anders mögen,
1084 2918 3096 3078 ich habe Sie lieber als beinahe alle andern
1058 3086 2911 3212 Menschen.Es scheint Sien ja sehr heftig
1068 3200 3106 3388 Zu ber hren, dass Jene Sache zu Ende ist. Ich
1073 3400 2979 3573 glaube Sie recht verstanden zu haben. Sie
1081 3593 1654 3794 ist zu Ende.
