3496 4568
2513 616 2659 739 10
753 767 1994 944 Was machen unsere Freunde?
2091 907 2878 1081 Seine Tochterist
745 947 2057 1098 Andeutungen von Dr.Breuner.
747 1124 1007 1241 fort.
762 1229 2311 1412 Nun ja, eine Art von Nymphomanie.
764 1406 1617 1563 Wer war der Erste?
764 1529 2861 1706 Gleichgiltig. Vielleicht du, vielleich ich -
750 1709 2927 1826 man hat sich keine Vorwürfe zu machen. Man hat
762 1854 2775 2005 sich überhaupt nie einen Vorwurf zu machen.
756 2020 3012 2142 Der Sohn, Eine hat sich umgebracht seinetwegen.
753 2188 2684 2342 Ein ganz starker Mensch wie seine Mutter.
767 2322 1577 2482 Was wirst du tun?
779 2453 2465 2633 Ich werde diese junge Dame heiraten.
756 2619 1843 2770 Es ist vielleicht klug.
747 2784 3041 2941 Es ist bestimmt klug. Ich fürchte die Einsamkeit.
762 2927 2850 3066 Ach Gott! Einsam! Ich habe es nur bei Andern
770 3104 2890 3260 empfunden, allein nie. Je älter ich werde, je
764 3229 2910 3406 mehr genüg' ich mir selbst. Ich war nie senti-
764 3420 1118 3577 mental.
773 3563 1172 3714 Wie ich?
764 3691 3044 3865 Ja, Du bist ein wehmitiges Schwein, zuwider. Ist
