3400 4008
215 243 337 468 e
465 599 2207 798 Aus der ersten Fassung der “Egoisten“
474 792 1412 963 Julian-Sophie.—Sala.
474 926 1708 1116 Jul: Guten Abend, Sophie.
527 1063 2871 1244 Sophie: Guten Abend, Julian. Guten abend, Herr v.
714 1256 979 1422 Sala.
480 1372 2943 1574 Sala: Wie befinden Sie sich? Sie schauen vorzüglich
720 1518 2962 1721 aus. Die Reise hat Ihnen gut bekommen, Fräulein.
496 1687 1462 1895 Sophie: Nicht wahr?
518 1836 2525 2020 Jul: Wann hast du mein Telegramm erhalten?
558 2005 2485 2160 Sopnie: Ich bin eben bei Tisch gesessen.
518 2148 2815 2310 Sala: Nun, lieber Freund, ich muss leider gehen.
521 2245 2853 2488 Sophie: Ich bin’s hoffent ich nicht, die Sie ver-
754 2482 1116 2650 treibt?
530 2622 1253 2768 Sala: Aber -!
804 2703 3061 2930 Wann sieht man Sie wieder? Wollen Sie nicht ein-
542 2796 733 2996 Jul:
770 2881 3008 3055 mal mit uns auf dem Land nachtmalen wie im vori-
773 3036 2581 3220 gen Frühjahr? - Was meinst du, Sophie?
552 3205 3046 3382 Sophie: 0, es wäre sehr nett von Ihnen, Herr v.Sala.
605 3326 3111 3585 Sala: Nun ja,- die Abende sind heuer allerdings noch
795 3488 2934 3676 auffallend kühl.... Nun, nächstens. Ich melde
789 3588 3089 3859 mich schon. Auf Wiedersehen, Julian.Adieu,Fräul.
