3368 4120
2488 130 2835 393 Ligme,
422 231 974 472 Mr. Ch.
487 353 2777 725 to the still it retukent Novitz.-
480 653 1078 898 Zerbst. —
296 790 2885 1085 rissend i Bresser in gegen glücklich. Auf
278 966 3184 1255 Zweit sich seines Veruhr, seiner Carren, Küsserat
2629 1075 3080 1244 K. Ulcken,
209 1114 2423 1410 som Frai, sommen kunde.
2510 1143 3137 1406 Tangenreimod
252 1291 2611 1590 Er ist in jeder glaube, dass er mir
252 1507 2741 1796 all für de Seine jetzten; weil er mit
260 1637 2914 1969 daß er sich nicht an sie gekommend hat, nieder
238 1922 1212 2182 wenigstens -
267 2048 2791 2348 Er ist mäßig besorgt so sein Frei, die sey?
267 2268 2506 2640 leiders ist; ist obenslachlich gäntlich,
252 2514 490 2701 sei:
270 2571 2838 2932 Notz auf seine Sohn, den Ossegier ist.
249 2798 2456 3130 in aretokent. Kreise vorkostet. -
321 3018 2972 3318 Versteht seine Tochter gar nicht; seitchen
314 3264 2560 3588 sie überspannl; er lacht ich ihr
285 3534 1334 3765 Excontestales. -
307 3595 2784 3920 Mar tale zuhlaagt, so unamt ihm
