3448 4040
2577 380 2668 525 2
820 600 1282 745 :Er gent:
833 682 3017 852 Nun endlich wieder, mein Kind. Ich war sehr be-
563 748 748 933 Jul:
798 786 2973 1018 sorgt. Wie ist denn das nur gekommen, dass ich
801 1002 2039 1153 keinen Brief mehr erhielt?
575 1116 3102 1307 Sophie: Ach Gott, an meinen Briefen ist nicht so viel
814 1295 2080 1461 verloren. Jetzt bin ich da.
585 1436 2410 1622 Jul: Was giebt's denn bei dir zuhause?
628 1584 2728 1788 Sophie: Ich bin noch nicht recht in Ordnung,
638 1791 2791 1958 Jul: Das geht nicht so schnell. Lege doch ab.
635 1870 2234 2077 Sophie: O ja. :Legt den Hut ab:
663 2043 2530 2237 Jul: Wie fühlst du dich wieder in Wien?
607 2234 3130 2373 Sophie: Ich bin noch gar nicht recht zu mir gekommen.
650 2357 2288 2558 Jul: Du scheinst mir so zerstreut.
619 2508 2919 2715 Sophie: Ich sehe mich nur um. Ich war ja so lang
839 2646 3108 2803 nicht da. Wie oft war ich denn im Ganzen bei dir
861 2769 3149 2979 in der Wohnung? Zweimal. :Bild von Irene: Das
911 2960 3064 3117 ist ein schönes Bild. Hast das auch du gemalt?
632 3117 2646 3262 Jul: Ja. Du hast's ja auch damals gesehen.
622 3259 2769 3441 Sophie: Das Gesicht kommt mir so bekannt vor.
635 3441 3114 3604 Jul: Bekannt?... Das ist kaum möglich. Eine ehemali-
874 3557 3161 3768 ge Schauspielerin. Das Bild ist über zwanzig Jah-
