3464 4136
2675 305 2820 462 13
747 468 3026 671 schon an und für sich keine so glatte Geschichte.
601 620 2826 852 Julian: Ist diese Expedition mit irgend welchen
762 828 2179 1016 besonderen Gefahren verbunden?
617 919 3019 1158 Sala: Wie man's nimmt. Von der Gesellschaft im Jahre
762 1070 2835 1275 89 unter Rolfston,es waren 24,sind nach drei
774 1257 2143 1451 Jahren sieben zurückgekommen.
644 1463 1127 1623 Julian: O.
650 1526 2947 1726 Sala: Ja,man kommt durch arge Fiebergegenden.Dann
804 1681 2965 1922 gab's damals auch noch einen Ueberfall, bei dem
804 1795 2998 2064 drei draufgingen. Wir werden besser ausgerüstet
810 2028 2983 2179 sein. Und das Fieber hat mir speziell nichts an.
816 2140 3086 2361 Ich weiss das.Gerade in den Thermen des Caracala,
822 2273 2995 2488 Sie erinnern sich,wie versumpft der Boden dort
834 2424 3047 2630 ist, habe ich als junger Mensch eine ganze Raths
849 2548 3159 2796 von Sommernächten verbracht und bin gesund geblie-
855 2741 3098 2986 ben. Sie ist leider gestorben. Solche Dinge konnen
898 2995 1239 3125 vor. Ja.
725 3044 3155 3276 Julian: Und was sagt unser Freund Pflugfelder zu Ih-
874 3276 1321 3418 rer Idee?
722 3313 2947 3579 Sala: Pflugfelder? Ja sagen Sie, Sie scheinen ja
874 3524 2911 3790 gar keine Ahnung zu haben, was während Ihrer
