3448 4072
2644 317 2793 573 60
856 474 3109 670 nennen mir erlaube.Der Rausch, in dem ich gezeugt
853 656 2947 841 wurde,war längst vorbei, als ich zur Welt kam.
844 864 3015 984 Wenn Ihr Euch geliebt hättet,so wärst I Ihr mit
847 1001 2955 1170 einander davon,wenn er auch darüber gestorben
870 1138 1101 1304 päre.
702 1252 2987 1432 Julian: Und wenn Du auch mit Allem Recht hast was
827 1455 2955 1583 Zu sagst und mehr und noch furchtbarer als Du
841 1583 2938 1723 sagst.wirst Du zu meifeln wagen,dass es eins
830 1740 2813 1894 kurze Zeit, dass es eine Nacht,dass es aine
816 1874 2984 2028 Stunde gab, in der mich Deine Mutter liebte? Und
816 2008 3106 2245 mehr als Deinen Vater je.Sich mich an,Du fühlst,
824 2214 3027 2308 dass ich die Wahrheit rede. Und aus dieser Nacht
816 2316 2870 2473 bist Du entsprossen und bist mein und dieser
810 2524 2918 2627 Toten Sohn, von ihr als mein Kind getragen, als
799 2624 2961 2781 mein Kind geboren und auch auf ihrem Toenbette
807 2778 2904 2947 wusste sies, dass Du mein Sohn bist.Es ist so.
793 2912 2847 3089 Darauf kommt es an.Und darum gehörst Du mir,
961 3061 1207 3149 immer
802 3066 2912 3252 wann ich Dich fordern komme, ob Du willst oder
796 3223 2918 3414 nicht und kraft dieser Wahrheit wird sich Dei
799 3420 2944 3623 ne Liebe mir zuwenden, ob Du willst oder nicht.
