3480 4120
2538 302 2676 448 19
642 379 2867 693 äussert. Er hat es wohl schon überwunden. Auch um
660 627 2864 851 ihn ist mir nicht bange. Er fasst das Ganze wohl
648 750 2810 1015 nicht anders auf, als ich und Sie.Ich nehme an,
669 911 2941 1147 dass es ihn schmerzt ein Wesen nicht mehr in soi-
672 1051 2792 1287 ner Nähe zu haben, dass er so sehr liebte.Aber
732 1186 2897 1451 gewiss leidet er nicht unter dem Gedanken, dass
729 1386 2882 1610 gerade seine Schwester,die demselben Blut Ent¬
696 1532 2864 1759 sprossene, eine Verlorene ist.O nein.Er hat den
693 1708 2956 1911 Sinn für das Wesentliche. Solche Leute sind nicht
702 1908 1278 2090 sent imental.
561 1998 2965 2213 Julian: Da haben Sie wohl recht. Und wer mag es wohl
717 2147 2938 2386 gewesen sein? Sie tragen die Sache vor wie eine
717 2356 1857 2535 philosophische Erzählung
579 2464 2983 2646 Sala: Man weiss nicht wer es war. Uebrigens scheint
729 2556 2858 2816 mir auch Ihre Frage für den vorliegenden Fall
732 2765 2998 2944 höchst gleichgiltig. Wenn es Apoll selbst gewesen
744 2906 2995 3118 wäre oder Alexander der Grosse - in diesem Falle
750 3046 2873 3255 wäre er doch nichts als ein Prinzip,erfüllte
764 3174 2831 3410 eine Mission.Er spielte eigentlich gar keine
767 3318 2882 3610 schmeichelhafte Holle find ich. Ich beneid ihn
773 3524 2989 3763 ihn nicht,meiner Seel. (rasch absprüngend). Waren
