3464 4056
2839 226 2967 443 38
892 423 2539 655 Pfl.ö Hast Du jetzt an ihn gedacht?
898 635 1953 772 Hans: Er tst verloren?
892 706 3188 946 Pflug.: Er kann noch ein selbst xxxei Jahre leben.
898 903 2501 1106 Hans' Ich dachte mirs, weiss er es?
898 1058 3188 1238 Pflug.: Nein,o nein. Er darf es vorläufig absolut
1052 1215 3047 1415 nicht wissen.Es ist ja auch möglich, dass er
1046 1349 2647 1567 plötzlich stirbt. Wozu also? Nein.
903 1481 3116 1704 Hans: Nun und die Reise,die Expedition,die crim
1049 1649 3099 1847 Frühjahr antreten will zu den Köntgsgräberni
906 1781 3070 2033 Pfl.: Es ist eine ganz verrückte Idee.Das hält
1066 1973 2867 2176 er nie aus.Er wird es selber empfinden.
915 2098 3136 2270 Hans: Hm. Ich bin doch überzeugt, dass er es ahnt.
918 2296 1552 2453 Pfl.: O nein.
921 2430 3067 2601 Hans : Gewiss ahnt er es. So gut zu lügen ber
1066 2579 2913 2739 magst, er vermag es doch besser Lügen zu
1075 2699 2956 2927 durchschauen.Es ist sehr traurig.mehr um
1055 2853 3116 3005 Deinet als um seinetwillen.Ich habe übrigens
1069 3016 2987 3222 auch viel Sympathie für ihn.Wie habt Ihr
1072 3179 2913 3365 Zwet Euch nur gefunden? Das war mir oft
1081 3336 1612 3539 rätselhaft.
941 3473 3119 3699 Pfl.: Du weisst ja, ich lernte ihn als ganz jun-
