3480 4120
2758 372 2876 489 12
798 447 3006 662 Tiefe ein zerbrochenes Stück eines Mosaikbodens
792 686 1568 855 heraufbeföderte.
653 789 3030 982 Sala:Wenn Sie das unsern Freund Hans erzählen wird
807 964 1849 1172 er unfehlbar verrückt.
659 1100 2239 1302 Julian: Wollen Sie nicht rauchen?
659 1323 3061 1435 Sala: Ich danke. Ich soll nicht.Der alte Pflugfelder
807 1459 2894 1601 verbietet mir. Ja, was sagen Sie.Mein Herz ist
801 1559 2925 1749 nämlich ein dischen nervös.Hoffentlich geht’s
816 1761 3000 1888 vorüber.Da Sie eben von Ihrem Mosaikboden spra¬
819 1882 2828 2067 chen - Ich habe nämlich allerlei Dinge vor.
662 2051 1816 2206 Julian: Darf man wissen?
659 2239 3085 2366 Sala- Sie haben vielleicht schon von der Expedition
816 2332 2885 2499 gehört,die unter der Führung des Grafen Lsky
828 2462 2946 2644 im nächsten Frühjahr sich nach der Stätte der
807 2616 3133 2798 Königsgräber in der Nähe des dten Nintweh begeben
825 2807 3181 2967 soll Ich will mich ihr anschliessen. Im März sollen
813 2988 3076 3103 wir von Genua absegeln.Bis dahin wünsche ich be¬
825 3070 2348 3290 greiflicheweise gesund zu sein.
680 3242 2199 3435 Julian: Da haben Sie Zeit genug.
677 3396 3018 3556 Sala: Nun ja. Man darf seinen Reisegefährten doch
843 3562 3018 3786 keine Unbequemlichkei ten verursachen.Es ist ja
