3560 4232
201 236 2992 558 Eurføhr seine fort ist.. wohl er ewil Tulion
302 458 2861 766 er weit, daß sein Mitte des Vorken f
250 673 2885 1037 if wa. Of jach Minpt at solif an
2479 929 2947 1200 C.Y.S.
229 964 2445 1356 teilige Wesen. Lehn sie.. auch 3
225 1162 2937 1588 euer die ich Muesche nicht hera komen -
270 1429 1855 1820 dann lieb ich sei so sehr.
333 1623 2944 1952 Mrs mich ist meist fort. Ich nur ja
1113 1841 2885 2171 hat auch zu bestellt. ich
322 1931 1096 2185 Notar... 7.
274 2074 2289 2403 und eine Mittheit machen
437 2230 2881 2625 Nun von sehr um heut noch. Aber
1651 2445 2812 2840 agt ihm softin
364 2608 1214 2878 bei den hiesen
343 2871 960 3121 at Kator
562 3072 1193 3263 let tost of
451 3155 1793 3454 Vielleicht nicht he äht in Holz.....
