3464 4072
2656 336 2786 445 42
881 445 3192 648 lichen Menschen ist es gewiss anders.Da trägt je-
886 592 3204 833 des Ding sein Licht in sich selbst.Man darf nicht
898 769 2901 981 im Dunkel stehen,wenn eine Kerze verlischt.
878 1081 1982 1364 (Einige Seiten fehlen).
736 1384 2123 1573 Pfl.: Ja,wollen Sie wirklich?
736 1581 2524 1755 Sala Ich bitte Sie sehr, lieber Doktor
739 1720 1976 1908 Pfl. : (ins Zimmer nebenan).
736 1867 3104 2097 Sala: Nun, mein lieber Hans, ich habe mit dem Grafen
881 2047 2921 2262 gesprochen, die Sache ist in Ordnung,er wird
884 2176 3004 2380 sich freuen Sie dieser Tage zwischen fünf und
881 2324 2483 2556 sechs Uhr Nachmittag zu empfangen.
733 2480 2026 2680 Hans: Es ist also bestimmt?
736 2668 2910 2833 Sala: (lächelt) Es handelt sich nur mehr um don
869 2833 2712 3027 Eindruck,den Sie auf den Grafen machen.
727 3010 2383 3172 Hans: Ich danke Ihnen, Herr von Sala.
733 3133 2863 3313 Pfl. (bringt die Tropfen.Nimmt aus der Kreden:
866 3263 1788 3466 Löffel und Zucker).
739 3457 3069 3631 Sala (nimmt die Tropfen) So, ich danke.Nun habe ich
881 3561 1402 3755 e ine Frage.
