3448 4184
1882 127 2818 430 Juni 18.
551 175 685 379 20
395 328 2697 634 das eng saut des Krückgewerb-Professeurs
245 535 2799 850 kehrt zu kurzen, Ablaub den Sohn Karl Sonn. -
290 783 1659 1025 of Mutter fr hicbed.-
242 898 2617 1226 der Sohn steht nicht gut mit den Vater; er ist
210 1098 2404 1430 ging, feurig; hat sich in die etwas phileste
204 1331 1904 1579 Carl des Kalars nie gesagt.
2439 1417 2684 1659 on
220 1452 2455 1808 tem Mutter liebt er sehr; sie ist auch
236 1773 1054 2044 ihn vermöhnt.
232 1789 2649 2181 Auch seien Schwester seit an jene: sie bemerckt
226 1990 2359 2439 of an han førins ingekenden Leben. -
201 2248 2662 2627 w her last selbst vor sich; in sei an eine
220 2397 2576 2916 Kruße in krannte ja wurde  also la Not
226 2643 2509 3098 werkkeit genau, ihr dazu; in Fall für
264 2980 1560 3254 tres in kea p sorgen.
366 3002 2728 3470 Er weise auch, das man ihr nicht sehr sich
267 3254 2334 3715 fall; er wird wenig us
280 3649 860 3846 respected
