3368 4056
2620 236 2737 359 87.
969 376 2990 604 einem jungen Herrn nach Ind ten zu gehen und
974 560 2862 732 in einem Zelt zu schlafen, der einen viel-
969 706 2932 881 leicht totgeschossen hätte,wenn er wüsste.
960 846 2993 1030 Kurz und gut, ich stelle mich Ihnen in jeder
966 998 3020 1231 Wetse zur Verfügung. Ich will nichts beschö¬
980 1182 2681 1357 nigen, es ist nun einmal so gekommen.
744 1327 1786 1508 Hans: Meine Schwester
750 1418 3095 1634 Sala: Ja, ich bin's gewesen.Darüber ist nun vatter
992 1628 2941 1809 nichts zu reden. Ich teile Ihnen zugleich
998 1780 2973 1946 mit, dass ich keine Ahnung habe wo sie ist.
1001 1937 2839 2139 Sie verschwand wieder. Nun, was es immer
1009 2080 3031 2264 war,ob eine besondere Schurkerei oder etwas
1018 2229 2996 2433 was jeder täte, ich kann nur sagen,es steht
1024 2375 3148 2562 bei Ihnen mit mir zu machen was Ihren beliebt
1039 2524 2515 2696 bevor wir zusammen nach Indien -
791 2667 2926 2900 Hans: Nun Herr von Sala, Sie werden nicht nach
1039 2874 1669 3037 Ind ien gehen.
814 3025 1768 3198 Sala: Ich bitte, ja
811 3081 3084 3349 Hans: Sie werden im nächsten Frühjahr nicht nach
1053 3300 1683 3483 Ind ten gehen.
817 3431 2535 3644 Sala: Oh,ach so, ich verstehe. Ja, hm.
