3384 4056
724 593 2840 859 Julian wollte Felix schon früher die Wahrheit
721 804 2937 1025 gestehen. XXXXXXXXXXXXXX Frau V. vollkommen
718 922 2908 1142 dagegen. Endlich wird verabredet, dass sie ihm
741 1071 3003 1317 ein Zeichen geben wird, wenn die Zeit da ist, an
733 1262 2946 1437 deren Kommen sie überhaupt nicht glaubt. Dieses
736 1434 2911 1574 Zeichen wird darin bestehen, dass sie Felix zu
739 1557 3037 1718 Julian um ihr Jugendbildnis schicken wird. Davon,
747 1715 2837 1863 dass das auch nach ihrem Tode erst geschehen
739 1901 2032 2078 könnte, war nicht die Rede.
