3512 4136
2643 248 2800 392 23
615 471 1158 643 Julian: Ja.
631 562 3154 794 Sala: Nun ja, aber haben Sie denn dieses Wesen geliebt?
637 756 2972 926 Julian: Das nicht Aber man solle nicht verleugnen.
879 888 3054 1136 die erste Zeit mit ihr in Italien war schön, ob
879 1055 3038 1237 wohl ich fühlte, dass sie nur von all dem Neuen
895 1177 3095 1400 gewissermassen berauscht war,was sie durch mich
891 1334 3098 1585 sehen und gentessen konnte. Aber das natürliche
907 1485 3023 1670 Verhältnis stellte sich bald her.Sie ist noch
913 1664 2979 1861 jung, ich werde alt. Sie löste sich allmählich
904 1792 3070 2034 los und ich sah den Tag herannahen,wo sie mich
920 1962 3085 2150 belügen oder von mir Abschied nehmen würde. Ich
926 2094 2950 2316 kam ihr zuvor.Sie atmete auf.Eines Morgens
932 2235 3092 2429 war sie fort und ich uxr wieder allein.Das ist
948 2442 1974 2605 jetzt xxx Monate her.
998 2552 3038 2762 Ja das haben Sie doch schon häufig genug er¬
709 2627 951 2781 Sa la.
957 2706 3111 2947 lebt. Ich kann an dieser Geschichte beim besten
957 2866 2420 3085 Willen nichts Trauriges finden.
728 2957 3176 3214 Julian: Sie haben recht. Traurig ist sie,wenn man sie
979 3120 3167 3358 zum letzten Mal erlebt. Sie ist eher lächerlich.
970 3283 3198 3515 Aber auf die Gefahr hin Ihnen noch lächerlicher
989 3412 3214 3638 vorzukommen, ich trug mich mit der Absicht jenes
992 3556 3019 3785 Wesen zu heiraten. Ja, ich wollte sie an mich
