3384 4040
631 887 2775 1153 Ausblick auf die Möglichkeit einer Heirat zwi-
648 1176 1731 1322 schen Irene und Julian.
654 1296 2388 1437 Verhältnis der Frau Wegrath zu rene.
645 1448 2876 1630 Vielleicht hat Frau Wegrath ohne irgend eine Na-
637 1560 2851 1760 mensnennung Irenen etwas von dem, was sie Sünde
645 1782 1367 1942 nennt, erzählt.
662 1931 2817 2082 Vielleicht geschieht ein Geständnis nur in der
2326 2001 2784 2107 Arzt kein
654 2060 2890 2256 Szene Irene-Frau Wegrath, so dass der Eingeweih-
679 2270 1100 2399 ter wäre.
671 2360 1948 2537 Irene’s Auftreten im I.Akt.
676 2492 2902 2666 Irene im II.Akt. "Mir kannst du’s ja sagen, ich
662 2683 1914 2840 möcht's sicher gern haben."
685 2846 2537 2975 Verdacht Irenens beim Erscheinen Felix'.
685 2977 2753 3123 Vielleicht erwacht schon im I.Akt ein leiser
685 3188 1532 3317 Verdacht in Irene.
674 3292 2935 3446 Beziehungen von Irene und Frau Wegrath in frühe-
685 3435 1855 3628 rer Zeit. :Freundinnen? :
