<?xml version="1.0" encoding="UTF-8" standalone="yes"?>
<PcGts xmlns="http://schema.primaresearch.org/PAGE/gts/pagecontent/2013-07-15" xmlns:xsi="http://www.w3.org/2001/XMLSchema-instance" xsi:schemaLocation="http://schema.primaresearch.org/PAGE/gts/pagecontent/2013-07-15 http://schema.primaresearch.org/PAGE/gts/pagecontent/2013-07-15/pagecontent.xsd">
    <Metadata>
        <Creator>prov=READ-COOP:name=TrHtr:version=2.1.0:model_id=51170:date=28_07_2023_17:24</Creator>
        <Created>2023-05-10T11:40:16.141+02:00</Created>
        <LastChange>2023-07-28T17:24:10.638+02:00</LastChange>
        <TranskribusMetadata docId="1428169" pageId="55389739" pageNr="31" tsid="131366830" status="IN_PROGRESS" userId="64420" imgUrl="https://files.transkribus.eu/Get?id=YVHGOIOIICKSNNJTETBUUOUB&amp;fileType=view" xmlUrl="https://files.transkribus.eu/Get?id=YZDBCGVVEWCFLFKIZSWFBLLD" imageId="44664628"/>
    </Metadata>
    <Page imageFilename="1428169_0031.jpg" imageWidth="3592" imageHeight="4440">
        <ReadingOrder>
            <OrderedGroup id="ro_1711803394517" caption="Regions reading order">
                <RegionRefIndexed index="0" regionRef="tr_1"/>
                <RegionRefIndexed index="1" regionRef="tr_2"/>
            </OrderedGroup>
        </ReadingOrder>
        <TextRegion id="tr_1" custom="readingOrder {index:0;}">
            <Coords points="802,713 3031,713 3031,2015 802,2015"/>
            <TextLine id="tr_1_tl_1" custom="readingOrder {index:0;}">
                <Coords points="2661,808 2678,808 2715,788 2737,802 2749,797 2766,814 2780,814 2777,692 2763,692 2752,681 2735,689 2687,664 2658,664"/>
                <Baseline points="2676,763 2721,763 2766,763 2786,766"/>
                <TextEquiv>
                    <Unicode>27</Unicode>
                </TextEquiv>
            </TextLine>
            <TextLine id="tr_1_tl_2" custom="readingOrder {index:1;}">
                <Coords points="811,1107 918,1071 1059,1093 1141,1068 1195,1099 1229,1068 1356,1057 1523,1079 1520,952 1429,986 1280,932 1028,986 910,918 808,912"/>
                <Baseline points="826,1047 871,1041 916,1041 960,1041 1005,1047 1050,1047 1095,1047 1139,1050 1184,1050 1229,1050 1274,1050 1318,1050 1363,1050 1408,1050 1453,1050 1497,1056 1530,1062"/>
                <TextEquiv>
                    <Unicode>Der Sohn kommt.</Unicode>
                </TextEquiv>
            </TextLine>
            <TextLine id="tr_1_tl_3" custom="readingOrder {index:2;}">
                <Coords points="808,1226 1130,1209 1283,1263 1438,1223 2034,1240 2031,1099 1828,1130 1746,1088 1342,1158 805,1110"/>
                <Baseline points="820,1193 865,1190 910,1193 954,1196 999,1202 1044,1202 1089,1202 1133,1205 1178,1205 1223,1205 1268,1202 1312,1202 1357,1202 1402,1205 1447,1205 1491,1208 1536,1211 1581,1211 1626,1211 1670,1211 1715,1211 1760,1211 1805,1211 1850,1211 1894,1211 1939,1211 1984,1214 2029,1220 2040,1223"/>
                <TextEquiv>
                    <Unicode>Bewegung des Junggesellen.</Unicode>
                </TextEquiv>
            </TextLine>
            <TextLine id="tr_1_tl_4" custom="readingOrder {index:3;}">
                <Coords points="794,1387 2966,1418 2963,1240 2876,1220 1862,1305 1136,1218 791,1268"/>
                <Baseline points="808,1348 853,1345 898,1345 942,1348 987,1348 1032,1348 1077,1351 1121,1351 1166,1351 1211,1351 1256,1354 1300,1354 1345,1354 1390,1354 1435,1357 1480,1357 1524,1357 1569,1357 1614,1360 1659,1360 1703,1363 1748,1360 1793,1363 1838,1363 1882,1363 1927,1369 1972,1366 2017,1369 2061,1369 2106,1369 2151,1369 2196,1369 2240,1369 2285,1369 2330,1369 2375,1372 2419,1372 2464,1372 2509,1372 2554,1375 2598,1375 2643,1375 2688,1375 2733,1375 2777,1375 2822,1375 2867,1378 2912,1378 2957,1381 2971,1381"/>
                <TextEquiv>
                    <Unicode>Freundlichkeit des Sohns, der ihn sehr geliebt</Unicode>
                </TextEquiv>
            </TextLine>
            <TextLine id="tr_1_tl_5" custom="readingOrder {index:4;}">
                <Coords points="785,1531 3023,1548 3020,1429 2927,1415 783,1418"/>
                <Baseline points="802,1506 847,1503 892,1503 936,1506 981,1509 1026,1506 1071,1506 1115,1506 1160,1506 1205,1509 1250,1509 1295,1506 1339,1509 1384,1509 1429,1509 1474,1512 1518,1512 1563,1512 1608,1512 1653,1515 1697,1515 1742,1515 1787,1515 1832,1518 1876,1518 1921,1518 1966,1518 2011,1521 2055,1518 2100,1521 2145,1521 2190,1521 2234,1524 2279,1524 2324,1524 2369,1527 2413,1527 2458,1527 2503,1527 2548,1527 2592,1530 2637,1533 2682,1533 2727,1533 2772,1536 2816,1536 2861,1536 2906,1536 2951,1536 2995,1536 3031,1536"/>
                <TextEquiv>
                    <Unicode>hat. Wie sehr hab' ich mich schon nach Ihnen ge-</Unicode>
                </TextEquiv>
            </TextLine>
            <TextLine id="tr_1_tl_6" custom="readingOrder {index:5;}">
                <Coords points="797,1692 2975,1695 2972,1596 2706,1574 794,1607"/>
                <Baseline points="811,1656 856,1653 901,1656 945,1656 990,1656 1035,1656 1080,1662 1124,1662 1169,1662 1214,1662 1259,1662 1303,1662 1348,1662 1393,1665 1438,1665 1482,1665 1527,1665 1572,1667 1617,1667 1662,1667 1706,1670 1751,1670 1796,1670 1841,1670 1885,1670 1930,1670 1975,1670 2020,1670 2064,1673 2109,1673 2154,1673 2199,1673 2243,1673 2288,1676 2333,1676 2378,1676 2422,1679 2467,1679 2512,1679 2557,1682 2601,1682 2646,1685 2691,1682 2736,1682 2780,1685 2825,1685 2870,1685 2915,1685 2960,1685 2983,1691"/>
                <TextEquiv>
                    <Unicode>sehnt. Aber so lange liessen Sie sich nicht se-</Unicode>
                </TextEquiv>
            </TextLine>
            <TextLine id="tr_1_tl_7" custom="readingOrder {index:6;}">
                <Coords points="788,1836 2774,1856 2754,1692 788,1752"/>
                <Baseline points="805,1814 850,1811 895,1811 939,1811 984,1814 1029,1814 1074,1817 1118,1817 1163,1820 1208,1820 1253,1820 1297,1823 1342,1823 1387,1823 1432,1823 1477,1823 1521,1823 1566,1823 1611,1823 1656,1823 1700,1823 1745,1826 1790,1826 1835,1826 1879,1829 1924,1829 1969,1829 2014,1829 2058,1829 2103,1832 2148,1832 2193,1835 2237,1835 2282,1835 2327,1835 2372,1838 2416,1841 2461,1841 2506,1841 2551,1841 2595,1838 2640,1841 2685,1841 2730,1841 2775,1844 2780,1847"/>
                <TextEquiv>
                    <Unicode>hen! Ja, wir haben Schlimmes erlebt. Meine</Unicode>
                </TextEquiv>
            </TextLine>
            <TextLine id="tr_1_tl_8" custom="readingOrder {index:7;}">
                <Coords points="788,1983 2961,2011 2961,1941 2817,1904 2407,1946 2150,1853 788,1893"/>
                <Baseline points="805,1963 850,1966 895,1966 939,1966 984,1966 1029,1969 1074,1969 1118,1972 1163,1975 1208,1975 1253,1978 1297,1978 1342,1981 1387,1981 1432,1978 1477,1978 1521,1978 1566,1978 1611,1978 1656,1978 1700,1978 1745,1978 1790,1978 1835,1981 1879,1981 1924,1981 1969,1984 2014,1984 2058,1984 2103,1987 2148,1987 2193,1990 2237,1990 2282,1990 2327,1990 2372,1990 2416,1990 2461,1990 2506,1993 2551,1993 2595,1996 2640,1996 2685,1996 2730,1999 2775,1999 2819,1999 2864,1999 2909,1999 2954,2002 2968,2005"/>
                <TextEquiv>
                    <Unicode>Schwester.... Wenn Mädchen auch so ein Gegenge-</Unicode>
                </TextEquiv>
            </TextLine>
        </TextRegion>
        <TextRegion id="tr_2" custom="readingOrder {index:1;}">
            <Coords points="784,2068 3049,2068 3049,3384 784,3384"/>
            <TextLine id="tr_2_tl_1" custom="readingOrder {index:0;}">
                <Coords points="842,2133 2800,2170 2797,2107 2607,2045 2333,2096 1613,2082 1435,2011 842,2054"/>
                <Baseline points="856,2124 901,2121 945,2118 990,2121 1035,2121 1080,2124 1124,2124 1169,2124 1214,2127 1259,2127 1303,2127 1348,2130 1393,2130 1438,2130 1482,2130 1527,2130 1572,2130 1617,2130 1662,2130 1706,2133 1751,2133 1796,2136 1841,2133 1885,2133 1930,2136 1975,2136 2020,2139 2064,2136 2109,2139 2154,2142 2199,2139 2243,2139 2288,2139 2333,2142 2378,2142 2422,2142 2467,2145 2512,2145 2557,2145 2601,2145 2646,2145 2691,2145 2736,2151 2780,2154 2807,2157"/>
                <TextEquiv>
                    <Unicode>wicht hätten, kommen Sie nun wieder öfter.</Unicode>
                </TextEquiv>
            </TextLine>
            <TextLine id="tr_2_tl_2" custom="readingOrder {index:1;}">
                <Coords points="783,2311 2944,2345 2941,2223 2452,2232 2342,2167 780,2192"/>
                <Baseline points="799,2276 844,2276 889,2276 933,2276 978,2276 1023,2276 1068,2276 1112,2279 1157,2279 1202,2279 1247,2279 1292,2282 1336,2282 1381,2282 1426,2282 1471,2282 1515,2285 1560,2285 1605,2288 1650,2288 1694,2288 1739,2288 1784,2288 1829,2288 1873,2288 1918,2291 1963,2294 2008,2291 2052,2294 2097,2297 2142,2300 2187,2297 2231,2297 2276,2297 2321,2297 2366,2297 2410,2297 2455,2297 2500,2300 2545,2300 2590,2300 2634,2303 2679,2303 2724,2303 2769,2303 2813,2300 2858,2300 2903,2300 2948,2303 2951,2303"/>
                <TextEquiv>
                    <Unicode>Auffallende Bewegung des Junggesellen. Er lädt</Unicode>
                </TextEquiv>
            </TextLine>
            <TextLine id="tr_2_tl_3" custom="readingOrder {index:2;}">
                <Coords points="788,2441 2994,2500 2992,2387 2842,2370 1915,2325 1243,2384 785,2308"/>
                <Baseline points="805,2425 850,2428 895,2428 939,2428 984,2431 1029,2431 1074,2431 1118,2431 1163,2431 1208,2434 1253,2431 1297,2434 1342,2434 1387,2437 1432,2437 1477,2440 1521,2440 1566,2440 1611,2440 1656,2440 1700,2440 1745,2443 1790,2440 1835,2443 1879,2443 1924,2443 1969,2443 2014,2443 2058,2443 2103,2446 2148,2446 2193,2446 2237,2446 2282,2446 2327,2449 2372,2449 2416,2449 2461,2452 2506,2449 2551,2449 2595,2452 2640,2452 2685,2452 2730,2455 2775,2455 2819,2455 2864,2455 2909,2455 2954,2455 2998,2458 3001,2458"/>
                <TextEquiv>
                    <Unicode>den Sohn ein, ihn bald zu besuchen. Von den Rei-</Unicode>
                </TextEquiv>
            </TextLine>
            <TextLine id="tr_2_tl_4" custom="readingOrder {index:3;}">
                <Coords points="785,2622 2746,2622 2743,2559 2449,2500 1992,2559 1667,2497 783,2520"/>
                <Baseline points="802,2584 847,2581 892,2584 936,2587 981,2587 1026,2587 1071,2587 1115,2587 1160,2590 1205,2587 1250,2587 1295,2590 1339,2590 1384,2590 1429,2592 1474,2592 1518,2592 1563,2595 1608,2592 1653,2592 1697,2592 1742,2592 1787,2592 1832,2592 1876,2592 1921,2592 1966,2595 2011,2595 2055,2595 2100,2595 2145,2598 2190,2598 2234,2598 2279,2598 2324,2598 2369,2598 2413,2598 2458,2601 2503,2601 2548,2601 2592,2601 2637,2604 2682,2607 2727,2610 2751,2616"/>
                <TextEquiv>
                    <Unicode>sen. Empfindung. Ich muss ihn wiederhaben.</Unicode>
                </TextEquiv>
            </TextLine>
            <TextLine id="tr_2_tl_5" custom="readingOrder {index:4;}">
                <Coords points="777,2760 3020,2774 2955,2661 2223,2641 2107,2712 774,2627"/>
                <Baseline points="793,2739 838,2736 883,2736 927,2736 972,2739 1017,2736 1062,2739 1107,2739 1151,2739 1196,2739 1241,2739 1286,2739 1330,2739 1375,2742 1420,2742 1465,2745 1509,2745 1554,2742 1599,2745 1644,2745 1688,2742 1733,2742 1778,2745 1823,2745 1867,2745 1912,2748 1957,2748 2002,2748 2046,2751 2091,2751 2136,2754 2181,2754 2225,2754 2270,2754 2315,2754 2360,2754 2405,2757 2449,2754 2494,2754 2539,2757 2584,2757 2628,2757 2673,2760 2718,2760 2763,2760 2807,2763 2852,2763 2897,2763 2942,2760 2986,2760 3028,2766"/>
                <TextEquiv>
                    <Unicode>Der Sohn muss eine bestimmte naturphilosophische</Unicode>
                </TextEquiv>
            </TextLine>
            <TextLine id="tr_2_tl_6" custom="readingOrder {index:5;}">
                <Coords points="774,2913 3045,2961 3045,2873 2901,2817 2466,2777 1396,2848 771,2788"/>
                <Baseline points="790,2894 835,2891 880,2891 925,2894 969,2894 1014,2897 1059,2897 1104,2897 1148,2894 1193,2894 1238,2894 1283,2897 1327,2897 1372,2900 1417,2903 1462,2903 1506,2903 1551,2903 1596,2903 1641,2900 1685,2900 1730,2900 1775,2900 1820,2903 1864,2903 1909,2903 1954,2903 1999,2906 2043,2909 2088,2909 2133,2912 2178,2915 2222,2915 2267,2918 2312,2918 2357,2918 2402,2912 2446,2915 2491,2915 2536,2918 2581,2918 2625,2918 2670,2921 2715,2921 2760,2921 2804,2921 2849,2921 2894,2921 2939,2918 2983,2918 3028,2918 3049,2915"/>
                <TextEquiv>
                    <Unicode>Arbeit machen. Es ist der Weg. Er sagt, ich glau-</Unicode>
                </TextEquiv>
            </TextLine>
            <TextLine id="tr_2_tl_7" custom="readingOrder {index:6;}">
                <Coords points="780,3071 797,3068 825,3079 842,3068 887,3082 898,3093 904,3088 924,3096 944,3091 935,3003 918,3009 910,3000 896,3003 870,2986 862,2989 842,2972 831,2980 794,2978 788,2989 771,2986"/>
                <Baseline points="793,3040 838,3043 883,3049 927,3052 948,3058"/>
                <TextEquiv>
                    <Unicode>be.</Unicode>
                </TextEquiv>
            </TextLine>
            <TextLine id="tr_2_tl_8" custom="readingOrder {index:7;}">
                <Coords points="771,3252 833,3215 1684,3223 1797,3271 1856,3229 1856,3076 1800,3099 1718,3062 1314,3153 1237,3110 1178,3150 1102,3110 944,3124 768,3059"/>
                <Baseline points="784,3198 829,3195 874,3198 919,3201 963,3201 1008,3201 1053,3201 1098,3201 1142,3201 1187,3201 1232,3204 1277,3204 1321,3207 1366,3207 1411,3207 1456,3204 1500,3207 1545,3204 1590,3204 1635,3204 1679,3204 1724,3207 1769,3207 1814,3207 1858,3210 1864,3210"/>
                <TextEquiv>
                    <Unicode>Bist du ein guter Arzt?</Unicode>
                </TextEquiv>
            </TextLine>
            <TextLine id="tr_2_tl_9" custom="readingOrder {index:8;}">
                <Coords points="780,3379 1678,3424 1879,3370 2147,3432 2486,3387 2483,3288 2316,3266 2155,3325 1574,3229 777,3285"/>
                <Baseline points="796,3359 841,3353 886,3350 930,3350 975,3350 1020,3350 1065,3350 1110,3350 1154,3350 1199,3353 1244,3353 1289,3353 1333,3353 1378,3356 1423,3356 1468,3359 1512,3359 1557,3359 1602,3359 1647,3359 1691,3359 1736,3362 1781,3362 1826,3362 1870,3365 1915,3365 1960,3365 2005,3368 2049,3368 2094,3368 2139,3368 2184,3365 2228,3368 2273,3368 2318,3368 2363,3368 2407,3371 2452,3371 2494,3374"/>
                <TextEquiv>
                    <Unicode>Ich habe immer leidlich lügen können.</Unicode>
                </TextEquiv>
            </TextLine>
        </TextRegion>
    </Page>
</PcGts>
