3400 4168
581 489 1436 655 Mai 1903, Lugano.
593 711 2878 882 Julian verbittert angstvoll dem Alter entge-
604 849 2884 1023 gensehend.Auf Reisen,hat dort Hans kennen ge
607 994 2887 1188 lernt.einen liebenswürdigen jungen Menschen,
590 1156 1533 1356 der sein Sohn ist.
599 1280 2943 1539 Ein Telegramm ruft Hans nach Hause,seine Mut-
602 1501 1707 1640 ter ist schwer krank.
634 1634 2961 1822 (Auf dieser Reise könnte er mit einer Gelieb-
604 1805 1607 1961 ten zusammen sein).
607 1937 2023 2111 Auch Sala ist hier gewesen.
602 2076 2798 2247 Julian hat diese Reise mit seinem Sohn ge-
607 2262 2156 2418 macht. Der Sohn liebt ihn sehr.
607 2391 2975 2551 Er möcht es ihm sagen, aber die Mutter hat ihn
613 2568 2020 2745 beschworen es nicht zu tun.
619 2654 2701 2881 Oder er weiss von der Mutter gar nichts.
613 2831 2253 3011 Der Sohn ein verlumpter Bursch?
613 2981 2978 3179 Der brave Kaufmann ein reicher Mann geworden?
649 3140 1884 3359 sala verkehrt dort auch.
625 3300 1716 3509 Der Kaufmann verarmt.
622 3471 2940 3642 Eventuell hat der Sohn ein Verhältnis mit der
646 3609 1693 3860 Frau eines Freundes.
