3560 4440
2538 600 2674 767 29
748 764 2574 954 Kränken Sie sich wegen Ihrer Schwester?
748 931 2941 1126 Damit ist es sonderbar. Ich verstehe alles. Was
751 1090 2861 1257 sell ich ihr übelnehmen? Aber trotzdem ist es
748 1259 2938 1409 möglich, dass ich sie schlagen würde. Verführer
803 1412 2961 1571 das ist gewiss Unsinn. Und doch, wenn ich ahn-
762 1565 2791 1729 te, wer... Ja, überlegen sind wir Alle sehr,
745 1729 2944 1871 aber - - Doch reden wir nicht davon. Mein Vater
762 1876 2988 2052 ist schwach. Eigentlich widerstrebt mir jede Art
756 1999 1615 2202 von Weichlichkeit.
745 2185 2344 2349 Möchten Sie einmal mit mir reisen?
759 2335 1106 2438 O gern.
756 2455 2922 2655 Ich will es Ihnen sagen, Sie verstehen so viel.
751 2641 2908 2824 Wir wollen sehen, ob Sie wirklich so überlegen
751 2794 1938 2961 sind. Sie sind mein Sohn.
745 2927 1565 3116 Was sagen Sie da?
748 3072 2936 3272 Es ist, wie ich Ihnen sage: Sie sind mein Sohn.
759 3250 1746 3453 Ich hab e Sie gezeugt.
753 3386 2911 3572 Warum teilen Sie mir das mit? Ich hätte mir an
756 3542 2988 3739 Ihrer Stelle mit dem Bewusstsein genügen lassen.
751 3720 2988 3895 Sie haben Ihre Mutter nie gekannt. Sie war mein.
751 3850 2813 4050 Wir haben uns geliebt. Ich schwöre dir, dass
