3352 3992
507 528 2045 663 Der Sohn in Gefahr, Abgeordneter?
553 694 2904 850 Er tritt für etwas ein, das ihn nichts angeht, nur
546 872 1268 970 aus Rechtssinn.
507 992 2895 1114 Einziger Beweis für wirklichen Altruismus, wenn Je-
503 1170 2969 1271 manu nur aus Gerechtigkeitssinn mit Gefahr seines Le-
559 1299 2947 1421 bens, ohne Möglichkeit ihrgena eines Nutzens etwas
559 1486 933 1578 beginnt.
516 1621 1431 1731 Gegensatz zum Vater
513 1704 2880 1867 Der natürliche Vater stets von Bewunderung für den
516 1860 2978 2014 Sohn erfüllt, möchte in der Stunde der Gefahr an sei-
519 2063 2916 2189 ner Seite stehen und sieht sich zurückgewiesen oder
528 2241 1814 2324 wenigstens zögernd begrüsst
516 2324 2941 2493 Und wie der Sohn als Opfer fällt, sagt er dem Vater:
568 2517 1661 2616 Nein, ou bist es nicht.
