3368 4088
685 493 1485 694 Wahrheit sagen.
676 622 2912 848 Zu überlegen, ob nicht auch dieser Alte ein
688 794 1697 969 Egoist sein könnte.
702 889 2803 1101 Er hat wieder nur seinen Studien gelebt.
702 1066 2967 1258 Die Menschen um sich nicht kennen gelernt?
708 1201 2866 1447 Fünfter Akt.lm Hause Bonifaz.Selbe Nacht.
711 1416 1459 1568 Der alte Arzt?
717 1597 1364 1737 Karl, Julian.
725 1734 2001 1897 Wir wollen es ihm sagen.
728 1849 2832 2038 Nein, ich schiesse mich tot,wenn er’s er-
731 2018 1597 2198 fährt. Wozu auch?
751 2132 3024 2388 sala. Ich muss Ihnen die Wahrheit sagen, denn
751 2279 2689 2514 vielleicht fänden sie es unanständig.
751 2451 3050 2646 Wir werden nicht unter einem Zelte schlafen.
760 2617 2904 2797 Also was jetzt? Bonifaz darf’s niewissen.
754 2769 2947 2969 Nicht theatralisch.Karl:Nun ja, Sie können
771 2924 2989 3124 es ihm sagen, aber ich überleb es nicht. Ich
774 3070 2623 3302 schwör es Ihnen, ich bringe mich um.
782 3196 3087 3428 Und Johanna:Der Alte darf nie erfahren,warum
782 3431 1321 3600 sie stark.
794 3551 2207 3789 Karl fort aus diesem Hause.
