3288 3928
2370 437 2552 574 142
1074 558 2829 703 legenheit hätte, auch andere Menschen
1065 690 2692 886 zu sehen, mit anderen zu reden, zu
1082 845 1806 1012 vergleichen...
647 1004 1149 1138 Jul: Nun?
647 1151 2805 1328 Wegr: Nun, es mag ja sein... nein, es ist si-
1068 1294 2850 1463 cher, dass ich dich jedenfalls im Hau-
1068 1481 2856 1629 se meiner Braut eingeführt hätte. Aber
1108 1591 2907 1777 dass der Nebengedanke da war, das kann
1071 1758 2813 1919 ich nicht leugnen. Du hast ja dazumal
1063 1938 2780 2093 den Ruf gehabt, ganz unwiderstehl ich
1052 2083 2861 2246 zu sein, und sehr interessant sahst du
1049 2219 2872 2402 aus, und auf dem Weg warst du, sehr be-
1057 2380 2732 2550 rijhmt zu werden. Kurz und gut, wenn
1041 2517 2772 2700 Einer da war, den ein Mensch wie ich
1044 2668 2788 2834 hätte fürchten müssen, so warst du's.
1044 2839 2759 2987 Und eigentlichstelltest du nicht nur
1049 3014 2853 3140 dich allein vor, du brahetest so einen
1036 3137 2807 3320 Hauch von einer andern Welt mit. Wenn
1044 3317 2866 3457 sie dich kannte, so kannte sie viel...
1039 3446 2646 3696 Ja, und darum bat ich dich damals,
