3592 4408
2600 682 2761 801 18
733 770 1495 973 will dich haben.
2851 953 2955 1159 e
708 1091 2405 1280 Die Schauspielerin. Treff' ich dich?
702 1238 1576 1424 Das ist mein Sohn.
2465 1387 2634 1495 dep
716 1390 2843 1596 Szene, wo die Schauspielerin entdeckt, er hat
697 1574 2961 1720 zugleich das Verhältnis mit jener Frau gehabt.
699 1678 2879 1901 Er hört den Doktor und den Lyriker kommen. Ich
697 1887 2445 2013 kann sie jetzt nicht gleich sprechen.
694 1997 2758 2194 Schauspießin. Kurzes Gespräch mit dem Arzt.
691 2202 1356 2349 Lyriker, Sohn.
694 2326 2893 2499 Lyriker: Nun, ich will es gestehen: ich war es.
1184 2462 1371 2569 mich
694 2504 2910 2687 Sie wusste todgeweiht. Ich hielt sie nicht, ich
694 2640 2896 2797 wollte nicht. Wir sind gereist acht Tage mit
685 2786 2913 2969 einander. Ich will nicht mit einer Lüge von hin-
674 2941 1165 3113 nen gehen.
691 3105 2919 3263 Im Sohn wachen alle atavistischen Instinkte auf,
677 3268 2789 3415 Was sind wir? Ich möchte Sie töten, ich hasse
671 3423 871 3570 Sie.
671 3502 2699 3782 Der Diener kommt herein. Warum war hier die
671 3720 1754 3951 Türe zugesperrt? wieso?
