3528 4216
189 236 302 395 1
179 219 2784 637 freve Gavius kunt, si baltfra Juliay nach wie
126 514 2801 800 ner - nu kam Sala nach wie vor nicht verte.-
156 737 2628 1039 Mit Julee kommt sie auf ein Vergangenheites
183 969 2532 1371 gebrach – auf ihr Verarzeichnet. auch ihr
1258 1148 2652 1460 Vigangenheit; - es ist
222 1238 1231 1527 gemeinschaftlich
219 1334 2642 1722 binn die Rede, daß sie ein Kindselle
252 1573 2612 1935 habe kommt. dass als an Freiheit
189 1868 1610 2184 kein es geloren weritÜ.
299 1988 2688 2366 Ich die Männern? wenn die übersang¬
302 2257 1885 2625 Einab immernt er seit.
319 2423 2297 2781 Von Julien lass: en sel einer
315 2625 2652 2984 so versieht nicht, dass er siehe nicht sol
295 2788 2605 3226 der jetzt nicht. lebt in der Freundt.-
435 3203 806 3455 ./.-.-
292 3286 2814 3674 in hundkad; as but but was
322 3571 2131 3943 gesehnl. wirklich gesehet..
