3416 4072
2694 263 2812 415 80
738 480 1375 653 Irene.Julian.
748 635 1527 810 Irene: Er tst’s?
746 771 1984 962 Julian: Wie meinst Du das?
753 918 1894 1125 Irene: Er ist Dein Sohn?
753 1104 1295 1282 Jultan: Ja.
759 1197 2776 1391 Irene: Ich dachte es. Du hast’s ihm gesagt?
764 1404 1305 1553 Julian: Ja.
769 1520 2802 1718 Irene: Also seine Frau, diese Heilige. Oh, wie
1004 1664 2957 1852 sündig bin ich mir der gegenüber vorgekom¬
1004 1821 2887 2018 men. Es tst ja doch eine wie die andere.
1006 1956 2848 2131 Wir sind alle Canatllen oder Enjel oder
1019 2108 2993 2296 Weiber, was weiss ich.Es ist wahrsche inlich
1027 2299 2015 2469 gar nicht so wichtig.
782 2448 1886 2608 Julian: Wahrsche inlich.
795 2603 2079 2789 Irene: Wie alt ist er denn?
797 2740 1563 2928 Julian: E tst —
800 2882 2314 3111 Irene: Halt, ich weiss es ja. Oh!
800 3037 2002 3253 Julian: Was ist Dir denn?
815 3142 2890 3385 Irene: (mit einigem Ehel) Oh, oh! Du er innerst
1040 3326 2890 3496 Dich vielleicht nicht mehr. Ich will Dir
