3336 3992
2031 150 2535 357 Treve
931 219 1241 451 GOI
871 501 3043 721 Unsern Freund Julian müssen wir nun ordentlich
555 567 802 702 Sala:
790 624 3055 871 in Behandlung nehmen; seine Familiensehnsucht be-
790 837 1902 1003 kommt etwas Krankhaftes.
840 956 3096 1100 Der Sinn ist: Jemanden haben - ein Weib oder ein
573 1003 755 1178 Jul:
796 1100 2432 1238 Kind. Idee der Zusammengehörigkeit.
893 1247 3090 1376 Dass Sie das sagen, gerade Sie, der es manchmal
570 1263 805 1391 Sala:
805 1404 2921 1548 selbst sehen konnte, wie viel Verlogenheit in
805 1570 3027 1689 dieser Zusammengehörigkeit steckt. Mir graut es,
796 1717 2911 1861 wenn ich alternde Familien sehe. Der Mann ist
796 1840 2971 2002 stumpf geworden in seinen Geschäften, die Frau
799 2009 3052 2153 hat ihre Liebhaber oder Ihre Traume gehabt...was
799 2184 3059 2338 manchmal noch schlimmer ist; die Kinder flattern
805 2316 2971 2457 auseinander, davon, und wenn sie bleiben, sind
802 2460 3049 2601 sie ja doch auch davongeflattert in ihre eigenen
802 2648 1326 2780 Schicksale.
849 2773 3068 2892 Auf die innere ideale Zusammengehörigkeit kommt
583 2780 758 2927 Jul:
815 2918 3062 3077 es an, auf ein Zusammenwachsen mit der Zeit auf
802 3071 3008 3212 ein Zusammenbleiben. Was will ein Rausch bedeu-
799 3206 2222 3388 ten, der wieder verflogen ist?
570 3410 3087 3579 Sala: Ja. Sie vergessen nur, dass zuweilen einem sol-
