3592 4424
2469 636 2612 756 28
773 724 2569 955 III.Akt. Im Hause des Junggesellen. Se
776 930 2050 1109 Schauspielerin ist bei ihm.
767 1089 2751 1252 Er ist bewegt. Nun, ich habe ihn gefunden.
773 1212 3048 1423 Was du nicht sagst! Sonderbar! ich habe eine ver-
773 1400 3068 1554 spätete Wut. Wir hätten einen haben können, jetzt
776 1562 3048 1682 wär' er erwachsen, zweiundzwanzig Jahre. Ich darf
767 1708 3057 1868 nicht daran denken, Welche Feigheit! Was für
770 1828 2381 2027 Ueberschätzung! Was willst du tun?
776 1987 1534 2187 Ich weiss nicht,
770 2116 2606 2352 An dem Bewusstsein sich genügen lassen?
776 2335 2731 2452 Nein, bei mir haben, will mit einem leben.
776 2461 1816 2637 Ich möchte ihn kennen.
764 2769 2880 2911 Der Sohn. Er lernt die Schauspielerin kennen.
764 2928 2144 3111 Er hat sie gesehen, als Kind.
764 3062 2107 3279 Heiteres Gespräch. Sie geht.
761 3350 2002 3567 Nun, was machen Sie immer?
770 3513 2903 3701 Studieren. Es ist das Einzige. Ich richte mir
767 3681 2207 3875 me in Leben aufs Altwerden ein.
