3464 4136
2420 239 2563 377 72
895 396 2913 621 leiden sah und das zu noch längerem furcht¬
901 583 2913 765 baren L### den bestimmt vor.Es war ein Wesen,
906 724 2902 917 das ich zu sehr liebte, um es weiter leiden
906 879 2745 1052 zu sehen, es war ein Wesen, das mich bat:
890 1039 1587 1237 March ein Ende.
716 1177 2276 1392 Hans: Meine Mutter? Du hast sie —
722 1337 2905 1584 Pflugf.: Ich habe sie getötet. Nun erschrickst
898 1489 1313 1698 Du doch.
735 1590 2251 1812 Hans: Nein, ich erschreiche nicht.
735 1804 2791 1975 Pflugf : Nie, ich schwör es Dir, nie habe ich
920 1939 2867 2137 Reuhe empfunden.Stets war ich überzeugt.
930 2118 3022 2270 dass ich recht getan.Erst seitdem alle diese
922 2238 2802 2433 Dinge über mich hare inbrechen werde ich
952 2376 3008 2596 irre und ich sehe keinen Zusammenhang sehr.
751 2520 1907 2731 Hans: Wie meinst Du das?
751 2683 2794 2905 Pflugf.: Warum kam das über micht Warum ist
941 2843 2919 3041 Johanna von uns fortgegangen? Wie kommt’s,
960 2981 2856 3182 dass sie ein solches Wesen ward? Hab ich
952 3138 2344 3350 nicht doch ein Unrecht getan?
768 3298 2387 3507 Hans: Nein,Vater,werde nicht irre.
768 3453 2924 3670 Pflugf.: Und ich xxx es noch mit welchem Blick
963 3591 2930 3811 der Liebe sie mich in ihrem letzten Augen-
