3400 4008
584 603 2888 823 Jul: Na ja.- Also, liebe Sophie, so muss es denn
776 795 1546 987 geschieden sein.
544 909 2953 1110 Sophie: Du musst mir versprechen, dass du auf mich
782 1051 2944 1256 nicht bist. Nicht wahr? Ich versichere dir, es
1036 1073 1157 1175 6a
792 1203 2919 1419 giebt Manche, die nicht so aufrichtig gewesen
795 1367 2975 1602 wären. Ich möcht' nur, dass du's verstehst. Du
804 1522 3058 1698 darfst auch nicht glauben, dass ich leichtsinnig
807 1670 3018 1855 bin. Ich hab' mir das wohl überlegt. Ich bin ja
823 1831 2743 2013 auch kein junges Mäuel mehr,- nicht wahr?
872 1936 3077 2202 Nun ja, es ist ja alles in Ordnung. Wir sind ja
600 2007 779 2193 Jul:
838 2149 2919 2298 eben gute Freunde, - was?... Kind, willst du
835 2261 2966 2465 nicht wenigstens einen Thee trinken, bevor du
841 2474 1157 2638 gehst?
618 2557 3105 2768 Sophie: Nein, Julian; ich geh' lieber gleich. Es ist
844 2746 2975 2907 mir hier so traurig. Es hat keinen Sinn, wenn
860 2891 3009 3024 ich jetzt noch bleib'. Adieu, Julian. Du warst
863 3065 2947 3188 immer sehr gut zu mir. Wunderschön war' s! Du
860 3182 3089 3309 kannst mich ruhig grüssen, wenn du mich mit ihm
869 3349 2681 3461 triffst; er weiss, dass ich dich kenn'.
683 3516 1317 3665 Jul: Ja, ja.
