3576 4440
2446 595 2816 889 31 6
694 798 1837 1038 Die Schwester tritt auf.
697 1007 2875 1179 Ja, ich wag' es. Ich sehne mich, Euch wiederzu-
697 1140 2954 1340 sehen. Vielleicht hättet Ihr "nein" gesagt, wenn
702 1315 1560 1484 ich gebeten hätte.
702 1453 1365 1631 Vater: Bleibe
694 1617 2943 1806 Aber? Nein, Ihr wisst, es ist nicht möglich. Ich
683 1752 2900 1958 bin nun einmal, wie ich bin. Wenigstens bin ich
677 1910 928 2093 wahr.
677 2068 2370 2254 Du kannst bei uns bleiben, trotzdem.
688 2215 1814 2407 Glaubt Ihr das wirklich?
671 2364 1823 2559 (Sie lächelt und geht ab,
680 2536 2725 2706 Sie sagt, dass sie einen andern Namen trägt,
728 2694 2186 2880 :Der Lyrische hat sie verführt:
657 2937 2830 3180 Der Jungeselle erscheint. Er hat einen Festen
655 3149 2926 3346 Entschluss. Er sagt dem Sohn: Ich werde es sagen
660 3304 1151 3490 Ja, warum?
652 3400 2855 3631 Weil ich diese Lüge nicht dulde, weil ick nicht
652 3597 1687 3783 e insam verkommen will.
635 3744 2858 4003 Aber Sie irren sich; Sie bleiben so einsam, als
