3672 4680
900 933 2267 1143 gesellen, :Er war auf Reisen:
906 1077 2952 1287 Der Sohn kommt. Tiefe Ergriffenheit des Jung
908 1267 3007 1397 sellen. Er hat ihn seit zwei Jahren nicht gese¬
914 1441 1118 1596 hen.
914 1566 1867 1717 Wo ist die Schwester?
933 1693 2184 1858 Sprechen Sie nichts von ihr.
928 1842 3071 2041 Der Sohn studiert, arbeitet fleissig, aber sein
917 2005 2201 2168 Blut geht oft mit ihm durch.
925 2129 2979 2286 Wer weiss, wenn das Mädel auch ein solches Ge¬
942 2325 2018 2471 gengewicht gehabt hatte.
931 2435 2852 2615 Der Junggeselle: Ich muss ihn wiederhaben.
972 2601 2977 2753 Er bi ttet den Sohn, ihn bald zu besuchen. Er
939 2712 2946 2891 wird ihm mancherlei Interessantes zeigen von
947 2916 1588 3062 seinen Reisen.
953 3059 2173 3209 III.Akt. Beim Jungesellen.
953 3206 3093 3391 Die Freundin. Ich bin nahe daran. Nun, ich habe
964 3363 1480 3501 einen Sohn.
947 3496 3164 3645 Die Freundin: Auch wir hütten einen haben können.
958 3584 3137 3780 Wie feig war das damals von uns. Jetzt haben wir
961 3769 3021 3946 nichts, was uns verbindet. Ah pfui, pfui! Ich
