4600 5672
1129 719 3437 1022 Nachahmenswerter Entschluss eines Wienef Autors
1977 978 2160 1116 von
1527 920 3138 1254 Arthur Schnitzler
1705 1147 2585 1348 (aus dem Nachlass)
562 1308 1192 1549 (22.I.1913.)
986 1379 4089 1656 A.S.der Verfasser des "Jungen Medardus:, des "Weiten Landes" und
585 1500 4049 1875 des "Professor Bernhardi" hat, wie wir hören die bestimmte Absicht
598 1674 3973 2031 diese seine letzten drei Stücke im Sinne der Bedenken und Einwendungen
603 1866 3991 2152 der Kritik einer Umarbeitung zu unterziehen. A!S. war so liebenswürdig
603 2018 4116 2335 einem unserer Mitarbeiter einige nähere Aufschlüsse über sein interessan-
625 2254 1861 2460 tes Vorhaben zu erteilen.
848 2308 4093 2629 Der dramatischen Historie "Der junge Medardus" hat man bekannt-
625 2500 4013 2803 lich vielfach den Vorwurf gemacht, dass zu ihrer Aufführung eine über-
652 2616 4111 2964 grosse Anzahl von Schauspielern, Kostümen und Dekorationen notwendig sei
656 2794 4022 3076 und dass sie dadurch gewissermassen in die Kategorie der Ausstattungs-
665 2933 4174 3250 stücke rangiere. Überdies hat die beträchtliche Länge des Stückes Anstoss
678 3093 4125 3357 erregt, einen umso berechtigteren, als das Publikum sich durch die ziem-
674 3227 4232 3522 lich spannende Handlung meist bis zum Schluss der Vorstellung festhalten
678 3415 4223 3692 liess. Nun gedenkt der 6 Autor mit einem kühnen Schnitt sämtliche Szenen
692 3558 4218 3861 bis auf die letzte zu eliminieren. Diese spielt im Kerker und sie beginnt
710 3692 4299 3986 in der neuen Fassung während Medardus, was nach den Aufregungen der worher-
710 3892 4196 4183 gegangenen Tage kein Wunder scheint, noch in so tiefen Schlafe liegt,
723 4004 4232 4303 dass er erst durch ein Gespräch zwischen Etzelt und dem Kerkermeister er-
728 4133 4209 4459 weckt wird. Aus dieser Unterredung erfährt der Zuschauer, alles das, was
741 4334 4156 4616 bisher in 16 endlosen Bildern dargestellt wurde. Wenn Medardus erwacht,
719 4477 4098 4830 geht die Szene in bekannter Weise weiter, nur dass General Rapp nicht
754 4633 4267 4941 in einer glänzenden auf die Schaupust der Menge spekulierenden Prachtuni-
745 4781 4321 5062 form erscheint, sondern in einfachen Morgenrock. Die Soldaten, die Medar-
763 4941 4343 5343 dus zum Tode führen, werden nicht sichtbar, die Friedensglocken nicht hör-
