4520 5624
1893 310 2701 565 1_ 4 - 7 - 4 -
1583 302 1771 469 11
766 653 3899 972 nicht verhindern kann, beizuwohnen, seinem Wesen getreu vorzieht,
783 808 4024 1122 auf eine Weile abzureisen und sich darnach sehnt, seinem ärztlichen
791 1030 2877 1357 Beruf möglichst bald wiedergegeben zu sein.
3262 1080 3601 1252 unentre
1034 1009 4137 1495 Diesen fünften Akt-gedenkt der Autor nicht nur durch einen neuen
2747 1311 2931 1415 G.C.F.P
804 1311 4120 1625 zu ersetzen, sondenn er ist sogar in der Lage zwei Passungen zur Aus-
833 1616 1621 1830 wahl vorzulegen.
1064 1533 4146 1859 Nach der einen Fassung spielt dieser Akt im Gerichtssaal bei der
825 1767 4100 2056 Revisionsverhandlung. Bernhardi wird frei gesprochen, weist aber die
838 1876 4062 2198 Rehabilitierung zurück mit der Begründung, dass er zur Einsicht ge-
863 2073 4234 2349 kommen sei, politische Betätigung sei die einzige eines Mannes würdige
854 2203 4221 2475 er bedenke seinen nun einmal begonnen Kampf gegen die Kirche energisch
867 2345 4012 2722 weiterzuführen, erkläre schon heute, dass er niemals wieder einen
863 2462 4154 2873 Priester in das Elisabethinum hineinlassen, dass er seinen Patenten
879 2672 4024 3044 das Beichten verbieten werde und überdies verschiedene energische
871 2814 4116 3199 Massregeln gegen den näpstlichen Einluss zu ergreifen gedenke. Mit
892 2977 4037 3346 dem Ausblick auf eine lange Reihe von Verurteilungen und
896 3149 4129 3492 Freipsrechungen würde nun das Stück schliessen, wenn der Held nicht
3321 3287 3488 3384 G:A:S:
896 3312 4234 3647 aus dem Gerichtssaaal tretend von einem christlich-sonialen Abgeordne-
917 3593 1951 3794 ten erschossen würde.
1248 3551 4196 3936 Die andere Fassung wünscht auch dem begründeten Einwand eines
930 3748 4125 4112 führenden christlich-sozialen Blattes Rechnung zu tragen, eine be-
930 3865 4259 4267 sondere Ferfidie des Autors sei darin zu finden, dass er den Priester
934 4041 4167 4426 als einen vornehm denkenden und einsichtigen Mann dargestellt habe.
938 4188 4125 4573 Nun soll dieser Priester als Fanatiker grossen Stils auftreten. Die
951 4351 4037 4719 Aussage der hysterischen Krankenschwester entfällt. Der Priester
967 4560 4246 4837 selbst ist es, der den Meineid schwört und sich überdies durch einen
963 4711 4275 4987 jesuitischen Arzt eine durch den Stoss verschuldete traumatische Neu-
