4520 5576
1842 309 2017 550 : 1
1158 559 3452 979 Nachahmenswerter Entschluss eines Wiener Autors
1999 921 2177 1037 von
1547 930 3108 1189 Arthur Schnitzler
1708 1113 2593 1337 (aus dem Nachlass)
568 1180 1212 1493 (22.1.1913.)
984 1332 4082 1601 A.S. der Verfasser des "Jungen Medardus:, des "Weiten Landes" und
572 1543 4046 1824 des "Professor Bernhardi" hat, wie wir hören die bestimmte Absicht xxx
577 1704 3962 1936 diese seine letzten drei Stücke im Sinne der Bedenken und Einwendungen
595 1842 3970 2119 der Kritik einer Umarbeitung zu unterziehen. A!S. war so liebenswürdig
604 2017 4078 2303 einem unserer Mitarbeiter einige nähere Aufschlüsse über sein interessan-
608 2213 1833 2455 tes Vorhaben zu erteilen.
1024 2222 4064 2562 Der dramatischen Historie "Der junge Medardus" hat man bekannt-
608 2482 3993 2777 lich vielfach den Vorwurf gemacht, dass zu ihrer Aufführung eine über-
613 2625 4078 2888 grosse Anzahl von Schauspielern, Kostümen und Dekorationen notwendig sei
613 2795 3984 3076 und dass sie dadurch gewissermassen in die Kategorie der Ausstattungs-
626 2942 4131 3206 stücke rangiere. Überdies hat die beträchtliche Länge des Stückes Anstoss
639 3094 4073 3344 erregt, einen umso berechtigteren, als das Publikum sich durch die ziem-
639 3246 4199 3546 lich spannende Handlung meist bis zum Schluss der Vorstellung festhalten
639 3403 4158 3657 liess. Nun gedenkt der ü Autor mit einem kühnen Schnitt sämtliche Sznenen
644 3523 4172 3792 bis auf die letzte zu eliminieren, Diese spielt in Kerker und sie beginnt
657 3707 4248 3939 in der neuen Fassung während Medardus, was nach den Aufregungen der vorher-
666 3881 4064 4100 gegangenen Tage kein Wunder scheint, noch in so tiefen Schlafe liegt,
662 4038 4154 4239 dass er erst durch ein Gespräch zwischen Etzelt und dem Kerkermeister er-
689 4145 4154 4418 weckt wird. Aus dieser Unterredung erfährt der Zuschauer, alles das, was
684 4337 4096 4574 bisher in 16 endlosen Bildern dargestellt wurde. Wenn Medardus erwacht,
675 4494 4029 4744 geht die Szene in bekannter Weise weiter, nur dass General Rapp nicht
689 4543 4212 4883 in einer glänzenden auf die Schaukust der Menge spekulierenden Prachtuni-
680 4793 4225 5021 form erscheint, sondern in einfachen Morgenrock. Die Soldaten, die Medar-
684 4954 4257 5187 dus zum Tode führen, werden nicht sichtbar, die Friedensglocken nicht hör-
