4584 5672
3276 311 3994 575 Votre très obéissant aussi ces
1949 359 2278 653 12 -
748 536 4011 899 bar und die Exekution findet in solcher Entfernung statt, dass auch
769 713 4124 1059 auf den ordinären Effekt der Gewehrsalve verzichtet wird. Man kann nun
761 864 4042 1254 den Einakter auch als Einleitungsszene zum „Anatol“ geben, umso mehr
774 1068 4016 1383 als die Kritik ja stets hervorgehoben hat, dass Medardus eigentlich
787 1189 4115 1500 niemand anderer ist als jener bekannter Lebemann, und keinen Menschen
800 1349 4055 1694 wird es Wunder nehmen, wenn in dieser neuen Fassung "Medardus" jf
795 1483 4093 1854 ohnehin ein Schwächling, die Begnadigung Napoleons dankbar entgegen-
804 1833 1154 2049 nimmt.
1327 2131 1534 2295 G.H.F.P.
1171 2131 4063 2472 In der Tragikomödie "Das weite Land" wurde es übel vermerkt,
834 2313 4171 2641 dass die vorkommenden Personen durchaus Nichtstuer seien, ein von dem
2589 2524 2775 2624 dass
839 2494 4253 2818 Autor dadurch verschuldeter Eindruck, das Stück im Sommer auf dem Lan-
856 2637 4076 2965 de spielt, wo die Leute eben selten dazu kommen, ihren Beruf auszu-
852 2840 4176 3082 üben. Der Dichter ist nun auf die feine Idee gekommen, seiner Komödie
877 2935 4184 3255 eine Reihe von lebenden Bildern vorauszuschicken, auf denen die wich-
886 3065 4245 3436 tigsten Personen innerhalb ihres Berufes vorgeführt verden. Wir werden
882 3276 4314 3566 den Wüstling Hofreiter in seiner Fabrik sehen, Glühlampen verfertigend,
890 3436 4132 3726 mit Streikenden verhandelnd und einen alten Buchhalter schonungslos
886 3566 4335 3890 zur Türe hinauswerfend. Wir schhen ferner Dr.Mauer in seinem Ordinations-
899 3722 4189 4046 zimmer auskultierend und perkutierend; den Husarenleutnant Stanzides
908 3856 4219 4189 Rekruten abrichten, den Marineoffizier Otto v.Aigner mit einem Unter-
921 4020 4119 4366 seeboot manövrierend, seine Mutter, die Schauspielerin sich in der
929 4180 4327 4474 Garderobe zur Maria Stuart ankleidend, den Bankier Natter auf der Börse
938 4374 4201 4660 Aufträge erteilend und in Empfang nehmend; sogar Erna Wahl sehen wir
947 4456 4284 4802 im Begriffe eine Klavierlektien zu nehmen, natürlich bei einem jungen
934 4638 4413 5040 Meister, den das verderbte junge Geschöpp in ihre Netze zu ziehen sucht.
