4520 5624
777 656 3771 1079 rose bescheinigen lässt. Der Professor selbst wird während der
785 958 3862 1264 Gerichtsverhandlung von Schlag getroffen, nach Haus gebracht und
785 1096 4039 1346 stirbt nicht ohne seine freiheitlichen Genossen zum unentwegten wei-
807 1204 3974 1502 teren Kampf gegen den Katholizismus und Religion im weiteren Sinne
790 1407 4082 1700 aufgefordert zu haben,- und während ein Hagel von christlich-sozialen
811 1536 4280 1847 Steinen durch das Fenster hereinklirrt, knieen die Freunde an Bernhardi
803 1709 3556 2006 Sterbelager nieder und schwören ihm Treue bis übers Grab.
1204 1752 4129 2110 Sollte der Autor aber auf die zuerst erwähnte, immerhin noch
811 1976 4190 2287 mildere Fassung zurückgreifen, so bereitet er zum mindesten erhebliche
828 2145 4190 2455 Änderungen für die Szene zwischen Pfarrer und Arzt im vierten Akt vor.
824 2347 4065 2602 Dieser Szene wird zum Vorwurf gemacht, dass sie, was nicht doch be-
850 2485 4242 2796 kanntlich die Verpflichtung des Dramatoders wäre, den Widerstreit zwei-
841 2580 4095 2960 er Weltanschauungen endgültig zu Gunsten der einen oder der anderen
854 2723 4211 3072 entscheide, sondern dass die beiden Sprecher sozusagen aneinander vor-
854 2904 4151 3254 beireden. Nun gedenkt der Autor sich für einige Wochen in die Einsam-
863 3059 4060 3400 keit zurückzuziehen und zweifelt nicht daran, dass es ihm gelingen
867 3254 3732 3543 wird, bei einigem Nachdenken die alten, sogenannten ewigen
867 3370 4060 3707 Fragen über Verantwortung und freien Willen, persönlichen Gott und
885 3534 4091 3849 Pantheismus, Fragen, um die seit Jahrtausenden der Kampf geht, und
889 3715 4186 4022 wie oberflächliche Leute meinen, auch noch einige Jahrtausende gehen
889 3810 4233 4173 dürfte, endgültig zu lösen; und er wird nicht verfehlen, diese Lösung
898 4017 4224 4337 einem verehrlichen Publikum anlässlich der Wiederaufnahme des Stückes
910 4160 4233 4475 ins Reperteire vorzulegen, worauf der Abgrund, über den sich Priester
915 4324 4380 4630 und Arzt in falschem Pathos die Hände reichen, für alle Zeit geschlossen
915 4617 1532 4824 sein dürfte.
