4584 5688
3240 332 3947 549 G.C.H.F.P.
1371 400 1550 600 1
2299 366 3074 660 G.H.F.P.
349 413 558 656 P.S
949 366 1311 685 G.H.P.
2431 532 2695 698 ce 1er 8
1643 473 1988 677 - 3 -
937 715 3810 1090 Da ferner die Erklärung des Hoteliers Eigner, die Seele sei
771 847 3934 1222 ein weites Land, so aufgefasst wurde, als leugne der Autor das Be-
762 1052 4134 1409 stehen jeder Kausalität im Weltlauf, um sich von der leidigen Pflicht
775 1205 4049 1516 dramatischer Motivierung zu entlasten; wird in der Pause von dritten
771 1345 4083 1720 zum vierten Akt der Regisseur in einem licht-vollen Vortrag auseinan-
805 1545 4164 1831 dersetzen, dass der Hotelier Aigner mit seinem leicht-geistreichehnden
796 1660 4036 2014 Aphorisma nichts anderes gemeint hat als dass die Menschen im All-
796 1784 4083 2167 gemeinen nicht gewohnt seien tief genug in sich selbst und in andere
817 1988 3947 2278 Menschen hineinzusehen, dass aber aus dem Stücke selbst zur Evi-
826 2090 4147 2457 denz hervorgeht, wie die Seele wohl ein weites, für die Sehenden aber
822 2235 4194 2601 keineswegs ein dunkles Land bedeute und wie ein Seelenkenner die Hand-
826 2452 4108 2780 lungen jeder einzelnen in dem Stücke vorkommenden Person einfach aus
852 2601 4279 2929 deren Wesen mit einer fast mathematischen Sicherheit vorhersagen könnte,
1094 2755 4091 3078 Endlich wird der Autor dem Missverständnis, als wenn Hofreiter
860 2899 4100 3206 sich nach Schluss des Stückes der Erziehung seines Kindes zu widmen
864 3061 4079 3397 gedenke, dadurch begegnen, dass er ihn mit dem Rufe abtreten lässt:
903 3338 2167 3572 "Und nun auf nach Amerika!"
1230 3781 4108 4134 In der Komödie "Professor Bernhardi" wurde daran Anstoss ge-
907 3977 4147 4304 nommen, dass der Held im fünften Akt klein beigabe und die Handlung
928 4138 4028 4487 umgebogen werde, womit gemeint war, dass der Professor, der sich
932 4296 4040 4607 weigert, eine Erklärung abzugeben oder gar auf einen schmutzigen
915 4394 4275 4756 Handel einzugehen, zwei Monate Kerker absitzt und die ihm angetragene
941 4568 4270 4943 Begnadigung ablehnt, dass xxx dieser Professor, als die Revision end-
945 4785 4164 5083 lich in Aussicht steht, statt den ihm unsympathischen Schwindel in
945 4943 4296 5211 neuer Beleuchtung mitzumachen und der Revisionsverhandlung, die er ja
