3480 4120
2966 191 3078 377 3.
1150 367 2981 548 küsst sie ihn mit einem langen Kusse:
1387 520 3063 699 Er :.aufstehend:. Weisst du, was
1163 650 3154 870 eigentlich recht schade ist? - dass wir die
1170 806 3108 1017 Fenster nicht aufmachen können und gemüt-
1173 1040 2183 1181 lich hinunterschauen!
1418 1117 3226 1331 Sie. Wie andere menschen, die sich
1191 1374 1731 1504 lieb haben.
1423 1425 3249 1642 E r. Ja, und dann ist es sehr amiisant.
1211 1612 3131 1798 Ich habe nämlich die Beobachtung gemacht,
1224 1749 3119 1941 dass diese Gasse der Rendezvousplatz der
1229 1930 3136 2101 Liedespaare von der ganzen Wieden
1234 2078 3267 2252 ist..à propos, weisst du, wer heute auf
1239 2234 3159 2407 dem Ring war? Das allerneueste Brautpaar,
1242 2407 3295 2540 deine Cousine Elle mit präutigam! Und stolz,
1255 2524 3274 2708 sag' ich dir! Immerfort hat sie so herumge-
1260 2678 3159 2869 schaut: Was sagt ihr dazu - ich bin eine
1267 2841 2932 3034 grosse name, ich habe mich verlobt!
1499 3001 2267 3167 S i e :lächelt:
1502 3162 3343 3302 E.r. Vorm Hochleitner steh'n schon die
1285 3282 3325 3481 Tische draussen - denk' dir, im März, womit
