3272 4120
2720 368 2934 549 8. a
1098 720 2904 922 E r durch ihren Blick immer befange-
878 881 2868 1078 ner werdend:. Freilich, du bist eben an-
894 1044 2944 1226 ders, ganz anders wie die übrigen alle. Aber
886 1213 2942 1392 man traut sich ja kaum, soywas anzunehmen.-
896 1338 2842 1509 Du musst nur denken, was einem alles vor¬
907 1509 2766 1703 kommt in der Welt...Geh, gieb mir deine
899 1627 2814 1854 Hand. : Nimmt die Willenlose und küsst
922 1834 2858 1994 sie: Du musst mir verzeihen; - was du mir
927 1987 2789 2158 sagst, macht mich ja ganz glücklich.Ich
930 2117 2837 2301 hab' ja gar nicht geadmt, dass du michso
940 2311 1440 2457 lieb hast-
1177 2380 2878 2595 S i e. Warum bin ich denn deine Ge-
950 2590 1734 2773 liebte geworden?
1182 2715 2973 2878 E r. Dass du mich gerne hast, das hab'
981 2886 2957 3054 ich ja vom ersten Tag an gewusst- und wenn
970 3021 2924 3202 eine prau einen Mann gern hat, so hat sie
988 3179 2842 3389 ja sozusagen ein Bedürfnis, ihm treu zu
988 3348 2980 3514 bleiben- es giebt gewiss manche, denen ihr
