3336 4184
2609 351 2787 524 12.
822 713 1916 939 ein paar Wochen dauert-
1056 863 2721 1036 S i e. Duf— kein Wort mehr davon! -
1061 1041 2886 1234 E r. Ja freilich.- du hast ganz recht.
827 1148 2878 1390 Entschuldige, dass ich nur einen Augenblick
847 1339 2741 1537 gedacht hab’...Es fährt einem eben alles
850 1476 2568 1713 Mögliche durch den Kopf bei so einer
898 1647 2710 1850 :sucht in der Befangenheit ein heitres
875 1751 2911 1980 Wort: festlichen Gelegenheit. Es wär' auch
886 1927 2822 2140 ein Unsinn, es ist ja doch immer eine Ge-
888 2151 1440 2296 fahr dabei.
1127 2214 2815 2433 S i e.Eine meiner Freundinnen wär'
903 2420 2339 2588 auf die Art beinahe gestorben.
1138 2570 2858 2759 E. r. Wie, eine -reundin?- eine ver-
909 2726 1649 2939 heiratete Frau!
1158 2843 2033 3064 Sie. Natürlich.
1158 3003 2919 3207 E r. Eine verheiratete Frau?- Da ist
949 3166 2932 3390 es aber doch wirklich geradezu ein Verbre-
959 3303 2848 3517 chen.Also bei einem jungen Mädel aus an¬
