3592 4168
3212 513 3420 669 8. b.
1337 716 3261 981 Gatte förmlich zuwider ist- aber manchmal
1325 948 3296 1122 kann man sich ja schwer helfen, nicht wahr?
1548 1104 3212 1290 Sie. Du hast gemeint, ich belüge
1312 1231 1602 1345 dich! -
1518 1407 3207 1565 E r. wein,- ich hab' nur nicht, ja
1288 1567 3279 1733 wie soll ich das sagen,- ich hab' nur kaum
1275 1704 3222 1877 zu träumen gewagt, dass du mir- die Wahr¬
1263 1842 1847 1991 heit sagst -
1501 2008 3217 2199 S i e schüttelt traurig den Kopf:
1483 2184 3227 2345 E r. Na... Du!- Sei nicht traurig....
1483 2330 3202 2496 Sie. Du begreifst aber jetzt viel.
1226 2461 3172 2657 leicht,- dass ich- nicht sehr lustig bin.
1459 2642 3046 2875 E r. Ja, ja, ja...was machen wir
1228 2783 2513 2944 jetzt nur mit deinem Mann? -
1451 2949 3066 3187 S i e. Und du verstehet, dass ich
1206 3083 2496 3259 dir’s - zuerst gesagt habe.
1426 3269 3194 3462 E r. Na geh’- nicht mich so höhnisch
1189 3405 1758 3551 behandeln...
