3240 4120
2523 335 2651 504 1.
507 554 2601 743 Die überspannte Person.
1117 722 2162 902 Von Arthur Schnitzler.
975 1011 2978 1208 Ein möblirtes Zimmer ; geschmackvoll, aber
982 1180 3043 1349 nicht recht heimlich.- Vor den Fenstern sind
993 1398 2916 1520 Stores, die das Zimmer mässig verdunkeln,
998 1551 3072 1681 die Dämmerung ist nahe, es ist fünf Uhr nack
995 1650 2804 1809 mittags Ende März. Sie sitzt auf einem
1006 1861 2994 1967 Seusel und hat die Hände auf den Tisch ge¬
1011 1970 2809 2113 stützt. Sie hat noch den Hut auf; der
1014 2089 2963 2266 schwarze Schleier und der schlanke Schirm
1011 2243 2887 2419 liegen auf dem Sofia. Er tritt ein; Früh -
1024 2414 3056 2578 jahrsüberzieher, kleinen modernen Hut, Veil-
1021 2568 3103 2739 chenbouquet im Knopfloch;ansrette, Spazier.
1024 2731 2918 2898 stock. Er ist gut gelaunt. Sie sieht auf
1027 2848 3061 3054 wie er kommt, steht langsam auf, reicht ihm
1021 3041 2032 3212 die Lippen zum Kusse.
1247 3126 3028 3368 E r während er sie küsst, nimmt den
1032 3326 2518 3511 Hut ab und wirft ihn aufs Bett:
