3304 4072
2875 363 2984 485 4.
1009 519 3008 657 natürlich nicht gesagt ist, dass es morgen
1015 706 2873 794 nicht wieder schneit! Mit dem Eislaufen
1022 830 2987 945 wird es allerdings endgültig vorbei sein. -
1022 976 3109 1129 Im Zimmer ist es kühler als draussen; nicht?-
1030 1126 2896 1279 Da hätte man wirklich einheizen können.-
1020 1318 2348 1440 Ist dir nicht kalt, Schatz?
1264 1440 3067 1596 Bie ist bei ihm, an seine Brust ge¬
1028 1611 2787 1736 lehnt, nickt verneinend mit dem Kopf:
1259 1741 2958 1923 E r. Was bist du denn gar so still,
1035 1925 1438 2086 Herzerl?
1272 2032 2971 2219 S i e : einfach:. Ich muss dir was
1033 2224 1720 2374 Ernstes sagen.
1264 2336 2847 2481 E r. Na, zeh.. Geht ihr am Ende
1048 2520 3021 2657 wirklich über Ostern nach Abbazia?- nein?-
1059 2660 2847 2803 : Mit sehr correkter Besorgnis: Oder
1043 2831 2743 2976 geht’s deiner Schwester schlechter? -
1108 2969 2943 3132 Sie. O nein, sie ist schon äusser
1046 3122 1349 3290 Bett.—
1272 3275 3049 3454 E.r. Da bin ich aber wirklich froh.-
