3400 4088
2949 433 3061 558 2.
1121 502 3168 647 Guten Abend, mein Herz! Schon früher da als
1121 663 2982 780 ich! Das ist einmal lieb! – Was, das ist
1116 821 2918 976 heut ein entzückendes Wetter! - Schau, -
1129 971 3160 1129 Ueberzieher:- :Legt ihn ab, giebt ihr das
1139 1109 1968 1277 Veilchenbouquet.:
1374 1259 3138 1409 S i e daran riechend uni ea dann an
1139 1437 2564 1596 ihre Lippen haltend: Danke!-
1366 1603 3173 1731 E r. Ich bin spazieren gegangen, über
1134 1746 3183 1881 den Ring. Masse Teute!- Setzt sich, nimmt
1134 1876 3109 2024 sie bei der Hand.: Wie geht's dir denn?
1137 2077 3046 2205 Was macht denn der Herr Gemal?- : Da sie
1129 2228 3145 2340 leicht zusammenzuckt.: Pardon! - aber ich
1137 2383 3140 2508 kann mir nicht helfen; er ist mir geradezu
1137 2516 3000 2651 sympathisch. Na..also erzäl', wie war's
1139 2656 2240 2816 denn gestern im Teater?
1371 2804 3053 2936 S i e. Es war ganz hübsch; wir sind
1137 2985 2895 3076 aber nicht bis zum Schluss geblieben.
1376 3109 3087 3301 E r. So.- Haft du an mich gedacht?-
1142 3285 1453 3418 Viel? -
1366 3431 3102 3629 S i e. |: sieht ihm nur ins Auge, dann
