3320 4104
2582 393 2752 580 11.
717 773 1138 943 sein! -
1064 867 2830 1016 S i e plötzlich wieder in Erregung:
846 1044 1976 1224 Ja, aber was... ja was...
1074 1166 2891 1366 E r. Was X zu tun ist!.. Ja, sag,- wie
836 1338 2856 1500 lang ist’s denn eigentlich?...Es kann sich
856 1482 2734 1690 ja doch nur um ein paar Wochen handeln -
1074 1644 1857 1809 S i e /:nickt:.
1082 1774 2924 1956 Er mit Entschiedenheit:. Herrgott,
872 1951 2569 2144 wenn ich nur mein eigener Herr wär'!
1100 2106 2397 2293 S i e. Was wär' denn dann?
1097 2237 2719 2435 E r. Da fragt sie noch!— Ich hab
894 2394 2932 2582 dir's ja schon gesagt! Glaubst du,ich liess'
899 2516 2747 2736 dich nur einen Moment bei deinem Mann?-
1133 2678 2987 2861 Sie : zärtlich an ihn sich schmiegen:
1133 2876 1966 3028 E r.Aber so, soi -
1135 3028 2410 3193 S i e. Was also, was? was?
1133 3147 2967 3324 E.r. Man muss halt nachdenken..Vieli—
905 3304 2873 3499 leicht liesse sich jetzt... wo's doch erst
