3448 4072
3048 412 3165 570 7.
1182 704 2926 882 weiss ja,- ich habe ja nicht gealnt..
1401 857 3092 1037 S i e. Das hast du glauben können!
1398 1004 3193 1172 E r :versucht sie zu beruhigen: Ja,
1177 1139 3112 1330 siehst du,- es ist ja.. du bist ja wirk-
1152 1330 3122 1503 lich ein Engel...dass eine Frau für einen
1164 1495 3033 1637 Menschen, den sie lieb hat, so viel tun
1177 1650 3163 1805 kann -. Ich hab' ja immer gewusst, dass du
1152 1795 3165 1948 mich liebst,- aber du bist kaum drei Jahre
1167 1950 3201 2070 verheiratet, wie kann man einem Ehemann zu¬
1162 2110 1477 2253 muten-
1403 2253 3237 2380 S i e. Was für mauen musst du gekannt
1159 2387 1515 2535 haben! -
1391 2542 3209 2695 E r. Es ist ja- beinahe unerklärlich.
1167 2728 3211 2870 Was du mir beteuert hast, erzälen einem die
1157 2883 3069 3038 Frauen immer;- es ist halt eine Notlüge,
1149 3013 2342 3204 man hört’s ja auch gerne
1383 3193 2677 3384 S i e :sieht ihn starr an:
