3448 4104
3007 443 3185 609 12.
1207 731 2292 904 ein paar Wochen dauert-
1431 894 3061 1044 S i e. Du!- kein Wort mehr davon!
1426 1041 3257 1215 E r. Ja freilich,- du hast ganz recht.
1197 1220 3231 1367 Entschuldige, dass ich nur einen Augenblick
1197 1378 3106 1515 gedacht hab’...Es fährt einem eben alles
1197 1533 2918 1675 Mögliche durch den Kopf bei so einer
1240 1691 3058 1805 :sucht in der Befangenheit ein heitres
1202 1846 3249 1971 Wort: festlichen Gelegenheit. Es wär' auch
1207 1984 3142 2180 ein Unsinn, es ist ja doch immer eine Ge-
1202 2144 1739 2279 fahr dabei.
1441 2274 3119 2462 Sie. Eine meiner Freundinnen wär
1199 2429 2633 2607 auf die Art beinahe gestorben.
1418 2597 3129 2786 E. r. Wie, eine -reundin? - eine ver¬
1199 2768 1925 2910 heiratete Frau!
1431 2918 2297 3084 S i e. Natürlich.
1426 3076 3193 3262 E r. Eine verheiratete Frau?- Da ist
1209 3216 3180 3371 es aber doch wirklich geradezu ein Verbre-
1215 3356 3078 3534 chen.Also bei einem jungen Mädel aus an-
