3336 4168
2768 419 2930 537 12.
986 774 2080 925 ein paar Wochen dauert-
1225 865 2877 1039 S i e. Dn! - kein Wort mehr davon! -
1220 1029 3038 1200 E r. Ja freilieh, - du hast ganz recht.
1001 1198 3028 1412 Entschuldige, dass ich nur einen Augenblick
1003 1324 2910 1551 gedacht hab..Es fahrt einem eben alles
1006 1525 2720 1714 1 Mögliche durch den Kopf bei so einer
1056 1667 2874 1846 :sucht in der Befangenheit ein heitres
1031 1785 3056 1984 Wort: festlichen Gelegenheit. Es wär‘ auch
1049 1954 2960 2138 ein Unsinn, es ist ja doch immer eine Ge-
1046 2176 1588 2307 fahr dabei.
1281 2279 2962 2443 S i e. Eine meiner Freundinnen wär
1066 2443 2478 2612 auf die Art beinahe gestorben.
1296 2574 2988 2786 E r. Wie, eine -reundin? - eine ver¬
1074 2771 1805 2925 heiratete Frau!
1314 2922 2178 3071 S i e. Natürlich.
1311 3043 3073 3220 E r. Eine verheiratete Frau? Da ist
1102 3157 3076 3373 es aber doch wirklich geradezu ein Verbre-
1117 3371 3000 3563 chen.Also bei einem jungen Mädel aus an¬
