3448 4088
2909 410 3081 562 11.
1153 755 1447 887 sein! -
1378 864 3144 1069 S i e :plötzlich wieder in Erregung:
1145 1049 2288 1209 Ja, aber was... ja was...
1368 1173 3180 1323 E r. Was X zu tun ist!..Ja, sag,- wie
1140 1371 3139 1535 lang ist’s denn eigentlich?...Es kann sich
1168 1523 3033 1647 ja doch nur um ein paar Wochen handeln -
1386 1670 2055 1832 S i e nickt:
1376 1827 3198 1999 E r mit Entschiedenheit:. Herrgott,
1153 1981 2843 2159 wenn ich nur mein eigener Herr wär'!
1381 2133 2663 2298 S i e. Was wär' denn dann?
1371 2270 2977 2455 E r. Da fragt sie noch:- Ich hab¬
1153 2453 3185 2589 dir's ja schon gesagt! Glaubst du, ich liess
1158 2600 2985 2734 dich nur einen Moment bei deinem Mann?-
1378 2734 3233 2921 Sie zärtlich an ihn sich schmiegen
1376 2896 2209 3061 E r.Aber so, so! -
1378 3030 2658 3238 S i e. Was also, was? was? -
1378 3198 3111 3350 E r. Man muss halt nachdenken. Viel
1138 3345 3096 3524 leicht liesse sich jetzt... wo's doch erst
