3496 4072
3072 345 3182 457 4.
1193 478 3200 651 natürlich nicht gesagt ist, dass es morgen
1190 631 3070 787 nicht wieder schneit! Mit dem Eislaufen
1208 794 3200 935 wird es allerdings endgültig vorbei sein.—
1193 965 3241 1096 Im Zimmer ist es kühler als draussen; nicht?
1200 1111 3087 1221 Da hätte man wirklich einheizen können.-
1195 1274 2536 1389 Ist dir nicht kalt, Schatz? -
1438 1430 3261 1581 S i e ist bei ihm, an seine Brust ge¬
1198 1535 2960 1719 lehnt, nickt verneinend mit dem Kopf:
1430 1731 3146 1846 E r. Was bist du denn gar so still,
1198 1862 1609 2025 Herzerl?
1435 2020 3169 2181 S i e :einfach:. Ich muss dir was
1208 2201 1895 2319 Ernstes sagen.
1448 2314 3031 2467 E r. Na, geh. Geht ihr am Ende
1213 2513 3202 2643 wirklich über Ostern nach Abbazia? - nein? -
1236 2648 3034 2799 Mit sehr correkter Besorgnis: Oder
1221 2804 2929 2944 geht'a deiner Schwester schlechter? -
1445 2965 3128 3113 S i e. O nein, sie ist schon äusser
1213 3103 1522 3261 Bett.-
1438 3210 3187 3427 E r. Da bin ich aber wirklich froh.
