<?xml version="1.0" encoding="UTF-8" standalone="yes"?>
<PcGts xmlns="http://schema.primaresearch.org/PAGE/gts/pagecontent/2013-07-15" xmlns:xsi="http://www.w3.org/2001/XMLSchema-instance" xsi:schemaLocation="http://schema.primaresearch.org/PAGE/gts/pagecontent/2013-07-15 http://schema.primaresearch.org/PAGE/gts/pagecontent/2013-07-15/pagecontent.xsd">
    <Metadata>
        <Creator>prov=READ-COOP:name=TrHtr:version=2.1.0:model_id=51170:date=30_07_2023_05:30</Creator>
        <Created>2023-05-10T13:44:37.818+02:00</Created>
        <LastChange>2023-07-30T05:30:19.336+02:00</LastChange>
        <TranskribusMetadata docId="1428590" pageId="55413858" pageNr="28" tsid="131484153" status="IN_PROGRESS" userId="64420" imgUrl="https://files.transkribus.eu/Get?id=FUEOMGXCGVBCURUKVKSANULO&amp;fileType=view" xmlUrl="https://files.transkribus.eu/Get?id=KXRDNBDXMGFXYZHNBUOHKINH" imageId="44687992"/>
    </Metadata>
    <Page imageFilename="1428590_0028.jpg" imageWidth="3336" imageHeight="4104">
        <ReadingOrder>
            <OrderedGroup id="ro_1711790561593" caption="Regions reading order">
                <RegionRefIndexed index="0" regionRef="tr_1"/>
                <RegionRefIndexed index="1" regionRef="tr_2"/>
            </OrderedGroup>
        </ReadingOrder>
        <TextRegion id="tr_1" custom="readingOrder {index:0;}">
            <Coords points="1074,555 3127,555 3127,2391 1074,2391"/>
            <TextLine id="tr_1_tl_1" custom="readingOrder {index:0;}">
                <Coords points="2909,629 2929,627 2941,634 2961,619 2974,627 2979,622 2988,627 2996,619 3003,624 3008,619 3021,622 3016,517 2986,515 2984,520 2969,515 2956,522 2946,520 2931,535 2924,530 2914,542 2901,542"/>
                <Baseline points="2919,605 2963,608 3008,611 3029,614"/>
                <TextEquiv>
                    <Unicode>9.</Unicode>
                </TextEquiv>
            </TextLine>
            <TextLine id="tr_1_tl_2" custom="readingOrder {index:1;}">
                <Coords points="1320,818 1701,868 2069,818 2180,863 2981,855 2954,738 2533,781 1994,771 1857,719 1318,746"/>
                <Baseline points="1334,793 1378,793 1423,796 1468,799 1513,799 1558,802 1602,805 1647,805 1692,805 1737,805 1781,805 1826,808 1871,811 1916,814 1960,814 2005,817 2050,817 2095,817 2140,817 2184,817 2229,820 2274,820 2319,823 2363,826 2408,829 2453,829 2498,832 2542,832 2587,832 2632,832 2677,835 2722,835 2766,838 2811,841 2856,838 2901,841 2945,838 2984,835"/>
                <TextEquiv>
                    <Unicode>S i e : ist zum Fenster gegangen; es</Unicode>
                </TextEquiv>
            </TextLine>
            <TextLine id="tr_1_tl_3" custom="readingOrder {index:2;}">
                <Coords points="1094,952 1350,1007 1467,952 1723,957 1892,1007 2076,990 2074,907 2029,890 1957,920 1785,890 1733,920 1611,878 1452,900 1355,870 1295,900 1216,848 1091,883"/>
                <Baseline points="1107,937 1152,937 1196,940 1241,943 1286,943 1331,943 1375,946 1420,946 1465,946 1510,949 1555,949 1599,952 1644,955 1689,955 1734,958 1778,958 1823,961 1868,961 1913,964 1957,970 2002,970 2047,973 2080,970"/>
                <TextEquiv>
                    <Unicode>dämmert immer mehr:</Unicode>
                </TextEquiv>
            </TextLine>
            <TextLine id="tr_1_tl_4" custom="readingOrder {index:3;}">
                <Coords points="1303,1149 1469,1106 1564,1151 2971,1178 2969,1072 2864,1049 2777,1099 2402,1037 2146,1079 1300,1034"/>
                <Baseline points="1316,1095 1361,1101 1405,1101 1450,1104 1495,1107 1540,1110 1584,1107 1629,1110 1674,1110 1719,1110 1763,1113 1808,1116 1853,1116 1898,1116 1943,1119 1987,1122 2032,1122 2077,1125 2122,1125 2166,1125 2211,1125 2256,1125 2301,1128 2345,1128 2390,1131 2435,1134 2480,1134 2525,1134 2569,1137 2614,1140 2659,1140 2704,1140 2748,1140 2793,1143 2838,1143 2883,1143 2928,1146 2972,1146 2978,1146"/>
                <TextEquiv>
                    <Unicode>E r setzt sich nieder, dann steht</Unicode>
                </TextEquiv>
            </TextLine>
            <TextLine id="tr_1_tl_5" custom="readingOrder {index:4;}">
                <Coords points="1089,1285 1188,1288 1243,1251 1340,1288 1402,1280 1440,1308 1509,1273 1504,1166 1467,1174 1427,1144 1410,1159 1362,1156 1323,1191 1280,1201 1233,1193 1144,1211 1084,1193"/>
                <Baseline points="1101,1247 1146,1247 1190,1250 1235,1250 1280,1250 1325,1253 1369,1256 1414,1259 1459,1265 1504,1265 1516,1265"/>
                <TextEquiv>
                    <Unicode>er auf:!</Unicode>
                </TextEquiv>
            </TextLine>
            <TextLine id="tr_1_tl_6" custom="readingOrder {index:5;}">
                <Coords points="1310,1417 1484,1415 1621,1452 1696,1425 1865,1454 1967,1435 1964,1377 1783,1330 1713,1353 1584,1340 1556,1360 1514,1335 1308,1365"/>
                <Baseline points="1325,1408 1369,1408 1414,1408 1459,1411 1504,1408 1549,1411 1593,1414 1638,1417 1683,1417 1728,1417 1772,1420 1817,1423 1862,1426 1907,1426 1952,1426 1972,1423"/>
                <TextEquiv>
                    <Unicode>S i e. Nun? -</Unicode>
                </TextEquiv>
            </TextLine>
            <TextLine id="tr_1_tl_7" custom="readingOrder {index:6;}">
                <Coords points="1303,1619 2635,1601 2770,1668 2959,1628 2956,1529 2258,1534 2036,1469 1944,1519 1554,1464 1300,1492"/>
                <Baseline points="1313,1563 1358,1563 1402,1563 1447,1566 1492,1566 1537,1566 1581,1569 1626,1569 1671,1572 1716,1572 1760,1578 1805,1578 1850,1578 1895,1581 1940,1584 1984,1584 2029,1590 2074,1590 2119,1590 2163,1590 2208,1587 2253,1587 2298,1590 2343,1593 2387,1593 2432,1593 2477,1596 2522,1599 2566,1599 2611,1599 2656,1599 2701,1602 2745,1602 2790,1605 2835,1602 2880,1602 2925,1605 2966,1605"/>
                <TextEquiv>
                    <Unicode>E r. verlegen: Daas du. dass du</Unicode>
                </TextEquiv>
            </TextLine>
            <TextLine id="tr_1_tl_8" custom="readingOrder {index:7;}">
                <Coords points="1074,1760 1288,1720 1350,1763 2183,1743 2449,1793 2625,1763 2623,1656 2439,1703 1862,1648 1638,1706 1407,1633 1069,1626"/>
                <Baseline points="1086,1710 1131,1710 1175,1713 1220,1713 1265,1716 1310,1716 1355,1716 1399,1719 1444,1719 1489,1725 1534,1725 1578,1725 1623,1731 1668,1731 1713,1728 1758,1728 1802,1731 1847,1734 1892,1734 1937,1737 1981,1740 2026,1737 2071,1740 2116,1740 2160,1740 2205,1743 2250,1743 2295,1740 2340,1743 2384,1746 2429,1746 2474,1746 2519,1749 2563,1749 2608,1749 2632,1752"/>
                <TextEquiv>
                    <Unicode>dich irrat, ist ausgeschlossen?</Unicode>
                </TextEquiv>
            </TextLine>
            <TextLine id="tr_1_tl_9" custom="readingOrder {index:8;}">
                <Coords points="1293,1917 1507,1877 1683,1937 1942,1895 2141,1929 2203,1907 2203,1850 2039,1847 1977,1815 1919,1840 1641,1815 1594,1847 1442,1808 1290,1822"/>
                <Baseline points="1307,1868 1352,1874 1396,1874 1441,1874 1486,1874 1531,1877 1575,1880 1620,1883 1665,1886 1710,1886 1755,1883 1799,1883 1844,1886 1889,1886 1934,1889 1978,1889 2023,1892 2068,1892 2113,1892 2157,1895 2202,1898 2208,1898"/>
                <TextEquiv>
                    <Unicode>S i e. Vollkommen.</Unicode>
                </TextEquiv>
            </TextLine>
            <TextLine id="tr_1_tl_10" custom="readingOrder {index:9;}">
                <Coords points="1290,2066 2419,2056 2842,2118 3120,2076 3118,2004 3031,1984 2914,2024 2046,1964 1929,2011 1711,1927 1288,1942"/>
                <Baseline points="1301,2026 1346,2026 1390,2029 1435,2029 1480,2032 1525,2035 1569,2035 1614,2038 1659,2038 1704,2038 1749,2041 1793,2041 1838,2041 1883,2047 1928,2047 1972,2053 2017,2050 2062,2053 2107,2053 2151,2053 2196,2053 2241,2053 2286,2053 2331,2056 2375,2056 2420,2056 2465,2059 2510,2059 2554,2059 2599,2062 2644,2062 2689,2065 2734,2065 2778,2065 2823,2065 2868,2068 2913,2068 2957,2071 3002,2071 3047,2071 3092,2071 3127,2071"/>
                <TextEquiv>
                    <Unicode>E r. M.. Ja, wenn ich schon meins</Unicode>
                </TextEquiv>
            </TextLine>
            <TextLine id="tr_1_tl_11" custom="readingOrder {index:10;}">
                <Coords points="1062,2225 1166,2183 1330,2225 1479,2188 1638,2233 1875,2195 2327,2223 2325,2146 2210,2161 2136,2106 2049,2146 1621,2083 1415,2141 1059,2098"/>
                <Baseline points="1074,2175 1119,2178 1164,2178 1208,2178 1253,2178 1298,2178 1343,2181 1387,2184 1432,2184 1477,2187 1522,2187 1566,2187 1611,2187 1656,2187 1701,2187 1746,2190 1790,2190 1835,2190 1880,2193 1925,2193 1969,2196 2014,2196 2059,2196 2104,2199 2149,2199 2193,2202 2238,2205 2283,2205 2328,2205 2334,2205"/>
                <TextEquiv>
                    <Unicode>Selbstständigkeit littel</Unicode>
                </TextEquiv>
            </TextLine>
            <TextLine id="tr_1_tl_12" custom="readingOrder {index:11;}">
                <Coords points="1285,2345 2988,2399 2986,2332 2573,2262 2494,2310 1584,2240 1283,2290"/>
                <Baseline points="1298,2331 1343,2334 1387,2337 1432,2337 1477,2337 1522,2343 1566,2343 1611,2343 1656,2343 1701,2345 1746,2345 1790,2345 1835,2345 1880,2345 1925,2348 1969,2348 2014,2351 2059,2351 2104,2351 2149,2351 2193,2354 2238,2357 2283,2360 2328,2360 2372,2360 2417,2363 2462,2363 2507,2366 2551,2366 2596,2366 2641,2369 2686,2366 2731,2369 2775,2372 2820,2375 2865,2375 2910,2378 2954,2378 2993,2381"/>
                <TextEquiv>
                    <Unicode>S i e wennet sich wieder zu ihm, er</Unicode>
                </TextEquiv>
            </TextLine>
        </TextRegion>
        <TextRegion id="tr_2" custom="readingOrder {index:1;}">
            <Coords points="1026,2430 3083,2430 3083,3627 1026,3627"/>
            <TextLine id="tr_2_tl_1" custom="readingOrder {index:0;}">
                <Coords points="1059,2519 2996,2541 2979,2449 1054,2397"/>
                <Baseline points="1071,2483 1116,2480 1161,2483 1205,2486 1250,2486 1295,2489 1340,2489 1384,2492 1429,2492 1474,2495 1519,2495 1563,2495 1608,2495 1653,2495 1698,2498 1743,2498 1787,2498 1832,2498 1877,2501 1922,2501 1966,2501 2011,2504 2056,2507 2101,2507 2146,2510 2190,2510 2235,2513 2280,2513 2325,2513 2369,2516 2414,2516 2459,2516 2504,2516 2548,2519 2593,2519 2638,2519 2683,2522 2728,2525 2772,2525 2817,2528 2862,2528 2907,2528 2951,2528 2996,2531 2999,2531"/>
                <TextEquiv>
                    <Unicode>kann ihr Gesicht nicht mehr deutlich aus-</Unicode>
                </TextEquiv>
            </TextLine>
            <TextLine id="tr_2_tl_2" custom="readingOrder {index:1;}">
                <Coords points="1047,2685 1121,2685 1154,2708 1196,2680 1377,2658 1449,2703 1474,2700 1467,2548 1343,2586 1328,2573 1293,2588 1146,2576 1124,2591 1044,2591"/>
                <Baseline points="1059,2635 1104,2638 1149,2638 1193,2638 1238,2641 1283,2644 1328,2644 1372,2647 1417,2650 1462,2650 1477,2650"/>
                <TextEquiv>
                    <Unicode>nehmen:</Unicode>
                </TextEquiv>
            </TextLine>
            <TextLine id="tr_2_tl_3" custom="readingOrder {index:2;}">
                <Coords points="1278,2814 3080,2874 3078,2755 3003,2745 2464,2732 2382,2780 2270,2725 1671,2760 1275,2700"/>
                <Baseline points="1292,2781 1337,2790 1381,2793 1426,2799 1471,2799 1516,2802 1561,2805 1605,2805 1650,2805 1695,2805 1740,2808 1784,2808 1829,2808 1874,2808 1919,2811 1963,2811 2008,2811 2053,2817 2098,2817 2143,2817 2187,2817 2232,2820 2277,2820 2322,2820 2366,2823 2411,2826 2456,2829 2501,2826 2545,2826 2590,2826 2635,2829 2680,2826 2725,2829 2769,2829 2814,2832 2859,2832 2904,2835 2948,2838 2993,2838 3038,2841 3083,2844"/>
                <TextEquiv>
                    <Unicode>K r. tritt näher zu ihr:. Da können</Unicode>
                </TextEquiv>
            </TextLine>
            <TextLine id="tr_2_tl_4" custom="readingOrder {index:3;}">
                <Coords points="1044,2971 2971,3018 2969,2944 2698,2894 1907,2877 1703,2931 1042,2874"/>
                <Baseline points="1059,2948 1104,2948 1149,2948 1193,2948 1238,2948 1283,2948 1328,2951 1372,2954 1417,2954 1462,2957 1507,2957 1552,2960 1596,2960 1641,2963 1686,2960 1731,2963 1775,2963 1820,2963 1865,2966 1910,2966 1954,2966 1999,2966 2044,2966 2089,2969 2134,2969 2178,2969 2223,2969 2268,2972 2313,2972 2357,2975 2402,2978 2447,2978 2492,2978 2537,2978 2581,2981 2626,2981 2671,2981 2716,2984 2760,2984 2805,2987 2850,2990 2895,2990 2939,2987 2975,2990"/>
                <TextEquiv>
                    <Unicode>wir - einfach nach Amerika durchbrennen.-</Unicode>
                </TextEquiv>
            </TextLine>
            <TextLine id="tr_2_tl_5" custom="readingOrder {index:4;}">
                <Coords points="1261,3118 2819,3170 2775,3051 2481,3090 1599,3033 1261,3063"/>
                <Baseline points="1274,3107 1319,3107 1364,3107 1408,3110 1453,3107 1498,3110 1543,3113 1587,3116 1632,3116 1677,3116 1722,3116 1766,3116 1811,3119 1856,3119 1901,3119 1946,3122 1990,3122 2035,3122 2080,3125 2125,3125 2169,3125 2214,3125 2259,3127 2304,3127 2348,3125 2393,3130 2438,3130 2483,3130 2528,3133 2572,3136 2617,3136 2662,3139 2707,3142 2751,3139 2796,3142 2823,3145"/>
                <TextEquiv>
                    <Unicode>Sie:nickt nur mit dem Kopf:</Unicode>
                </TextEquiv>
            </TextLine>
            <TextLine id="tr_2_tl_6" custom="readingOrder {index:5;}">
                <Coords points="1256,3282 2969,3332 2966,3232 2802,3200 2489,3247 1253,3190"/>
                <Baseline points="1268,3262 1313,3262 1358,3262 1402,3265 1447,3265 1492,3268 1537,3271 1581,3271 1626,3271 1671,3271 1716,3274 1760,3274 1805,3274 1850,3277 1895,3277 1940,3277 1984,3277 2029,3277 2074,3277 2119,3280 2163,3280 2208,3283 2253,3283 2298,3283 2343,3286 2387,3283 2432,3286 2477,3289 2522,3289 2566,3289 2611,3292 2656,3295 2701,3298 2745,3298 2790,3298 2835,3298 2880,3298 2925,3298 2969,3301 2975,3301"/>
                <TextEquiv>
                    <Unicode>E r. Ach, in solchen Momenten spürt</Unicode>
                </TextEquiv>
            </TextLine>
            <TextLine id="tr_2_tl_7" custom="readingOrder {index:6;}">
                <Coords points="1019,3446 1706,3493 2096,3446 2352,3521 2847,3468 2844,3364 1017,3344"/>
                <Baseline points="1032,3417 1077,3417 1122,3417 1167,3417 1211,3417 1256,3417 1301,3417 1346,3420 1390,3420 1435,3423 1480,3423 1525,3423 1569,3426 1614,3426 1659,3426 1704,3426 1749,3429 1793,3429 1838,3429 1883,3429 1928,3432 1972,3432 2017,3435 2062,3435 2107,3438 2151,3438 2196,3441 2241,3441 2286,3444 2331,3441 2375,3438 2420,3441 2465,3441 2510,3441 2554,3441 2599,3444 2644,3444 2689,3447 2734,3447 2778,3450 2823,3450 2847,3456"/>
                <TextEquiv>
                    <Unicode>man erst, was die Abhängigkeit für ein</Unicode>
                </TextEquiv>
            </TextLine>
            <TextLine id="tr_2_tl_8" custom="readingOrder {index:7;}">
                <Coords points="1012,3585 3008,3640 2944,3511 1012,3530"/>
                <Baseline points="1026,3584 1071,3581 1116,3584 1161,3584 1205,3584 1250,3584 1295,3584 1340,3587 1384,3587 1429,3587 1474,3587 1519,3590 1563,3590 1608,3593 1653,3593 1698,3593 1743,3593 1787,3593 1832,3596 1877,3596 1922,3596 1966,3599 2011,3599 2056,3602 2101,3602 2146,3605 2190,3608 2235,3608 2280,3608 2325,3608 2369,3608 2414,3611 2459,3608 2504,3608 2548,3611 2593,3611 2638,3611 2683,3614 2728,3614 2772,3614 2817,3614 2862,3617 2907,3614 2951,3617 2996,3617 3014,3617"/>
                <TextEquiv>
                    <Unicode>furchtbares Los ist. Denn eigentlich, wenn</Unicode>
                </TextEquiv>
            </TextLine>
        </TextRegion>
    </Page>
</PcGts>
