3400 4072
2787 378 2903 505 1.
715 591 2784 699 Die überspannte Person.
1308 756 2347 847 Von Arthur Schnitzler.
1168 979 3170 1171 Ein möblirtes Zimmer ; geschmackvoll, aber
1171 1197 3235 1298 nicht recht heimlich.- Vor den Fenstern sind
1176 1352 3095 1487 Stores, die das Zimmer mässig verdunkeln.
1173 1469 3248 1621 die Dämmerung ist nahe, es ist fünf Uhr nac
1173 1689 2999 1787 mittags Ende März. Sie sitzt auf einem
1181 1826 3152 1942 Sessel und hat die Hände auf den Tisch ge¬
1191 1994 2991 2075 stützt. Sie hat noch den Hut auf; der
1194 2142 3144 2243 schwarze Schleier und der schlanke Schirm
1181 2277 3061 2375 liegen auf dem Sofia. Er tritt ein; Früh -
1202 2427 3232 2556 jahrsüberzieher, kleinen modernen Hut, Veil-
1204 2572 3282 2727 chenbouquet im Knopfloch; Eigarette, Spazier-
1189 2738 3092 2862 stock. Er ist gut gelaunt. Sie sieht auf
1191 2890 3238 3038 wie er kommt, steht langsam auf, reicht ihm
1194 3054 2191 3170 die Lippen zum Küsse.
1417 3209 3201 3331 E r während er sie küsst, nimmt den
1191 3328 2743 3566 Hut ab und wirft ihn aufs Bett:
