3336 4120
2809 426 2893 546 6.
1211 621 2922 752 E r. Natiirlich wirst du's ihm anders
995 723 2927 921 mitteilen als mir.. Seinem Ehemann flüs-
995 929 2755 1116 tert man's ja errötend ins Ohr, nicht
1008 1106 1329 1229 wahr? -
1226 1224 2570 1388 S i e : sieht ihn gross an:
1239 1352 3032 1511 E r. Er wird sich riesig freuen, wie? -
1016 1531 3009 1716 Was regst du dich denn gar so sehr darüber
1021 1731 1249 1842 auf!
1257 1798 3109 1972 S i e. wachet du dich über mich lusti
1254 2001 1760 2147 E r. Ich?
1275 2101 3081 2321 S i e. Du glaubst- du kannst glauben?
1044 2298 2357 2444 Du glaubst, daas mein Mann¬
1275 2439 3093 2578 E r. langsam beginnt er zu verstehen:
1057 2580 3122 2752 Na, ja, du bist ja schliesslich verheiratet,
1059 2798 1552 2942 und da...
1300 2855 3109 3063 S i e. ausbrechend: Du kannat glau¬
1080 3034 3109 3201 ben, dass er mich berührt hat- seit ich dir
1072 3252 1539 3399 Gehöre-?
1303 3352 2998 3537 E r befangen:. Schau, Kind- ich
