3352 4152
2780 517 2944 622 14.
1012 838 1564 1009 doch schon-
1248 975 3001 1124 E r. Es wäre doch die einfachste Lö-
1017 1169 1241 1275 sung
1256 1290 1991 1457 S i e. Was -?
1251 1464 3016 1596 E r. Ha, du verstehet mich ja,es ist
1029 1606 2041 1758 doch nicht so schwer-
1263 1770 2173 1899 S i e. Mich ihm.
1258 1887 2837 2031 E r. Na, nicht vielleicht wieder
1039 2059 3038 2198 Flitterwochen mit ihm verleben,da tät' ich
1037 2235 1673 2379 souon bitten
1280 2357 2956 2541 i e schweigt, dann sieht sie ihn
1044 2533 2847 2670 gross an:. Aber - für - eine Macht?-
1280 2695 2238 2837 Er : giïtig:. Ja! -
1275 2839 3018 2961 S i e. Ah! Sie schlägt ihn ina
1059 2993 2795 3158 Gesicht, nimmt liut und Schleier, geht;
1054 3138 2583 3309 schliesst die tiir hinter sich:
1278 3297 2814 3441 E r bleibt wie gelähmt stehen:
1057 3468 2807 3625 Du!... :will ihr nach, dann: Ah nein¬
1091 3610 2780 3774 :misqlauni: l.eberauannte Parson!
