3272 4120
2725 294 2827 534 J.
873 690 2599 903 weiss ja,- ich habe ja nicht gealnt.
1096 871 2785 1046 S i e. Das hast du glauben können! -
1099 1016 2898 1209 Er ersucht sie zu beruhigen: Ja,
886 1174 2812 1362 siehst du,- es ist ja.. du bist ja wirk-
888 1307 2835 1543 lich ein Engel... dass eine prau für einen
898 1450 2760 1678 Menschen, den sie lieb hat, so viel tun
901 1628 2888 1819 kann —. Ich hab' ja immer gewusst, dass du
896 1779 2898 1969 mich liebet,- aber du bist kaum drei Jahre
913 1944 2930 2137 verheiratet, wie kann man einem Ehemann zu-
908 2112 1219 2311 muten-
1159 2230 2983 2381 S i e. Was für -rauen musst du gekannt
926 2423 1277 2576 haben! -
1154 2511 2980 2730 E r. Es ist ja- beinahe unerklärlich.-
938 2677 2963 2885 Was du mir beteuert hast, erzälen einem die
953 2835 2875 3088 Frauen immer;- es ist halt eine Notlüge,-
943 3000 2145 3241 man hört's ja auch gerne-
1187 3141 2496 3349 S i e :sieht ihn starr an:
