3416 4088
2747 344 2872 509 1.
694 587 2784 720 Die überspannte Person.
1304 725 2369 931 Von Arthur Schnitzler.
1158 999 3167 1174 Ein möblirtes Zimmer ; geschmackvoll, aber
1164 1179 3240 1336 nicht recht heimlich. - Vor den Fenstern sind
1164 1328 3112 1500 Stores, die das Zimmer mässig verdunkeln,
1169 1487 3245 1638 die Dämmerung ist nahe, es ist fünf Uhr nack
1166 1638 2997 1782 mittags Ende März. Sie sitzt auf einem
1179 1792 3162 1944 Sessel und hat die Hände auf den Tisch ge¬
1174 1962 2995 2108 stützt. Sie hat noch den Hut auf; der
1177 2108 3146 2251 Schwarze Schleier und der schlanke Schirm
1177 2262 3005 2408 liegen auf dem Sofia. Er tritt ein; Früh
1190 2397 3237 2567 jahrsüberzieher, kleinen modernen Hut, Veil-
1190 2549 3287 2713 chenbouquet im Knopfloch; Eigarette, Spazier.
1184 2739 3099 2909 stock. Er ist gut gelaunt. Sie sieht auf
1184 2877 3243 3086 wie er kommt, steht langsam auf, reicht ihm
1184 3039 2199 3167 die Lippen zum Kusse.
1422 3206 3198 3311 Er während er sie küsst, nimmt den
1184 3297 2664 3540 Hut ab und wirft ihn aufs Bett:
