3240 4104
2714 449 2815 557 2.
903 550 2926 696 Guten Abend, mein Herz! Schon früher da als
918 706 2762 817 ich! Das ist einmal lieb! - Was, das ist
906 870 2666 991 heut ein entzückendes Wetter! - Schau,
923 994 2944 1125 Ueberzieher:- :Legt ihn ab, giebt ihr das
926 1163 1758 1292 Veilchenbouquet.:
1153 1302 2911 1433 S i e : daran riechend und es dann an
933 1448 2353 1592 ihre Lippen haltend: Danke! -
1150 1617 2961 1735 E r. Ich bin spazieren gegangen, über
941 1746 2966 1902 den Ring. Masse Teute!- : Setzt sich, nimmt
943 1925 2916 2028 sie bei der Hand.: Wie geht’s dir denn? -
946 2079 2845 2190 Waa macht denn der Herr Gemal?- : Da sie
946 2220 2939 2419 leicht zusammenzuckt.: Pardon! - aber ich
954 2366 2949 2533 kann mir nicht helfen; er ist mir geradezu
959 2517 2815 2661 sympattisch. Na..also erzäl', wie war's
964 2697 2068 2838 denn gestern im Teater?
1191 2815 2871 3002 S i e. Es war ganz hiibach; wir sind
971 2941 2734 3113 aber nicht bis zum Schluss geblieben.
1191 3120 2906 3322 E r. So-- Haat du an mich gedacht?-
989 3315 1276 3433 Viel?-
1203 3355 2929 3605 S i e. : sieht ihm nur ins Auge, dann
