3496 4072
3115 459 3291 612 8.4
1459 713 3273 891 E r durch ihren Blick immer befange-
1226 897 3224 1052 ner werdend:. Freilich, du bist eben an¬
1236 1055 3309 1205 ders, ganz anders wie die übrigen alle. Aber
1215 1179 3301 1334 man traut sich ja kaum, soywas anzunehmen.-
1218 1389 3164 1524 Du musst nur denken, was einem alles vor¬
1223 1524 3089 1671 kommt in der Welt...Geh, gieb mir deine
1220 1682 3135 1806 Hand. Nimmt die Willenlose und küsst
1218 1822 3164 1951 sie: Du musst mir verzeihen; – was du mir
1213 1985 3091 2122 sagst, macht mich ja ganz glücklich.Ich
1215 2156 3133 2267 hab' ja gar nicht gealint, dass du michso
1213 2293 1715 2441 lieb hast-
1446 2420 3169 2615 Sie. Warum bin ich denn deine Ge-
1202 2589 1993 2747 liebte geworden?
1438 2749 3229 2894 E r. Dass du mich gerne hast, das hab
1205 2902 3216 3076 ich ja vom ersten Tag an gewusst- und wenn
1205 3052 3164 3216 eine Frau einen Mann gern hat, so hat sie
1205 3213 3071 3338 ja sozusagen ein Bedürfnis, ihm treu zu
1205 3348 3200 3529 bleiben- es giebt gewiss manche, denen ihr
