3336 4136
2763 381 2924 533 13.
1020 687 3019 906 ständiger Familie, wenn einmal so ein klei-
1020 898 2989 1028 nes ^alheur passirt, da ist es ja begreif-
1020 1025 2996 1187 lich- aber wenn man einen Mann hat, da ist
1025 1210 3006 1361 es einfach ein Leichtsinn! Rein nur, damit
1028 1346 2643 1481 sie keine Unannehmlichkeiten hat! -
1272 1503 2884 1648 S i e triib lächelnd:. Wenn man
1050 1675 1760 1814 einen Mann hat!
1287 1817 2613 1951 E r. Aber du hast ja einen-
1287 1959 2989 2108 S i e. Ich habe keinen, ich hab' nur
1063 2145 1329 2334 dich!
1294 2247 3051 2402 E r. Aber., du..etwas muss ja doch
1070 2397 3051 2596 geaciehen..wegnehmen. von deiinem Herrn und
1068 2573 2817 2735 Gebieter kann ich dich ja doch nicht-
1322 2760 1909 2889 S i e. Nun?
1304 2842 3094 3026 E r :nahe zu ihr;es ist sehr dunkel:
1093 2994 3089 3198 Na, ich möchte jetzt an deiner Stelle froh
1105 3193 2563 3382 sein, dass ich einen Mann habe,
1327 3332 3168 3482 Sie :irritirt:. Aber ich sagte dir
