3464 4072
3008 393 3177 566 10.
1166 710 3066 871 ich auch im Bureau von Papa arbeite, ich
1168 869 3190 1060 bekomme ja doch eigentlich nur ein Taschen¬
1166 1060 1473 1198 geld! -
1402 1203 3167 1387 Sie. Mit Amerika ist's da freilich
1163 1362 1576 1505 nichts! -
1395 1475 3056 1631 E r. Ich bin eigentlich gefesselt,
1183 1646 3137 1792 an Händen und Füssen. Ich komm' mir manch-
1181 1823 2286 1984 mal vor wie ein Sklave.
1412 1961 3134 2095 Sie. Ich möcht' nur eins wissen.
1196 2130 2664 2256 wirst du mich immer lieb haben?
1422 2283 3076 2429 Er sie an sich ziehend:. Aber,
1203 2422 3185 2580 aber:- wie kann man nur so fragen! Du hast
1208 2568 3232 2726 ja gar keine Ahnung, wie gern ich dich hab',
1299 2734 2948 2898 jetzt beinahe noch mehr als früher.
1432 2870 3268 3066 Sie. jetzt darfst du mich nicht mehr
1208 3074 1707 3225 verlassen!
1435 3190 3187 3331 E r. Aber was redest du denn eigent-
1208 3338 3122 3512 lich...Na schau!.. Du!.. Na, nicht traurig
