3320 4072
2951 418 3141 576 8. b.
1092 694 3020 858 Gatte förmlich zuwider ist- aber manchmal
1082 877 3059 1003 kann man sich ja schwer helfen, nicht wahr?
1305 1058 2961 1203 S i e. Du hast gemeint,ich belüge
1082 1196 1391 1307 dich! -
1315 1337 2970 1503 E r. mein,- ich hab’ nur nicht, ja
1077 1525 3062 1671 wie soll ich das sagen,- ich hab' nur kaum
1080 1666 3000 1824 zu träumen gewagt, dass du mir- die Wahr-
1060 1819 1604 1960 e, heit sagst
1290 1967 2995 2128 S i e : schüttelt traurig den Kopf:
1288 2110 3032 2246 E r. Na Du!- Sei nicht traurig
1297 2283 3027 2427 S i e. Du begreifst aber jetzt viel
1048 2419 2988 2560 leicht,- dass ich- nicht sehr lustig bin.
1283 2587 2857 2755 F r. Ja, ja, ja...was machen wir
1063 2738 2321 2884 jetzt nur mit deinem Mann?-
1285 2891 2911 3020 S i e. Und du verstehet, dass ich
1058 3050 2328 3180 dir’s - zuerst gesagt habe.
1275 3193 3042 3366 r. Na geh’- nicht mich so höhnisch
1045 3356 1624 3507 behandeln...
