3448 4136
2929 389 3015 475 2.
1119 458 3137 648 Guten Abend, mein Herz! Schon früher da als
1119 628 2967 798 ich! Das ist einmal lieb:- Was, das ist
1111 798 2906 964 heut ein entzückendes Wetter! - Schau,-
1134 877 3181 1098 Ueberzieher!- :Legt ihn ab, giebt ihr das
1149 1154 1988 1276 Veilchenbouquet.:
1388 1236 3150 1398 Sie :daran riechend und es dann an
1152 1398 2573 1566 ihre Lippen haltend: Danke! -
1378 1546 3201 1709 E r. Ich bin spazieren gegangen, über
1177 1686 3201 1856 den Ring. Masse "eute!- :setzt sich, nimmt
1170 1826 3150 2057 sie bei der Hand.: Wie geht’s dir denn? -
2095 1996 3092 2153 Herr Gemal? - : Da sie
1195 2054 2059 2184 Was macht denn der
1195 2161 3196 2347 leicht zusammenzuckt.: Pardon! - aber ich
1203 2326 3193 2489 kann mir nicht helfen; er ist mir geradezu
1203 2504 3056 2637 sympatisch. Na..also erzäl', wie war's
1218 2662 2329 2812 denn gestern im Teater?
1457 2799 3122 2970 Sie. Es war ganz hübsch; wir sind
1218 2944 2982 3130 aber nicht bis zum Schluss geblieben.
1459 3087 3158 3282 E r. So.- Hast du an mich gedacht?
1241 3315 1548 3432 Viel?-
1467 3422 3193 3603 Sie. : sieht ihm nur ins Auge, dann
