3368 4088
2950 395 3111 573 20.
1097 744 2993 878 ich auch im Bureau von Papa arbeite, ich
1094 926 3111 1104 bekomme ja doch eigentlich nur ein Taschen-
1081 1056 1411 1190 geld! -
1328 1182 3078 1391 S i e. Mit Amerika ist'a da freilich
1084 1381 1491 1494 nichts! -
1323 1496 2958 1703 E r. Ich bin eigentlien gefesselt,
1089 1662 3066 1808 an Händen und Füssen. Ich komm' mir manch-
1086 1846 2173 1984 mal vor wie ein Sklave.
1328 1954 3036 2138 S i e. lch möcht' nur eins wissen.
1094 2150 2565 2301 wirat du mich immer lieb haben?
1315 2299 2953 2447 Er sie an sich ziehend:. Aber,
1089 2467 3073 2595 aber!- wie kann man nur so fragen! Du haat
1099 2623 3114 2726 ja gar keine Ahnung, wie gern ich dich hab',
1177 2739 2817 2902 jetzt beinahe noch mehr als früher.
1330 2910 3144 3104 S i e. jetzt darfst du mich nicht mehr
1089 3053 1582 3199 verlassen!
1308 3217 3046 3330 E r. Aber was redest du denn eigent-
1084 3395 2973 3576 lich...Na schau!..Du!..Na, nicht traurig
