3304 4088
2753 434 2870 561 6.
1167 530 2872 723 E.r. Natürlich wirst du's ihm anders
944 700 2885 886 mitteilen als mir.. Seinem Ehemann flüs-
962 842 2702 1033 tert man’s ja errötend ins Ohr, nicht
962 1063 1307 1182 wahr? -
1190 1149 2489 1342 S i e : steht ihn gross an:
1198 1292 2961 1487 r. Er wird sich riesig freuen, wie?
969 1472 2941 1619 Was regst du dich denn gar so sehr darüber
979 1642 1241 1802 auf!¬
1200 1774 3035 1956 Sie. Nachst du dich über mich lustig
1203 1931 1710 2111 E r. ich?
1215 2086 2999 2236 S i e. Du glaubst- du kannst glauben?
987 2228 2312 2400 Du glaubst, dass mein Mann-
1213 2395 3002 2535 E r. :langsam beginnt er zu verstehen:
992 2532 3030 2695 Na, ja, du bist ja schliesslich verheiratet,
995 2685 1490 2867 und da.....
1228 2794 3004 3020 S i e. : ausbrechend: Du kannet glau-
1012 2987 3017 3149 ben, dass er mich berührt hat- seit ich dir
1000 3157 1467 3344 gehöre-?
1221 3278 2903 3471 E r :befangen:. Schau, Kind- ich
