3400 4088
2647 465 2820 616 14.
893 707 1452 933 doch schon-
1118 928 2862 1153 E r. Es wäre doch die einfachste Lö¬
891 1140 1111 1247 sung
1126 1264 1863 1378 Sie. Was -?
1113 1405 2879 1566 E r. Na, du verstehet mich ja, es ist
900 1573 2088 1727 doch nicht so schwer- - -
1135 1707 2048 1880 Sie. Mich ihm...
1131 1826 2704 2011 E.r. Na. nicht vielleicht wieder
908 2009 2892 2189 Flitterwochen mit ihm verleben,da tät' ich
913 2174 1586 2365 schon bitten -
1143 2313 2803 2489 3 i e : schweigt, dann sieht sie ihn
918 2429 2706 2625 gross an:. Aber - für - eine Nacht?-
1153 2622 2103 2790 Er :gütig:. Ja! -
1140 2736 2855 2949 S i e. Ah!... : Sie schlägt ihn ins
923 2921 2642 3097 Gesicht, nimmt Hut und Schleier,geht;
923 3075 2437 3253 schliesst die tür hinter sich:
1153 3236 2662 3392 E r bleibt wie gelähmt stehen:
928 3377 2682 3545 Du!... will ihr nach, dann: Ah nein-
962 3523 2751 3703 :misslaunig: Ueberspannte Person!...
