3448 4088
3005 468 3134 609 9.
1421 636 3098 807 S i e : ist zum Fenster gegangen; es
1200 767 2115 958 dämmert immer mehr:
1416 958 3091 1134 Er setzt sich nieder, dann steht
1192 1064 1572 1288 er auf:
1413 1237 2095 1416 Sie. Nun?-
1406 1401 3081 1574 E r. verlegen: Daas du. dass du
1175 1549 2726 1733 dich irrst, ist ausgeschlossen?
1403 1725 2324 1904 S i e. Vollkommen.
1396 1876 3244 2062 E r. Hm... Ja, ja, wenn ich schon meine
1157 2020 2442 2203 Selbstständigkeit hätte!...
1391 2178 3109 2362 S i e wendet sich wieder zu ihm, er
1164 2326 3109 2525 kann ihr Gesicht nicht mehr deutlich aus-
1152 2492 1610 2663 nehmen:
1393 2626 3204 2832 Er. :tritt näher zu ihr:. Da können
1149 2794 3174 2985 wir - einfach nach Amerika durchbrennen.-
1378 2930 2950 3131 S i e :nickt nur mit dem Kopf:
1371 3129 3093 3277 E r. Ach, in solchen Momenten spürt
1139 3280 2958 3433 man erst, was die Abhängigkeit für ein
1137 3410 3139 3627 furchtbares Los ist. Denn eigentlich, wenn
