3480 4088
2982 391 3103 510 6.
1403 528 3111 685 E r. Natürlich wirst du's ihm anders
1172 723 3108 853 mitteilen als mir.. Seinem Ehemann flüs-
1188 875 2944 1023 tert man’s ja errötend ins Ohr, nicht
1188 1030 1517 1177 wahr? -
1424 1149 2771 1327 S i e sieht ihn gross an:
1416 1327 3225 1482 Er. Er wird sich riesig freuen, wie?-
1200 1492 3182 1616 Was regst du dich denn gar so sehr darüber
1200 1665 1449 1804 auf:-
1434 1748 3276 1921 S i e. machst du dich über mich lustig
1441 1974 1949 2104 E r. Ich?
1444 2099 3248 2269 Sie. Du glaubst- du kannst glauben?
1228 2256 2560 2408 Du glaubst, dass mein Mann¬
1446 2406 3263 2550 E r. :langsam beginnt er zu verstehen:
1233 2570 3273 2733 Na, ja, du bist ja schliesslich verheiratet,
1236 2735 1720 2880 und da...
1467 2829 3261 3007 S i e. : ausbrechend:  Du kannst glau¬
1246 3025 3278 3177 ben, dass er mich berührt hat- seit ich dir
1251 3195 1700 3355 gehöre-?
1467 3291 3149 3492 E r :befangen:. Schau, Kind- ich
