3288 4056
2882 444 3078 559 8a
1248 758 3050 906 E r durch ihren Blick immer befange-
1026 927 3004 1062 ner werdend:. Freilich, du bist eben an¬
1036 1082 3083 1189 ders, ganz anders wie die übrigen alle. Aber
1021 1230 3060 1338 man traut sieh ja kaum, so^was anzunehmen.
1026 1378 2966 1521 Du musst nur denken, was einen alles vor-
1036 1519 2879 1636 kommt in der Welt..Geh, gieb mir deine
1021 1690 2915 1822 Hand. nimmt die Willenlose und küsst
1026 1830 2956 1948 sie: Du musst mir verzeihen;- was du mi
1016 1973 2877 2144 agst, macht mich ja ganz glücklich.Ich
1021 2129 2920 2287 hab' ja gar nicht gealint, dass du michso
1021 2292 1506 2425 lieb hast-
1261 2438 2963 2578 S i e. Warum bin ich denn deine Ge¬
1016 2568 1805 2769 liebte geworden?
1246 2731 3020 2900 E r. Dass du mieh gerne hast, das hab
1026 2887 3017 3050 ieh ja vom ersten Tag an gewusst- und wenn
1021 3058 2966 3170 eine prau einen Mann gern hat, so hat sie
1031 3201 2874 3351 ja sozusagen ein Bedürfnis, ihm treu zu
1021 3380 3004 3497 bleiben- es giebt gewiss manche, denen ihr
