3272 4104
2671 428 2795 549 9.
1102 662 2770 880 Sie :ist zum Fenster gegangen; es
897 840 1871 981 dämmert immer mehr:
1107 984 2785 1179 Er setzt sich nieder, dann steht
897 1147 1325 1372 er auf:.
1132 1312 1816 1443 Sie. Nun?-
1134 1428 2817 1636 E r. verlegen: Dass du...dass du
924 1584 2474 1826 dich irrat, ist ausgeschlossen? -
1157 1762 2061 1891 S i e. Vollkommen.
1149 1866 2980 2120 E r. Hm...Ja, ja, wenn ich schon meine
939 2066 2209 2266 Selbatständigkeit hätte!...
1169 2145 2881 2402 S i e wendet sich wieder zu ihm, er
951 2355 2864 2607 kann ihr Gesicht nicht mehr deutlich aus-
949 2548 1330 2743 nehmen:
1179 2622 2990 2862 E r. tritt näher zu ihr:. Da könnten
974 2805 2894 2995 wir - einfach nach Amerika durchbrennen.-
1216 2931 2706 3136 S i e :nickt nur mit dem Kopf:
1194 3079 2919 3265 E r. Ach, in solchen Momenten spürt
984 3269 2805 3423 man erst, was die Abhängigkeit für ein
986 3418 2970 3606 furchtbares Los ist. Denn eigentlich, wenn
