3496 4200
2849 507 3029 651 14.
1116 785 1668 1047 doch schon¬
1346 970 3094 1116 E r. Es wäre doch die einfachste Lö¬
1121 1124 1351 1302 sung
1364 1252 2086 1448 Sie. Was -?
1359 1418 3118 1601 E r. Na, du verstehst mich ja, es ist
1148 1574 2265 1745 doch nicht so schwer- -
1381 1775 2265 1923 Sie. Mich ihm...
1384 1888 2948 2062 E r. Na, nicht vielleicht wieder
1156 2062 3148 2235 Flitterwochen mit ihm verleben,da tät' ich
1166 2265 1822 2396 schon bitten -
1408 2391 3067 2552 S i e schweigt, dann sieht sie ihn
1173 2532 2945 2745 gross an:. Aber - für - eine Nacht?
1406 2698 2364 2878 Er :gütig:. Ja! -
1418 2792 3121 2977 S i e. Ah!... : Sie schlägt ihn ins
1188 2972 2935 3158 Gesicht, nimmt Hut und Schleier,geht;
1198 3158 2621 3329 schliesst die tür hinter sich:
1426 3269 2958 3505 Er: bleibt wie gelähmt stehen:
1200 3433 2945 3646 Du!... : will ihr nach, dann: Ah nein-
1257 3611 3005 3799 misslaunig: Ueberspannte Person!..
