3224 4136
2665 323 2776 425 0.
870 435 2677 608 küsst sie ihn mit einem langen Küsse:
1083 592 2756 763 E r :aufstehend:. Weisst du, was
870 730 2850 913 eigentlich recht schade ist? - dass wir die
890 910 2804 1073 Fenster nicht aufmachen können und gemüt-
880 1093 1879 1231 lich hinunterschauen!
1121 1218 2932 1363 Sie. Wie andere wenschen, die sich
892 1409 1442 1561 lieb haben.
1126 1503 2934 1719 E r. Ja, uni dann ist es sehr amiisant.
920 1673 2827 1838 Ich habe nämlich die „Sobachtung gemacht,
928 1823 2804 1983 dass diese Gasse der Rendezvousplatz der
931 1986 2832 2156 JÄM###K Liebespaare von der ganzen Wieden
938 2098 2962 2301 ist.. à propos, weisst du, wer heute auf
943 2235 2863 2446 dem Ring war? Das allerneueste Brautpaar,
948 2413 2993 2593 deine Cousine Elle mit präutigam! Und stolz,
956 2593 2962 2781 sag' ich dir! Immerfort hat sie so herumge-
964 2720 2860 2919 schaut: Was sagt ihr dazu - ich bin eine
964 2898 2606 3061 grosse name, ich habe mich verlobt!
1205 3074 1998 3216 S i e :lachelt:
1205 3196 3043 3331 E r. Vorm Hochleitner steh'n schon die
994 3341 3023 3532 Tische draussen - denk' dir, im März, womit
