3320 4088
2724 353 2895 572 10.
887 690 2785 877 ich auch im Bureau von Papa arbeite, ich
897 827 2911 1079 bekomme ja doch eigentlich nur ein Taschen-
890 1066 1212 1225 geld! -
1119 1152 2885 1406 S i e. Mit Amerika ist's da freilich
892 1371 1308 1499 nichts!-
1121 1446 2775 1641 E r. Ich bin eigentlich gefesselt,
915 1625 2875 1845 an Händen und Füssen. Ich komm’ mir manch-
912 1809 2016 1981 mal vor wie ein Sklave.
1144 1920 2878 2104 Sie. Ich möcht' nur eins wissen.
922 2099 2391 2263 wirst du mich immer lieb haben?
1149 2243 2790 2407 Er sie an sich ziehend:. Aber,
917 2384 2908 2588 aber!— wie kann man nur so fragen! Du hast
935 2540 2958 2714 ja gar keine Ahnung, wie gern ich dich hab'
940 2712 2684 2865 - jetzt beinahe noch mehr als früher.
1164 2860 2996 3021 S i e. jetzt darfst du mich nicht mehr
950 3034 1441 3190 verlacsen!
1184 3145 2923 3347 E r. Aber was redest du denn eigent-
948 3311 2835 3498 lich... Na schaut.. Dut.. Na, nicht traurig
