3480 4136
2920 411 3083 539 13.
1174 682 3189 863 ständiger Familie, wenn einmal so ein klei¬
1167 886 3151 1034 nes Malheur passirt, da ist es ja begreif¬
1177 1059 3171 1177 lich- aber wenn man einen Mann hat, da ist
1184 1197 3159 1342 es einfach ein Leichtsinn! Rein nur, damit
1192 1367 2782 1475 sie keine Unannehmlichkeiten hat! -
1420 1515 3046 1648 S i e :triib lächelnd:. Wenn man
1199 1696 1927 1806 einen Mann hat!
1420 1809 2767 1962 E r. Aber du hast ja einen¬
1440 1992 3148 2102 S i e. Ich habe keinen, ich hab' nur
1207 2160 1470 2280 dich!
1445 2275 3196 2416 E r. Aber.. du... etwas muss ja doch
1222 2439 3206 2599 geschehen... wegnehmen von deinem Herrn und
1222 2627 2968 2767 Gebieter kann ich dich ja doch nicht-
1463 2770 2055 2900 S i e. Nun?
1455 2893 3196 3031 E r :nahe zu ihr; es ist sehr dunkel:
1224 3058 3221 3201 Na, ich möchte jetzt an deiner Stelle froh
1237 3231 2709 3367 sein, dass ich einen Mann habe,
1485 3359 3299 3547 S i e.:irritirt:. Aber ich sagte dir
