3304 4072
2869 352 2972 455 7.
1014 637 2750 803 weiss ja,- ich habe ja nicht geadnt.
1253 833 2906 966 S i e. Das laat du glauben können!
1241 979 3017 1110 E r :versucht sie zu beruhigen: Ja,
1024 1122 2962 1273 siehst du,- es ist ja. du bist ja wirk-
1014 1273 2964 1417 lich ein Engel. dass eine prau für einen
1037 1459 2879 1565 Menschen, den sie lieb hat, so viel tun
1034 1578 3017 1729 kann -. Ich hab' ja immer gewusst, dass du
1037 1751 3014 1910 mich liebst,- aber du bist kaum drei Jahre
1037 1895 3055 2068 verheiratet, wie kann man einem Ehemann zu-
1037 2099 1351 2204 muten-
1273 2209 3098 2330 S i e. Was fiir -rauen musst du gekannt
1047 2370 1399 2531 haben:-
1268 2521 3095 2632 E r. Es ist ja- beinahe unerklärlich.
1057 2650 3077 2816 Was du mir beteuert hast, erzälen einem die
1062 2806 2954 2987 Frauen immer;- es ist halt eine Notlüge,
1059 2994 2237 3165 man hört's ja auch gerne¬
1293 3148 2579 3289 S i e : sieht ihn starr an:
