3368 4072
2859 488 3023 617 11.
1094 768 1400 902 sein! -
1327 887 3076 1059 :plötzlich wieder in Erregung:
1087 1067 2227 1223 Ja, aber was, ja was
1309 1246 3116 1415 E r. Was X zu tun is t! Ja, sag,- wie
1074 1398 3066 1552 lang ist’s denn eigentlich?...Es kann sich
1079 1532 2955 1693 ja doch nur um ein paar Wochen handeln
1304 1698 2042 1843 S i e :nickt:
1286 1845 3116 2035 E r mit Entschiedenueit:. Herrgott,
1069 2002 2750 2143 wenn ich nur mein eigener Herr wär'!
1297 2164 2583 2320 S i e. Was wir' denn dann?
1286 2325 2879 2434 E r. Da fragt sie noch! - Ich hab'
1067 2474 3094 2608 dir's ja schon gesagt! Glaubst du,ich liess
1059 2593 2884 2765 dich nur einen Moment bei deinem Mann?—
1284 2755 3142 2922 S i e :zirtlieh an ihn sich schmiegen:
1271 2934 2095 3076 E r.Aber so, so! -
1274 3104 2553 3223 S i e. Was also, was? was? -
1269 3223 3013 3415 E.r. Man muss halt nachdenken..Viel¬
1031 3394 2980 3574 leicht liesse sich jetzt... wo’s doch erst
