3256 4120
2739 412 2941 560 8. b.
888 642 2820 911 Gatte förmlich zuwider ist- aber manchmal
886 886 2862 1086 kann man sich ja schwer helfen, nicht wahr?
1123 1034 2788 1212 Sie. Du hast gemeint,ich belüge
901 1199 1214 1372 dich! —
1130 1315 2803 1522 E r. nein,- ich hab' nur nicht, ja
911 1473 2894 1651 wie soll ich das sagen,- ich hab' nur kaum
911 1661 2840 1819 zu träumen gewagt, dass du mir- die Wahr-
901 1799 1483 2009 heit sagst -
1145 1927 2798 2097 Sie: schüttelt traurig den Kopf:
1150 2090 2892 2270 E r. Na... Du!- Sei nicht traurig...
1162 2258 2880 2403 S i e. Du begreifst aber jetzt viel-
920 2393 2860 2581 leicht,- dass ich- nicht sehr lustig bin.
1147 2569 2732 2746 E r. Ja, ja, ja...was machen wir
938 2692 2228 2892 jetzt nur mit deinem Mann? -
1170 2862 2798 3013 S i e. Und du verstehet, dass ich
943 3075 2228 3208 dir’s - zuerst gesagt habe.
1162 3173 2931 3358 är. Na geh’- nicht mich so höhnisch
952 3334 1522 3521 behandeln...
