3384 4040
2984 337 3091 467 3.
1149 401 2989 572 küsst sie ihn mit einem langen Kusse:
1376 605 3058 687 Er :aufstehend:. Weisst du, was
1154 740 3147 842 eigentlich recht schade ist?- dass wir die
1166 906 3096 1016 Fenster nicht aufmachen können und gemüt-
1161 1054 2154 1205 lich hinunterschauen!
1378 1192 3196 1325 S i e. Wie andere -renachen, die sich
1151 1343 1697 1475 lieb haben.
1381 1519 3216 1631 E r. Ja, uni dann ist ea sehr amiisant.
1149 1649 3063 1802 Ich habe nämlich diegebrachtung gemacht
1149 1840 3048 1963 dass diese Casse der Rendezvousplatz der
1151 1976 3058 2108 jäKääK Liebespaare von der ganzen Wieden
1151 2113 3186 2267 ist..à propos, weisst du, wer heute auf
1151 2274 3081 2394 dem Ring war? Das allerneueste Brautpaar,
1154 2412 3198 2570 deine Cousine Elle mit präutigam! Und stolz,
1146 2593 3180 2716 sag' ich dir! Immerfort hat sie so herumge¬
1149 2729 3053 2905 schaut: Was sagt ihr dazu - ich bin eine
1144 2900 2808 3048 Srosse name, ich habe mich verlobt!
1378 3030 2159 3191 S i e:làchelt:
1366 3196 3216 3334 E r. Vorm Hochleitner steh'n schon die
1136 3359 3186 3528 Tische draussen - denk’ dir, im März, womit
