3304 4136
2770 331 2894 462 4.
914 514 2912 691 natürlich nicht gesagt ist, dass es morgen
914 693 2786 847 nicht wieder schneit! Mit dem Eislaufen
927 816 2914 1035 wird es allerdings endgültig vorbei sein. -
942 994 3004 1127 Im Zimmer ist es kühler als draussen; nicht?-
950 1137 2824 1276 Da hätte man wirklich einheizen können.-
942 1294 2272 1451 Ist dir nicht kalt, Schatz? -
1186 1440 3001 1582 Sie ist bei ihm, an seine Brust ge-
960 1574 2752 1741 lehnt, nickt verneinend mit dem Kopf:
1204 1741 2901 1910 E r. Was bist du denn gar so still,
988 1882 1394 2080 Herzerl?
1212 1949 2942 2205 S i e : einfach:. Ich muss dir was
994 2257 1682 2375 Ernstes sagen.
1240 2298 2811 2514 E r. Na, geh.. Geht ihr am Ende
1012 2437 2994 2686 wirklich über Ostern nach Abbazia?- nein?-
1045 2629 2817 2837 Mit sehr correkter Besorgnis: Oder
1019 2788 2714 2978 geht's deiner Schwester schlechter? -
1261 2945 2922 3120 S i e. O nein, sie ist schon äusser
1037 3117 1351 3320 Bett.-
1263 3163 3035 3438 E r. Da bin ich aber wirklich froh.-
