3368 4088
2687 462 2878 567 10.
943 695 2960 898 ständiger Familie, wenn einmal so ein klei-
943 876 2903 1039 nes Malheur passirt, da ist es ja begreif-
926 1051 2923 1182 lich- aber wenn man einen Mann hat, da ist
946 1214 2923 1362 es einfach ein Leichtsinn! Rein nur, damit
941 1347 2556 1468 sie keine Unannehmlichkeiten hat! -
1174 1453 2792 1668 S i e : trib lächelnd:. Wenn man
941 1626 1668 1804 einen Mann hat!
1174 1761 2509 1922 E r. Aber du hast ja einen-
1177 1912 2883 2092 S i e. Ich habe keinen, ich hab nur
951 2004 1214 2228 dich!
1169 2208 2935 2386 E r. Aber...du... etwas muss ja doch
948 2366 2933 2544 geschehen... wegnehmen von deinem Herrn und
956 2524 2702 2717 Gebieter kann ich dich ja doch nicht-
1184 2672 1771 2865 S i e. Nun?
1184 2767 2980 3016 Er : nahe zu ihr; es ist sehr dunkel:
1146 2978 2950 3176 ich möchte jetzt an deiner Stelle froh
941 3010 1101 3166 Na,
956 3141 2421 3307 sein, dass ich einen Mann habe.
1182 3286 3026 3480 S i e.:irritirt:. Aber ich sagte dir
