3384 4184
327 347 1041 602 sprechen solle.
2781 304 3038 539 a le
2004 354 2347 565 Most
400 469 3062 810 Alterdings wollte er sein
331 711 2218 1028 nurück haben – aber sie fteil er früh.
364 883 2728 1164 pene thät de Vte. und sie auch nur Einen Gericht.
407 1041 2523 1322 Sei man eine Freunde ich verstorben Frei.
407 1223 2824 1527 Kläch. ein jede allen Kerl, fromm, finden, hat sich
427 1408 2738 1782 versprochen für den Seinen, wärst d sollen an
453 1749 1141 2030 en zeilige.
460 1855 2731 2215 Ein Rtharen zwischen Haar um seine Vater
856 2083 2410 2308 !   I  ler of das wullep.).
592 2192 870 2371 self
460 2228 2741 2562 Es wird, so denkt selven, indem sie sie sei¬
1306 2483 2701 2741 lich herübergebungen:
450 2566 1286 2814 dafür Dinge 2
2265 2648 2797 2903 [illegible]
486 2728 2238 2995 soll sie teilagt werden, etc.
552 2956 1570 3194 dilis ein Jose...
2328 3032 2701 3346 Gärte
625 3081 2321 3396 Hans laat Uhr d abtecht auch das I.
651 3369 1448 3643 anzuschließen.
780 3501 2721 3799 vielleicht, meine Hausweise, daher es nicht.
836 3782 1630 3961 woh zum Wochen
