3384 4184
2648 257 2917 511 a.
218 284 2336 548 kann Lieberzuküft, um, von: -
218 484 2551 699 to mea hin whls pks, wren Haus you
203 651 2106 887 sier bringen begange hätte.. - Schulden
251 808 2684 1089 Nun, von etwaer, das in den Augen Klugf. Wolgern d.
251 1011 2581 1316 schlimm, für Julian unterstärt.
254 1253 1782 1489 scheine müsstl.. Hans vorleichst's
272 1404 2681 1686 Julia lezt also zu Hans.. So geht u! Nürn
239 1619 2460 1888 lich nicht an dich allen Theil. Ich bin die
291 1804 2603 2055 Malor... Uns sieckenden Wort zucht selens
266 2073 1888 2270 in sammen.. wird selmenkam...
330 2194 2705 2485 Ihm erstossählt über den Sache.. Um jereden
263 2373 2642 2736 doch 1) völl geht Hans hervor, ein Ifl. für ein
224 2578 2536 2935 wol kann wie? Den jetzt zeigt sich, daß
850 2820 2763 3193 te, der Hause nicht sein Tohr ma¬
287 2938 835 3262 Zl. Wuy
287 3147 1773 3459 so gemuptsah nicht....
418 3293 1785 3604 Hers wird sich niederhand.
421 3495 2769 3740 Han weit vom Malz Hlöst, das Ich
421 3719 1552 3980 ohne krank ist:
