3320 4072
2507 193 3071 399 a 11.
277 252 532 438 dRt
406 322 1155 578 Stück. - Järs.
343 501 1274 704 Sale. Johanna
1478 504 2220 847 verständig.
417 627 1278 837 Zod de Müller!
378 795 980 991 tage vingt un
434 893 1716 1173 der selben Rückkehr.
249 959 3071 1379 2. all1 In jusst foliens in J. und Sala dann habenlauf
417 1243 2475 1523 kind take... Er will Henn so sich mehmen.
469 1372 2752 1786 zu, da geht mit.  N. Auf auf der Exprédier. -
445 1618 1723 1863 worin. Da doch nicht sein
833 1786 1509 1978 nen Kerms
525 1744 2906 2136 Nach Gegenst betracht ihr drei sie ich habe mit
336 2017 2829 2402 3. M Hans d in fortgeht, zu Johann: nicht
420 2370 1492 2605 d Aater Co. Albin
599 2465 2223 2762 führes: Schibe. ich bin ich
417 2538 2955 3004 4M Johanna Sala. – Entferniesserte. Johann
774 2948 2903 3260 Julen in Sala.. Marie soll ich je nicht unruksel
553 2952 1089 3106 Sellstmors
882 3186 1302 3368 is - : -
865 3263 3057 3568 Bin Klingf. - Entschleibt Jul. Aufgleich & Mapp
546 3361 791 3529 5 an
861 3449 2724 3722 zu Tagen.  Hans erklärt, er war sich tödten
875 3596 3092 3837 Sala kommt: Ich bin es in Ihr schwerste nachricht seit
2171 3732 2444 3914 were
1141 3799 1789 3935 Sultumor Jul
