3331 4200
187 276 1679 591 Morrit geht der ganze sinners:
2546 419 2713 568 a
199 508 2347 761 Julien. Dese Sohn, meinem Klats, geheit und
178 663 2312 969 sobals ich mir will. (diese Frau ist meinte
1557 969 1652 1070 G.C.P.
288 888 1495 1138 in, which in one beliebt.
458 1031 2377 1307 so fort, hat der Müll Ertsmann, sie wollten.
309 1153 437 1301 l.
267 1263 1049 1492 von Kasen sagen.
1652 1248 2588 1477 im Seit Julius
823 1394 2633 1667 klar, dass die Sach sehr damit einsehen
258 1453 775 1679 Hans 7-9
211 1619 2597 1973 michs. Ich werde meine Sohn zu annehmen.
276 1848 2647 2136 der alle hat durch Krankheit! Heim Praxis verloren,
407 2092 2677 2309 Carmuntt des: Hans hat eine Ehebruch begangen, die tra¬
321 2270 2537 2505 seines Professors. In Oder ein Verführung, sie doch bei
348 2436 2496 2633 gehördet u. Er geht das an mit Sal mit d Eigenste
452 2618 1777 2826 dentil ds as up in that
410 2787 1604 2995 ein Tochter bettildener -?
