3368 4168
240 362 2819 577 Julia hat die Pangerin Marie tostes verführt, wo
2778 452 2887 606 a
211 535 2502 807 25 Jahren; hat sie von lassen, in eine neue
215 676 2585 1019 Herrn Angst, als Thümerichsch tat gegehen. E. u.
189 968 2179 1282 läßt sie und verklemmet für sie...-
224 1192 2576 1438 viel Gabe mit einem übellegen sesamentreffen
215 1419 2694 1740 in Corcust findet er bei meisten. Er haut
285 1608 2553 1900 der Rie kennen; er ist das seine.
365 1842 2563 2118 t leaen wsifs nehmlich, of er nicht die
205 1983 2486 2400 sins ist; aber in Cal kam Ahann
253 2348 1298 2666 keit der Natur ist:
279 2486 2611 2823 Hau soll die Macheit viel solle erfahren.
1426 2710 1685 2871 Jules
295 2694 2560 3076 Ah deren sehr an verlangt. daß
346 3060 1544 3297 of or it in
650 3258 1682 3470 Nun so geht
