<?xml version="1.0" encoding="UTF-8" standalone="yes"?>
<PcGts xmlns="http://schema.primaresearch.org/PAGE/gts/pagecontent/2013-07-15" xmlns:xsi="http://www.w3.org/2001/XMLSchema-instance" xsi:schemaLocation="http://schema.primaresearch.org/PAGE/gts/pagecontent/2013-07-15 http://schema.primaresearch.org/PAGE/gts/pagecontent/2013-07-15/pagecontent.xsd">
    <Metadata>
        <Creator>prov=READ-COOP:name=TrHtr:version=2.1.0:model_id=51170:date=28_07_2023_17:17</Creator>
        <Created>2023-05-10T11:46:10.934+02:00</Created>
        <LastChange>2023-07-28T17:17:55.739+02:00</LastChange>
        <TranskribusMetadata docId="1428171" pageId="55393279" pageNr="336" tsid="131366745" status="IN_PROGRESS" userId="64420" imgUrl="https://files.transkribus.eu/Get?id=QKTGNZDORKNVYCWPVBBGFDZP&amp;fileType=view" xmlUrl="https://files.transkribus.eu/Get?id=INVMQMMLMQZUTQASXEPRXFLZ" imageId="44668164"/>
    </Metadata>
    <Page imageFilename="1428171_0336.jpg" imageWidth="3352" imageHeight="4088">
        <ReadingOrder>
            <OrderedGroup id="ro_1711802795589" caption="Regions reading order">
                <RegionRefIndexed index="0" regionRef="tr_1"/>
                <RegionRefIndexed index="1" regionRef="tr_2"/>
                <RegionRefIndexed index="2" regionRef="tr_3"/>
            </OrderedGroup>
        </ReadingOrder>
        <TextRegion id="tr_1" custom="readingOrder {index:0;}">
            <Coords points="208,314 2792,314 2792,2003 208,2003"/>
            <TextLine id="tr_1_tl_1" custom="readingOrder {index:0;}">
                <Coords points="191,479 648,527 1200,439 1748,524 1988,418 2621,488 2630,255 2130,248 1712,382 764,312 567,376 300,285 194,355"/>
                <Baseline points="208,438 214,438 259,438 304,438 349,441 393,444 438,444 483,441 528,441 572,444 617,441 662,441 707,438 751,435 796,438 841,435 886,435 930,438 975,438 1020,438 1065,438 1110,441 1154,441 1199,435 1244,438 1289,435 1333,435 1378,435 1423,429 1468,426 1512,426 1557,426 1602,426 1647,423 1691,420 1736,417 1781,408 1826,402 1870,399 1915,396 1960,393 2005,387 2049,390 2094,390 2139,387 2184,387 2229,384 2273,381 2318,381 2363,375 2408,372 2452,370 2497,370 2542,370 2587,367 2631,364"/>
                <TextEquiv>
                    <Unicode>Unden solche Umflaust war so auch zu andern 1. auf</Unicode>
                </TextEquiv>
            </TextLine>
            <TextLine id="tr_1_tl_2" custom="readingOrder {index:1;}">
                <Coords points="242,688 558,685 658,706 748,658 800,685 803,564 739,530 606,509 579,527 500,515 424,579 245,551"/>
                <Baseline points="260,645 271,641 316,641 361,632 405,629 450,626 495,623 540,620 584,620 629,623 674,623 719,626 763,629 808,632"/>
                <TextEquiv>
                    <Unicode>zu übrigen.</Unicode>
                </TextEquiv>
            </TextLine>
            <TextLine id="tr_1_tl_3" custom="readingOrder {index:2;}">
                <Coords points="206,861 291,882 485,818 691,839 830,797 921,842 994,806 1148,848 1251,824 1227,685 882,712 745,670 524,715 212,685"/>
                <Baseline points="226,802 229,802 274,802 319,799 364,796 408,793 453,793 498,793 543,793 587,787 632,787 677,784 722,784 766,784 811,781 856,784 901,781 945,781 990,781 1035,778 1080,775 1124,772 1169,769 1214,772 1259,766"/>
                <TextEquiv>
                    <Unicode>im samt Ausfelds.</Unicode>
                </TextEquiv>
            </TextLine>
            <TextLine id="tr_1_tl_4" custom="readingOrder {index:3;}">
                <Coords points="542,1009 1521,976 1903,885 2503,961 2524,706 2324,664 1754,776 1394,761 1182,851 558,830"/>
                <Baseline points="566,948 593,954 638,957 683,957 728,957 772,957 817,957 862,954 907,951 951,951 996,948 1041,945 1086,945 1130,942 1175,939 1220,933 1265,928 1309,925 1354,922 1399,910 1444,904 1488,901 1533,895 1578,892 1623,892 1668,889 1712,886 1757,886 1802,883 1847,877 1891,874 1936,868 1981,865 2026,859 2070,856 2115,850 2160,844 2205,844 2249,841 2294,835 2339,832 2384,826 2428,826 2473,823 2518,823"/>
                <TextEquiv>
                    <Unicode>Zahlände durch ich Schulde des Sohnes?</Unicode>
                </TextEquiv>
            </TextLine>
            <TextLine id="tr_1_tl_5" custom="readingOrder {index:4;}">
                <Coords points="273,1248 718,1260 1160,1127 1303,1218 1633,1109 2091,1106 2097,1015 1715,1051 1445,948 1248,1027 991,982 730,1067 288,1042"/>
                <Baseline points="295,1151 304,1151 349,1154 393,1160 438,1160 483,1160 528,1160 572,1163 617,1166 662,1166 707,1163 751,1160 796,1160 841,1154 886,1148 930,1139 975,1133 1020,1127 1065,1127 1110,1124 1154,1121 1199,1121 1244,1118 1289,1110 1333,1110 1378,1110 1423,1110 1468,1107 1512,1104 1557,1098 1602,1095 1647,1089 1691,1089 1736,1089 1781,1086 1826,1083 1870,1080 1915,1074 1942,1062 1969,1059 2014,1053 2058,1044 2103,1041"/>
                <TextEquiv>
                    <Unicode>u sehr ach. sel Johanna?</Unicode>
                </TextEquiv>
            </TextLine>
            <TextLine id="tr_1_tl_6" custom="readingOrder {index:5;}">
                <Coords points="442,1351 685,1391 1754,1254 2009,1294 2036,1115 1863,1188 1709,1115 1303,1221 1085,1160 718,1260 448,1230"/>
                <Baseline points="462,1309 471,1309 516,1315 560,1318 605,1321 650,1321 695,1318 740,1315 784,1315 829,1309 874,1306 919,1303 963,1300 1008,1298 1053,1295 1098,1295 1142,1289 1187,1289 1232,1289 1277,1283 1321,1280 1366,1274 1411,1268 1456,1265 1500,1265 1545,1262 1590,1262 1635,1259 1679,1256 1724,1253 1769,1250 1814,1247 1858,1247 1903,1244 1948,1238 1993,1232 2038,1241"/>
                <TextEquiv>
                    <Unicode>Nach der Art der Mutter?</Unicode>
                </TextEquiv>
            </TextLine>
            <TextLine id="tr_1_tl_7" custom="readingOrder {index:6;}">
                <Coords points="373,1560 1567,1448 1803,1491 1839,1360 1500,1294 1215,1364 906,1327 594,1436 385,1436"/>
                <Baseline points="393,1515 411,1518 456,1518 501,1518 546,1515 590,1512 635,1506 680,1503 725,1494 769,1486 814,1480 859,1477 904,1474 948,1471 993,1465 1038,1462 1083,1459 1127,1453 1172,1447 1217,1444 1262,1441 1306,1441 1351,1441 1396,1438 1441,1435 1486,1432 1530,1426 1575,1417 1620,1411 1665,1405 1709,1402 1754,1399 1799,1396 1844,1390"/>
                <TextEquiv>
                    <Unicode>Ul d Beitbef Salians!..</Unicode>
                </TextEquiv>
            </TextLine>
            <TextLine id="tr_1_tl_8" custom="readingOrder {index:7;}">
                <Coords points="361,1654 582,1706 1194,1585 1388,1651 2403,1494 2685,1585 2724,1418 2497,1351 2318,1467 1860,1400 1297,1533 370,1570"/>
                <Baseline points="381,1635 402,1638 447,1635 492,1638 537,1635 581,1632 626,1632 671,1632 716,1629 760,1620 805,1614 850,1611 895,1608 939,1602 984,1599 1029,1593 1074,1587 1118,1584 1163,1581 1208,1581 1253,1581 1298,1578 1342,1578 1387,1575 1432,1581 1477,1581 1521,1572 1566,1569 1611,1563 1656,1554 1700,1545 1745,1545 1790,1545 1835,1542 1879,1536 1924,1530 1969,1530 2014,1530 2058,1527 2103,1524 2148,1518 2193,1515 2237,1503 2282,1500 2327,1494 2372,1488 2416,1474 2461,1477 2506,1480 2551,1480 2596,1480 2640,1483 2685,1486 2730,1477"/>
                <TextEquiv>
                    <Unicode>Flesfalt als nicht ärzt. sond auf lieben?</Unicode>
                </TextEquiv>
            </TextLine>
            <TextLine id="tr_1_tl_9" custom="readingOrder {index:8;}">
                <Coords points="397,1860 661,1891 857,1773 945,1815 1294,1766 1370,1791 1382,1633 1321,1597 1248,1630 1160,1597 894,1676 800,1648 588,1706 412,1691"/>
                <Baseline points="420,1790 444,1790 489,1787 534,1787 578,1784 623,1784 668,1781 713,1778 757,1775 802,1772 847,1766 892,1760 936,1757 981,1748 1026,1742 1071,1736 1115,1730 1160,1730 1205,1727 1250,1724 1295,1721 1339,1718 1384,1712"/>
                <TextEquiv>
                    <Unicode>Ort belle auf Killleben</Unicode>
                </TextEquiv>
            </TextLine>
            <TextLine id="tr_1_tl_10" custom="readingOrder {index:9;}">
                <Coords points="403,2039 1536,1994 2572,1800 2775,1848 2794,1663 2227,1642 1351,1857 1164,1794 748,1897 421,1860"/>
                <Baseline points="426,1993 465,1981 510,1978 555,1978 599,1978 644,1972 689,1969 734,1963 778,1963 823,1957 868,1957 913,1951 957,1945 1002,1939 1047,1933 1092,1921 1136,1915 1181,1915 1226,1915 1271,1912 1315,1912 1360,1906 1405,1903 1450,1900 1494,1894 1539,1891 1584,1885 1629,1879 1673,1873 1718,1867 1763,1858 1808,1850 1853,1844 1897,1841 1942,1835 1987,1832 2032,1835 2076,1832 2121,1832 2166,1829 2211,1817 2255,1811 2300,1808 2345,1802 2390,1796 2434,1790 2479,1787 2524,1784 2569,1781 2613,1778 2658,1769 2703,1763 2748,1754 2792,1754"/>
                <TextEquiv>
                    <Unicode>I de selve lel de lange part u saufe vorkehrt.</Unicode>
                </TextEquiv>
            </TextLine>
        </TextRegion>
        <TextRegion id="tr_2" custom="readingOrder {index:1;}">
            <Coords points="525,1967 2828,1967 2828,3089 525,3089"/>
            <TextLine id="tr_2_tl_1" custom="readingOrder {index:0;}">
                <Coords points="503,2224 751,2154 1070,2188 1167,2133 1451,2188 1797,2073 1900,2097 1921,1900 1336,2018 1000,1985 839,2066 521,2054"/>
                <Baseline points="525,2154 528,2151 572,2154 617,2151 662,2151 707,2148 751,2139 796,2133 841,2130 886,2130 930,2130 975,2121 1020,2112 1065,2103 1110,2097 1154,2094 1199,2088 1244,2082 1289,2079 1333,2073 1378,2064 1423,2058 1468,2055 1512,2049 1557,2049 1602,2046 1647,2044 1691,2038 1736,2035 1781,2035 1826,2029 1870,2023 1915,2017"/>
                <TextEquiv>
                    <Unicode>Man hat sich deren gefügt,</Unicode>
                </TextEquiv>
            </TextLine>
            <TextLine id="tr_2_tl_2" custom="readingOrder {index:1;}">
                <Coords points="542,2379 1085,2288 1836,2385 2479,2157 2788,2260 2833,2048 1988,2018 1357,2212 558,2197"/>
                <Baseline points="566,2306 590,2312 635,2315 680,2309 725,2303 769,2297 814,2291 859,2288 904,2282 948,2279 993,2276 1038,2270 1083,2264 1127,2258 1172,2255 1217,2252 1262,2252 1306,2249 1351,2252 1396,2249 1441,2246 1486,2243 1530,2240 1575,2237 1620,2234 1665,2229 1709,2223 1754,2217 1799,2214 1844,2211 1888,2205 1933,2202 1978,2199 2023,2193 2067,2187 2112,2178 2157,2175 2202,2172 2246,2166 2291,2166 2336,2163 2381,2160 2425,2157 2470,2151 2515,2151 2560,2148 2604,2148 2649,2148 2694,2145 2739,2142 2784,2145 2828,2145"/>
                <TextEquiv>
                    <Unicode>Jetzt will er wenigstens, daß kann d Muff</Unicode>
                </TextEquiv>
            </TextLine>
            <TextLine id="tr_2_tl_3" custom="readingOrder {index:2;}">
                <Coords points="551,2548 579,2548 615,2518 667,2518 712,2566 748,2545 806,2554 836,2533 876,2539 897,2563 927,2557 945,2400 906,2391 854,2421 821,2400 739,2418 718,2409 682,2436 564,2427"/>
                <Baseline points="572,2527 584,2518 629,2512 674,2512 719,2506 763,2500 808,2497 853,2491 898,2488 942,2482"/>
                <TextEquiv>
                    <Unicode>erschal.</Unicode>
                </TextEquiv>
            </TextLine>
            <TextLine id="tr_2_tl_4" custom="readingOrder {index:3;}">
                <Coords points="582,2718 1612,2606 2245,2636 2769,2530 2782,2357 2321,2333 1979,2460 1509,2448 591,2600"/>
                <Baseline points="605,2664 632,2658 677,2658 722,2655 766,2652 811,2649 856,2646 901,2646 945,2643 990,2640 1035,2637 1080,2637 1124,2634 1169,2628 1214,2619 1259,2619 1303,2622 1348,2619 1393,2616 1438,2610 1483,2604 1527,2604 1572,2604 1617,2601 1662,2601 1706,2596 1751,2590 1796,2584 1841,2587 1885,2581 1930,2578 1975,2575 2020,2569 2064,2554 2109,2548 2154,2542 2199,2536 2243,2533 2288,2530 2333,2530 2378,2524 2422,2521 2467,2515 2512,2512 2557,2506 2601,2503 2646,2500 2691,2497 2736,2491 2781,2488"/>
                <TextEquiv>
                    <Unicode>(bist w seh er ist liebt, dt</Unicode>
                </TextEquiv>
            </TextLine>
            <TextLine id="tr_2_tl_5" custom="readingOrder {index:4;}">
                <Coords points="1742,2866 1879,2806 1927,2845 2015,2827 2063,2885 2218,2860 2321,2775 2427,2788 2491,2736 2539,2769 2703,2763 2715,2615 2612,2606 2439,2679 2357,2630 1979,2660 1754,2736"/>
                <Baseline points="1766,2804 1772,2801 1817,2801 1861,2801 1906,2798 1951,2792 1996,2787 2041,2781 2085,2775 2130,2763 2175,2760 2220,2754 2264,2751 2309,2742 2354,2739 2399,2739 2443,2733 2488,2733 2533,2736 2578,2736 2622,2736 2667,2733 2712,2730"/>
                <TextEquiv>
                    <Unicode>gedete gehen will.</Unicode>
                </TextEquiv>
            </TextLine>
            <TextLine id="tr_2_tl_6" custom="readingOrder {index:5;}">
                <Coords points="567,2897 639,2933 936,2891 982,2939 1088,2933 1236,2848 1633,2875 1648,2685 1167,2751 1006,2730 842,2788 579,2760"/>
                <Baseline points="584,2894 614,2894 659,2891 704,2885 748,2885 793,2879 838,2870 883,2870 928,2867 972,2864 1017,2858 1062,2855 1107,2852 1151,2849 1196,2846 1241,2843 1286,2840 1330,2837 1375,2834 1420,2831 1465,2819 1509,2816 1554,2810 1599,2813 1644,2822"/>
                <TextEquiv>
                    <Unicode>beschd. daß er auf d</Unicode>
                </TextEquiv>
            </TextLine>
            <TextLine id="tr_2_tl_7" custom="readingOrder {index:6;}">
                <Coords points="570,3118 1342,3121 1615,3012 2130,2969 2136,2915 1809,2842 1745,2894 1551,2866 1376,2915 1300,2872 957,2969 827,2924 582,2978"/>
                <Baseline points="593,3079 617,3079 662,3079 707,3073 751,3070 796,3067 841,3061 886,3058 930,3055 975,3052 1020,3052 1065,3049 1110,3049 1154,3043 1199,3040 1244,3037 1289,3034 1333,3031 1378,3028 1423,3022 1468,3016 1512,3010 1557,3007 1602,3001 1647,2992 1691,2989 1736,2986 1781,2983 1826,2977 1870,2974 1915,2972 1960,2966 2005,2966 2049,2960 2094,2954 2139,2951"/>
                <TextEquiv>
                    <Unicode>Mitt ihn sie zu bleiben.....</Unicode>
                </TextEquiv>
            </TextLine>
        </TextRegion>
        <TextRegion id="tr_3" custom="readingOrder {index:2;}">
            <Coords points="2837,388 3004,388 3004,469 2837,469"/>
            <TextLine id="tr_3_tl_1" custom="readingOrder {index:0;}">
                <Coords points="2824,470 2857,458 2869,467 2888,454 2897,464 2912,458 2945,482 2957,476 2972,491 3000,473 2972,270 2960,270 2948,285 2921,270 2891,273 2863,291 2842,282 2827,300 2803,303"/>
                <Baseline points="2837,438 2882,444 2927,447 2972,456 3004,459"/>
                <TextEquiv>
                    <Unicode>a</Unicode>
                </TextEquiv>
            </TextLine>
        </TextRegion>
    </Page>
</PcGts>
