3384 4184
937 221 1369 384 verdacht
173 252 2959 605 Sal in sohenne; - Sale will auf die Exziffer, A
204 501 1846 764 Hass will amt meit -
252 608 2606 978 Pstl. Abtwirt Haus, daß sie ihr zu beleiten?
252 843 2696 1241 - St. betlichaufgeopfert, sein ganzes Leben
242 1141 691 1421 lang.-
356 1113 2979 1566 Johannens Velbsemord. (Licht erschienweit.) -
359 1445 1853 1780 has to fere nal juree
422 1580 2544 1953 Julia ausgest: sage war ihn?
301 1797 2641 2226 mag enttfeider? - Wenn aus entsetzt
