3352 4136
179 298 2221 631 Meiner im Zürich vlugfelnden begann: —
2645 436 2808 602 a
254 668 2676 1010 Oder Juliänchen Kläpf waren Jugnissenen
213 891 2726 1214 Inle jemal, vortragt:  hat K. stetsvorachtet -
238 1136 1478 1374 H. triflegt als Augt.
235 1258 2654 1572 Julie war die ganz seit ebensee, hat der
264 1446 2315 1744 coll im rohert tahe eine Kürpkrsgeführt
317 1638 2648 1945 Zahl kommt u Verlassenheit, d. Einlanken
292 1908 944 2124 der Alle
317 2005 2849 2344 Er muss er den Zwischenzeit Herr kein gebracht habe
348 2290 1795 2526 Unde welche Umstande: -
392 2400 2701 2742 Es ist ihm an klar: daß in ihn schon tret
562 2705 1377 2946 wenn nicht
461 2934 2673 3298 Yorf Heus will aif d Rgullion and pn
449 2927 740 3144 pere.
505 3219 1839 3461 igen Land gut zu machen.
640 3335 2319 3677 wiederlich ieder u. Luney? Olljen
671 3552 2397 3800 ein verfallen zu seinen Schwestern
