3320 4184
203 243 3117 547 Dion Freiud Sale, hbl ofen Kntimontalstet, Kist'A2
159 456 2643 695 weiter, ist den Darve, die Schwester je ne
206 699 681 974 suchen...
210 822 2132 1166 Amt jene tritt auf; die lange
2165 840 2701 1133 Hsfubel
228 1068 2404 1350 zulian, da sie hinausgezogt, weil sie ih
224 1231 2715 1593 betroyen, aber die weil ihm ein Kind hätte
297 1502 1148 1767 fals kommen. -
253 1643 2632 1958 Tohte Entschluss Zulians, Haus sich seines
257 1948 833 2139 zu werden.
250 2038 1817 2288 Monsieur sehr auch diese Blugkelder
286 2194 2577 2483 Ziezi mehr ein tiefer Anlaß gesunden wurde.
340 2454 1220 2624 das sal alle... ich nicht
384 2505 2465 2831 Er mich auch sein Vermögen verloren haben (2),
380 2704 2031 3059 Er kommt in dem Hauspflugfelder. -
366 2842 2762 3218 der mir Hans nicht nur wegen einen Freund.
322 3182 2867 3453 mit sowen Naber entzweifen sein, er müsse zulie
366 3352 2465 3667 der willi linnert gekennen scheinen
409 3660 1922 3852 ihr für seit zu zusammen.
1850 3805 2150 3986 m
1502 3729 1872 4015 D'
492 3761 1510 4007 Mar Knuil l
