3448 4232
321 324 2812 646 dien zurück. - Er weite, das Haus sein Sohn ist
578 531 2682 865 Fluilelds  - C. will daf Mittehr &c and
244 674 464 899 ce le
284 874 2670 1227 stört dabe wird er aufgericht, das ihn best: Sie bey
222 847 510 1143 gebri
260 1106 2670 1421 tmera onballif Herkar Jefy. Juin mie kks
256 1350 2722 1638 vortillig. -..  tout vein te tolle nicht samt montal sein
318 1628 2559 1916 selbe Nacht: beanthe zu haben, zu gewinnen
312 1814 2648 2188 zumahme hat dienen, als Mutter mit sehr sich wolle
300 2036 2633 2395 aber er ich geflose wollte sich nicht beanten, und
1224 2157 2583 2484 tours in him in the
346 2432 1165 2636 Inqe vont
436 2419 2920 2864 dann auch nicht recht, ist erschrieben berufend zuvorste
2382 2688 2911 2892 21 & no h
479 2766 2358 3059 laarie tot de toughant byangen,
556 2932 2679 3269 H wie er werde gewesen: bst i ge Sel
531 3161 2852 3547 Maj. Colch tridt mein Hlasseld? - Tolef
1270 3458 2605 3835 auf den kund unge¬
494 3550 1298 3767 I was it & wb
2491 3739 2778 3896 eere
1681 3730 2327 3949 I, weil
442 3739 1446 4029 Riop Knil in
