2888 3512
2002 288 2149 429 203
556 500 1487 682 lang ist es auf dem Weg-
1538 662 1856 773 le gerast
556 674 1417 798 Zeit nur eine halbe St
1651 788 1783 876 55
561 783 1639 917 bin ich im fürstlichen Schl.
1740 881 2429 1030 rsten, Er hat seine
568 932 1717 1028 stand ich am Totenbett des Fü
1225 1007 1427 1093 inAug
571 1002 2429 1204 Seele ausgehaucht, als ich das Zimmer betrat,das
578 1162 2358 1341 Land ist ohne Herrn, in den Strassen de Stadt
578 1293 2411 1449 fechten die Edelleute und die Bürger gehen mit
588 1401 2192 1586 Ptöcken auf einander los."Schlun ject herft e
932 1548 2477 1689 In diesem rügenblick erst schien er An-
593 1649 2621 1833 selmo und Lukretia zu gewahren, doch veränderte sich
596 1790 2454 1964 seine Miene nicht im geringsten. Er öffnete die
591 1922 2502 2070 Arme und Lukretia sank ihm an die Brust. Geronte
598 2053 2626 2212 aber wandte sich zugleich an Anselmo. "Ich sah Euch
606 2204 2495 2358 gester Abend,als ich fort ritt. Ich danke Euch,
601 2310 2502 2482 dass Ihr mein Haus und meine Tochter in Eurè Hut
606 2447 2442 2593 genommen habt,da dieser“ - er wies (verächtlich
609 2565 2593 2740 auf den Zwerg - "so wenig seiner Aufgabe gewachsen.
1268 2684 1672 2765 hen sen len
614 2674 2563 2866 war. Fort mit dir" (fügte er hinzufoder drückte es
609 2856 2482 2992 nur seine Miene aus. Und der Zwerg,das Pferd am
626 2977 1616 3146 Zügel, trollte sich davens
