2808 3400
546 429 2290 595 fliehen,doch er bleibt.Silvio kommt mit
513 607 2287 725 seinen Gelreuen.Der König ist tot.Da der
526 707 2379 883 Prinz nicht zurückgekehrt ist, übernimmt er-
511 858 2369 1011 die Regierung.Er muss es uyso-mehr tun,als
521 1001 1845 1146 der Krieg an der Grenze droht.
521 1110 2440 1279 Geguerschaft gegen Silvio in seinen eigenen
528 1279 853 1399 Reihen.
564 1360 2404 1532 Ferondo zeigt sich: Der Prinz ist auf dem
518 1534 1039 1659 Weg hieher.
562 1639 2351 1815 Anselmo:Der Prinz kehrt nicht wieder, ich
526 1764 1294 1919 habe ihn getötet.
567 1884 2310 2022 Silvio will ihn gefangen setzen lassen.
518 2016 2422 2172 Seine cegner machen Anselyo als den Würdig-
523 2152 2223 2300 stén,den, der stärker war als der Prinz
536 2295 1345 2448 selbst, zum Führer.
556 2399 2407 2560 (Vielleicht ist es der sterbende Prinz,der
541 2512 2402 2726 ihn dazu vorschlägt). Eie sge eber unst
2124 2593 2611 2721 kenntehrens
556 2667 2604 2823 In der Merge sieht mn auch Geronte, wn wel k.n
526 2818 2430 2956 Anselmo gewahrt ihn, lässt vor allem ihn ge-
541 2935 2366 3104 fangen setzenlblenden?): Der Blick dieses
