2872 3544
607 505 2466 665 unter dem weisse Haarsträhne hervorquollen. Die
1199 648 2507 777 r waren tiefschwarz und die Augen
610 645 1092 803 Augenbrauen
1786 724 2311 818 mit eunta kon
1102 767 2504 912 ährigen glühteh dunkel wie die eines
676 798 841 904 es Hr
701 899 2357 1036 nglings. Seine Stimme auch klang nicht wie
612 1049 2626 1163 die eines Greises,als er sich nach rückwärts wandte
610 1148 2438 1308 und einem zwerghaften Menschen zudonnerte, dem
897 1260 1209 1341 omne Kerl
605 1300 2426 1422 das Kautschukgesicht zugehörte,das früher über
610 1417 2482 1560 rdem Tor erschienen war: Mit deinem Leben haf-
612 1575 1638 1712 test du mir für Lukretia.
932 1671 2395 1821 "Keine Sorge,Herr Geronte“, meinte der
607 1803 2512 1930 Ritter, der neben ihm stand,"die Drohung galt nur
615 1930 2456 2073 für den Fall, dass Ihr mir nicht gefolgt wäret.
612 2045 2535 2215 Nun ist Euere Lukretia so sicher,als umschlössen.
592 2210 1745 2316 sie hundert Eisengitter.“.
1021 2306 2555 2461 Vorwärts denn", rief Geronte. Der Reit-
622 2454 2520 2578 knecht mit den beiden Rossen war da und der Hun-
622 2598 2464 2725 dertjährige schwang sich, wie ein Jüngling, ohne
622 2713 2416 2870 dass der Knecht den Bügel halten musste,aufs
622 2850 2510 2990 Pferd. Der Knecht auf das andere, der Ritter auf
625 2962 2664 3122 das seine, das Anselmo bisher noch am Zügel gehalten.
