2856 3528
589 393 2366 603 sich denken konnte, was es mit dem Schäden des
582 598 2286 738 Wirtes auf sich haben mochte. Er entledigte
598 697 2368 848 sich des Tanzens, nahm sein Barett ab und warf
1779 803 1913 869 and
598 862 2458 994 es gleichfalls hin,reichte dem Aelteren und dem
664 947 2458 1082 ingeren die Hand und setzte sich rittlings,die
917 1091 1089 1169 van
601 1089 2314 1254 Hände auf der Lehne, auf einen würmstichigen
608 1232 2420 1388 Stuhl. "Ich heisse Anselmo“, sagte er dann. Mein
620 1352 2276 1501 Famili ennamé tut nichts zur Sache. Gestern
622 1447 2394 1633 starh um diese Stunde Vater und Mutter an der
631 1595 2401 1748 Pest. Weitere Verwardte habe ich nicht. Heute
1385 1725 1595 1795 he u
624 1737 2474 1887 Früh habe ich mein Haus verlassen auf Nimmer-
629 1857 2446 2038 wiederkehr. Was ich besitze trage ich mit mir,
620 1991 2377 2154 es ist nicht viel und den Degen zu brauchen
2314 2062 2538 2161 s den
624 2116 2514 2295 lehrte mich der Fechtmeister Rapoldi und ehe die
721 2255 886 2330 Iubs
634 2288 1897 2410 Sonne sinkt wandere ich weiter.“
811 2361 1647 2469 Iu veldetvrteel lattem
978 2368 2491 2521 "was Ihr nicht alles im Voraus wisst“,
1112 2502 1303 2585 male
662 2500 867 2590 merel
655 2557 1343 2672 sagte der Zingeré,
983 2632 2488 2830 Der Aeltere (nahm die Mütze wieder ab,
643 2776 2427 2931 als wollte er zeigen,dass er sich des einge-
1574 2856 2267 2948 home kewe Culef
679 2903 2507 3054 brannten Mahls keineswegs schäme,ja vielleicht
2043 2988 2276 3068 t act.
1593 2997 1963 3084 vunelat
655 3032 2420 3212 stolz darauf war. Seine Züge waren verstockt,
