2872 3528
169 3031 368 3208 Carst.
571 434 2452 613 nd in der es keinen andern tärm mehr gah als das
630 567 770 679 kl.
503 571 2455 770 Klingefn der Degen, wenn Anselmo mit seinem Fecht-
1118 694 1410 782 bes Be
532 736 2455 898 meister übiefdem altberühmten Raboldi aus Neapel,
513 846 2379 971 von dem ein gewisser unwiderstehlicher Primhieb
1937 944 2323 1040 Ab aufd
596 1001 755 1106 nr7
709 1006 2450 1138 sehntelang den Namen beibehieltjder aber auch
983 1082 1403 1160 tusl fr
552 1121 2502 1288 n den letzten Jahren für Aanselmo keinen Schrecken
2102 1209 2283 1292 ter
535 1214 2428 1418 mehr hatte. Denn er Selber (war) in der rechtkunst
520 1376 2310 1533 sehr geschickt, ja, im letzten Jahr beinahe ein
500 1503 2423 1668 Meister geworden und es wunderte die paar jungen
508 1589 2467 1788 Herren von Bergamo, mit denen er, fast zum einzigen
1194 1739 1376 1810 terent
522 1771 2384 1913 geselligen Vergnügen, unter Raboldis Leitung ein
1658 1864 1896 1937 derma
515 1888 2462 2053 oder zweimal im Monat kleine Gänge ausfocht,dass
785 2016 2450 2178 alldem keine eigentlich kriegerischen Nei-
515 2170 861 2293 gungen ze
1064 2183 2452 2300 sondern seine Fertigkeit (wahrhaftig
493 2308 800 2399 nur um
956 2288 2421 2396 Kunst willen äuszuüben schien. Manche
741 2440 2374 2553 r, Zaboldi auch, dass er schon um dieser in
1565 2509 1901 2607 gerturte
520 2556 2492 2700 jenen Zeiten besonders hochgeschätzten Gabe ssicher
493 2666 2426 2840 seinen Weg machen müsste,wenn er sich auf Reisen
500 2820 2423 2975 begübe und was ihm mit seinem Namen nichtbschwer-
1729 2904 1960 2987 Trobn
1508 2923 1675 2987 einer
495 2950 2423 3075 fallen sollte,Zutritt an den Hof eines Fürsten -
643 3026 1761 3110 dere e uclemn, mise dee vil
522 3041 2342 3232 fnde. Aber um Anselmo auszustatten, wie es für
