2856 3544
612 517 1917 656 Andere sprach richis und immer vo
1977 490 2248 656 (mit de
612 604 2340 778 reckten Hend Ien röts- Mantel über Ie Brust
487 731 2330 900 ful halbend, betrachtete sie inselmo mit-grossen,
602 870 2596 1019 eugierigen, unschuffsvollen. Augen, wusen k. Ne
699 965 972 1067 enten
1885 975 2101 1084 nih  H
860 997 2509 1144 Der Mann mit dem Brandmal(trat wieder aus
1288 1099 1599 1181 Rall sact
1716 1106 2116 1201 in Mirtterl
592 1174 2548 1308 dem Haus, brachte urst,Brot,hicht in(grossen Men-
612 1266 2506 1452 gen/"Das ist alles“, sagte er und breitete ex auf
604 1425 2499 1527 den Pisch. "Und das noch“. Er zog(aus dem Gürtel
604 1522 806 1646 einen
830 1524 2461 1671 schmalen Lederbeutel, der Kavalier öffnete
1626 1628 1778 1720 enthl
604 1628 738 1765 ihn
736 1676 2335 1815 ein paar Silbermünzen fielen heraus. Der
798 1805 2422 1934 ier verzog den Mund: "So hat der Schuft
567 1887 893 2049 von wir
942 1904 1753 2071 nicht einmal gelogen.
930 2061 2496 2203 Es wird noch was vergraben sein“, meinte
1064 2180 2454 2340 "Warum kitzelt Ihr es axk ihm nicht
935 2451 2372 2558 Ehr habt Etliches verschlafen“, sagte
584 2578 2175 2698 der Kavalier, den kitzelt nichts mehr.“
912 2678 2581 2842 Die Blönde setzte sich ganz langsam, an A-
579 2829 2026 2976 als wäre sie plätzlich müde geworden.
910 2954 2427 3098 Der Gezeichnete sprich:Machen& wir's
