2920 3560
2145 303 2286 448 12
618 461 2259 640 auf welche Seite Ihr Euch schlagen wollt.-
948 618 2446 747 Anselmo vermochte weder dem Alten noch
1076 730 2433 890 eine Antwort zu geben. (Auf weicher
620 780 1025 904 sich selbs
611 839 2448 1028 Seite das Recht war wusste er nicht (und, es war
608 996 2562 1156 ihm gleichgültig,da er kein Urteil darüber hatte)
608 1144 2526 1268 Und es schien ihm unsinnig,dass er sich auf eine
1377 1229 1876 1314 er mufl maft mo
1394 1292 1539 1350 471
618 1256 2395 1391 der beiden Seiten stellen musste,um überhaupt
1355 1362 1566 1440 wn
633 1394 2383 1522 an dem Kampf (an dem glössen Spiel der Kräfte,
1847 1529 2496 1651 er schon dasser
1069 1534 1544 1685 n. Dies aber
717 1561 1020 1711 il zunehn
1331 1660 2487 1772 Keinebust hatts, nachden er
1495 1779 2421 1934 idert warund Vaterstadt
1677 1917 2419 2053 ck lag und dem sich
1789 2043 2516 2160 ast seitdem er aus
1760 2179 2433 2305 als Fremdling ge-
1520 2312 2547 2450 erst besinnen, um sich ganz
1345 2424 2545 2555 dass er noch immer in dem Lan-
1437 2576 2540 2693 rte, wenn es auch aus hundert
1406 2693 2400 2807 aber ob er zu dem kranken
1195 2707 1340 2824 and
1219 2821 2397 2967 u Silvio halten sollte, darüber
1064 2955 2278 3122 sich keine Rschenschaft geben.
