2872 3560
222 177 365 413 3
1492 454 2488 592 niedersank. In dieser Se-
635 530 788 630 Der
1485 585 2481 721 s zuckte ein Schreck durch
1521 735 2416 860 dem Sinne, dass er sich
1461 871 2411 993 Tolgen gefürchtet,es war
1043 910 1182 1005 wel
1070 1039 1249 1136 der
1401 965 2502 1141 einem Atemzug noch so leben-
1547 1134 2504 1232 ch-verwandt gewesen war,
1366 1263 2466 1390 d inerhalb der nächsten Se-
1516 1387 2483 1518 aus der Welt geschwunden.
645 1449 850 1549 kunde
1136 1499 2478 1657 Seinen tötlichen Degen noch in der
642 1571 1003 1693 sein würd
649 1650 2514 1788 Hand,kniete er neben dem Kavalier; ein hellro-
661 1781 2450 1922 ter Strahl Bluts sprang aus des Kavalier-Hals
661 1905 2419 2065 in die Höhe. Unwillkürlich versuchte Anselmo
649 2017 2385 2199 mit seiner Hand den quell zu schliessen und
664 2170 2540 2347 rief nich Anita,als könnte diese Hilfe bringen.
664 2304 2471 2452 Der Kavälier öfinete die Augen und hatte noch
668 2428 2588 2612 die Kraft zu sprechen:“Geht zum nöchsten Gericht
688 2555 2469 2724 und sagt, dass Ihr den Grafen Raspghi getötet.
683 2703 2583 2870 Eine gute Belohnung ist Euch sicher.“ Dann fass-
700 2820 2533 2977 te er mit der Linken nach Anselmos Arm und zog-
1084 2958 2447 3128 als wäre es völlig sinnlos das Ende
862 3011 1008 3106 fort
