2920 3544
588 523 2345 715 or, dass es dröhnte. Anselmo hielt die Zügel
602 712 1035 829 und lachte:
915 755 2366 961 Ihr seid von sonderbaren Sitten, Herr“
686 901 834 1076 10
1107 1001 1542 1114 Sindert.
918 1006 2512 1195 rus geht hier nicht um Sitte, das ist ein
920 1173 2285 1331 as des Köni.s Mar stall. Macht Iuch
987 1310 2409 1463 würdig den Zügel zu halten. " wieder
1121 1439 2567 1616 das Tor. "Aufgetan - in d es Fürsten
1023 1692 2541 1843 Indess war der Zeitknecht mit beiden,.
925 1824 2536 1988 he rangekommen und zugleich, über dem Runde
681 1967 2512 2108 es Tores erschien das zerfurchte Antlitz eines
715 2096 2361 2263 innes und zwei Hönde, die sich am Zande des
643 2230 2478 2395 -ores oben festhielten. Ohne ein Wort zu reden.
631 2345 2555 2538 blickte er hinab auf den wilden Menschen,der mit
633 2502 1890 2662 den Täusten in das Tor dröhnte.
