2824 3496
2023 238 2181 386 125
760 369 2428 607 Nein, ich schenke Euch vielmehr das leben.
840 525 2334 713 n Anselmo wurde die Lust immer stärker
525 692 1609 852 Zakei Schicksal zu spielen.
529 793 2352 983 Er hatte das Schicksal des Landes, des Prinzen,
548 896 2442 1099 vielleicht der Welt in der Hand. Aber da er sich
558 1047 2352 1263 gefeit wusste,war er nicht beinahe ein Mörder,
543 1183 2414 1379 wenn er sich darauf einliess mit dem Prinzen zu
562 1383 899 1494 kämpfen?
562 1449 2411 1637 Der Prinz ist es, der auf dem Zweikampf bestelt,
579 1546 2390 1750 ihm ist dieser Kampf ein Spiel oder eine Frage
583 1750 1157 1887 an die Götter.
590 1797 2470 2030 Seine Absicht ist es den Jüngling zu entwaffnen.
588 2035 2411 2280 Die Begegnung mit dem Frinzen muss ganz anders
605 2282 1021 2400 einsetzen.
1085 2338 1226 2428 ihn
614 2324 2324 2512 Anselmo darf nicht als Trinzen erkenien. Er-
616 2496 2047 2668 ist ein kühner,schöner,lichter Mann.
612 2569 2411 2759 Der Prinz darf also nichts von sich erzällen.
612 2705 2494 2915 Das Gespräch beginnt allgemein. Es entsteht ge-
633 2844 2508 3037 wissermassen ein Weltanschauungsstreit zwischen.
638 2997 2374 3185 dem Verdammten und zwischen dem Begnadeten,
