2760 3496
2223 288 2387 422 223
936 400 2390 531 Sonnenaufgang zieht Ihr in die Stadt
633 436 909 545 und vor
650 577 814 681 eir.
887 642 2499 812 "Ich danke ir, Ferondo“, erwiderte der An-
633 763 2584 948 dere,"du last deinen Auftrag auf das Frefflich-te.
630 880 2460 1083 vollführt und dein Bericht ist so hitt al-
628 1042 2412 1212 klar. Nur die Folgerung belagt mir niclt. Ich
630 1166 2479 1350 habe keine lust hier zu warten bis ich einge-
645 1302 2511 1476 tolt werde; ohne weiteren auferlut will ich so-
640 1432 2460 1605 Fort den deg zur Stadt nehmen und zum Scllos-.
640 1551 2402 1711 Denn ichi bin König lund ich fül le die Kraft
933 1706 1059 1760 Mel
645 1672 2421 1852 an mir wir die Krone aufs laupt zu setzen,die
637 1801 2504 1971 mir gebührt. Was wir mit Alvio zu verfügen la-
645 1910 2494 2101 ben, wird sieh dann erweisen. Es stell bei die,
652 2058 2370 2230 Ferondo, ob du unter diesen Umständen mit mir
676 2215 1631 2368 komnen willst oder niclt.
982 2320 2557 2484 Dies ist so königlicl gedacht“, erwider-
662 2470 2530 2606 te terondo,“dase ich trotz aller Bedenken nicht
659 2589 2395 2753 zu widersprechen wage. Berteigt das Ros-, das
659 2715 2555 2879 mir Vivaldi zur Verfügung gestellt lat, ieh will,
664 2850 2528 3032 da wir kein, anderes besitzen, neben Euch einher-
664 3025 919 3127 gehen.
