2888 3512
1219 460 2400 635 Lukretia, er glaubt, ja, er weiss
587 605 841 731 vielme
1482 628 2490 777 seines Todes es sein wird,
1724 754 2436 870 es ist einer - öft
1024 759 1333 859 sen Kerl
1384 875 2583 1026 ein Tod dir die Freiheit gibt.“
1021 1001 2655 1119 Ist es nicht dasselber Anselmo, da ich doch
587 1116 2572 1284 um keinen Preis der Welt so lange er lebt freiwil-
584 1268 1641 1381 lig dieses Haus verliesse?!
1168 1356 1412 1438 Auh nich
1039 1389 2660 1546 "Und wenn ich dich mit mir nehmen wollte-“
1078 1495 2534 1654 "Wenn du es auch wolltest, Anselmo, ich
617 1662 1376 1772 zinge nicht mit dir.
1693 1670 2585 1811 So. het de suhum wall
1093 1785 2603 1883 Du würdest mich also wieder davongehen.
916 1857 1495 1953 dem Girpferleiheit
1574 1865 2143 1973 gute weenndem
579 1919 2416 2071 lassen mit der) Gewissheit, dass du mich niemals
579 2048 1394 2171 wieder sehen wirst?“
1098 2161 2531 2323 Ich ldebte dich im Augenblick, da ich
584 2292 2601 2400 dich zum ersten Mal sah und wusste,dass ich dir ge-
1423 2387 1569 2439 nn
579 2405 2598 2603 hören musste. Aber ich dachte und denke nicht daran
579 2562 1209 2696 dich zu halten.“
1654 2609 2320 2719 nichte ondee nelonst
1098 2696 2549 2845 Und wenn ich mich entschliessen könn-
584 2791 2163 2964 te hier zu bleiben,wo du bist,mit dir -"
1068 2948 2518 3118 Sie lachelte zum ersten Mal. Du bist
574 3072 2642 3205 nicht geschaften zu bleiben,wo es auch sei und wärst
579 3187 2017 3378 du es, so hätte ich dich nie geliebt.“
