2888 3560
961 462 2308 605 es läs-t sich immer ersetzen, Zuer
558 488 872 595 schönst
553 618 1877 737 Leben aber - Ihr habt nur eins. "
1711 696 1945 763 weel in
958 732 2425 857 Mir ist eben beides, gleich viel oder
558 836 2204 1005 gleich wenig wert und darauf kommt es an.
1023 992 2518 1145 Mir aber", sagte Anselmo“, ist es nicht
561 1135 2433 1272 gleich viel wert,mir ist üuer Leben gar nichts
1015 1220 1176 1293 ware
558 1241 2363 1373 wert. Was ist denn mein Gewinn, wenn Ihr nicht
556 1405 1360 1519 mehr am Leben seid?“
994 1498 2464 1669 rkein geringer, Anselmo, die Sicherheit
626 1662 922 1773 s Euern
1028 1755 2534 1895 Ich versteh Euch nicht“, sagte Anselme,
955 1867 1262 1958 ne Scollen
553 1882 2513 2082 der nun erst merkté, dass all dies nicht gescherzt
553 2061 727 2202 war.
994 2157 2586 2295 "Das sollte so schwer nicht sein“, erwie-
548 2280 2630 2430 derte Raspighi. "Wenn ich nämlich das Spiel gewinnen
646 2412 2648 2586 nd Anita wiederhaben sollte, dann stehen wir gleicht
636 2550 2479 2700 gleich,Mann gegen Mann einander gegenüber, (und
1062 2653 1475 2729 tet St. em 1
846 2653 2324 2840 Degen werden sich miteinander messen.
979 2809 2555 2983 Anselmo runzelte die Stir. "Ihr selbst
953 2952 2472 3131 istern das Spiel um Anita vor, Ihr habt
