2888 3528
261 281 581 556 10,5.1918.
1794 572 2295 678 in den vielen
685 577 1375 694 Ich allein bin no
1518 683 2475 809 je die Stunde ihres Todes
701 720 1368 835 Freunden, denen Ge-
1741 828 2445 927 sagt hat.Wir waren
703 844 1278 964 for fünzig Jahr
1326 925 1504 1061 iche
1619 962 2431 1079 afelrunde und so sehr
696 955 1335 1089 damals eine fröh-
694 1082 2366 1190 unsere Wege bei Tage auseinanderliefen,die
692 1204 2315 1338 Nacht fand uns immer wieder bei Trunk und
687 1335 2438 1453 Kurzweil aller Art zusammen: Auch die Weiber
2216 1393 2664 1504 iin cone leisten
694 1441 2435 1580 fehlten in unserer Gesellschaft nicht,tanche
694 1614 2426 1709 gehörten nur einem für eine Zeit wenigstens,
696 1720 2435 1873 andere jedem, der sie wollte,manchmal wurden.
694 1854 2551 1963 sie auch getauscht nach Absicht und Zufall oder
687 1976 2482 2108 Leidenschaft (und so gab es bei allem Uebermut
694 2085 2518 2253 und Leichtsinn (auch manchen Streiet und manche
1840 2205 2004 2274 auch
706 2253 2518 2398 Wunde. Doch wie übles es sich zuweilen anliess-
706 2382 2435 2488 auch nach Drohung,Schimpf und Blut endete es
696 2509 2509 2645 mit Becherklang und Versöhnung. Nach einer be-
703 2634 2408 2763 stimmten Nacht, sie liegt eben heute fünfzig
696 2772 2295 2874 Jahre zurück,kam als der Morgen schon zu
692 2901 2378 3051 grauen anfing,die Rede auf den wunderbaren
