2872 3528
701 497 2314 616 Geronte,der schon damals, man wusste kaum
710 614 2463 765 seit wie langer Zeit, in diesem gleichen Haus-
708 749 2331 870 wohnte,das hinter diesen Mauern sich ver-
1175 905 2351 1015 einen jungen Jahren, denn schon-
717 885 1078 1012 birgt. II
1619 1017 2456 1139 nun 체ber hundert Jah-
1420 1034 1589 1150 muss
1420 1150 2450 1234 irzt und Alchimist gewesen;
1427 1284 1632 1372 ir er
1602 1275 2465 1383 seiner Kunst und Wis-
719 1277 1091 1387 eines Tag-
1733 1402 2349 1516 orden oder hatte
712 1420 1172 1532 senschaft 체.
721 1525 2465 1654 sie gar vergessen und nichts war ihm geblie-
712 1683 2380 1762 ben als dies: den Kranken oder auch Gesun-
703 1784 2378 1922 den, den Alternden, aber auch den Jungen aus
717 1915 2384 2040 irgend welchen keinem andern Menschen ver-
710 2055 2275 2163 st채ndlichen oder nur merkbaren Zeichen,
708 2176 2395 2285 vielleicht aus dem Blick, aus dem Glanz des
710 2288 2463 2406 Haars, dem Ton der Stimme,dem Hauch des Atems
710 2434 2454 2548 die genaue Stunde ihres Todes vorauszusagen,
710 2568 2417 2689 ob der nun im Hintergrund der Zeiten warte-
710 2673 2434 2818 te oder nahe bevorstand, ob ihr Loos sich in
706 2814 2415 2941 nat체rlicher Weise durch Krankheit oder Grei
703 2928 2459 3083 sentum, ob es durch einen Unfall, einen Zwei-
708 3061 2465 3234 kampf, durch Selbstmord, durch heimliches oder
