2872 3576
2323 367 2456 456 53
618 505 1540 628 nicht Rechenschaft zu f.
1744 616 2562 754 1, heut ist heut. Ver-
990 650 1311 764 Gestern
1688 759 2604 880 weigert Ihr mir die Re-
621 781 1109 882 lier ich heu-
1340 884 2631 995 Euch nicht zwingen kann und will,
618 919 1091 1057 vänche, zu de
1148 1018 2483 1148 der nächsten Minute nicht mehr.
618 1025 1111 1165 so bin ich i
621 1141 2262 1301 Ihr müs-t Euch in jedem Fall entscheiden.“
1052 1281 2609 1424 Sei's drum, wir wollen spielen. Aber nur
606 1414 2225 1545 me in Leben gegen das euere,anders nicht.“
1040 1557 2530 1693 Die hochgestielten Blumen umgaben sie
621 1673 2498 1799 rings in einem weitgespannten Kreis. Die Beiden
618 1808 2602 1939 standen auf einem grünlich schillernden Kiesboden,
613 1941 2417 2107 wie auf einem Snieltisch oder einem zweckvoll
616 2072 1340 2217 abgegrenzten Plan.
1082 2180 2572 2326 Der Kavalier schüttelte den Kopf:“ Ich
631 2358 1555 2476 nehme nichts geschenkt.“
1096 2419 2575 2594 "Nichts geschenkt“, sagte Anselmo,“wir
618 2587 2560 2722 wollen sofort quitt seiw. Wie wär's zum Beispiel,
613 2727 880 2846 wenn:
838 2737 2087 2870 ich Euch einen Schurken hiesse?“
1148 2853 2543 3008 Ein sonderbares Lächeln spielte um
616 2956 944 3131 aie Eipt
1027 2976 2459 3161 des Kavaliers. Die Starrheit seiner
