2824 3448
2028 235 2175 346 727
473 353 2438 567 Anselmo weigert sich jetzt,ergibt sich gleichfalls
473 564 1175 687 in seinschicksal.
471 633 2433 829 Der Prink: Nein, du sollst nicht glauben, dass ich
486 792 1717 959 mich einer Genugtuung entziehe.
500 878 2357 1082 Wieder beginnt es wie ein Spiel. Anselmoschont
493 1028 2367 1202 den Prinzen absichtlich. Diser aber in der stei-
517 1162 2364 1332 genden litze des Gefechtes fällt gewissermassen
515 1344 1268 1469 in Anselmos Degen.
513 1435 2384 1597 Jetzt erscheinen die Anlänger des Prinzen,Insell
520 1533 2097 1709 kann nicht fliehen,man würde sonst Feron
522 1704 1565 1866 hörder des Trinzen halten.
535 1800 2430 1982 Besser vielleicht, dass der Prinz nur schwer ver-
542 1925 2450 2097 wundet ist. Er Ant das Einzigartige in Anselmo.
540 2053 2448 2242 Die Freunde des Prinzen sehen was geschehen ist,
554 2202 2340 2354 wollén vor allem über Anselmo herstürzen. Der
552 2315 2426 2487 sterbende Prinz verwehrt es ihnen. Er wird vor-
567 2467 1790 2614 läufig an einen Baum gefesselt.
562 2629 1253 2769 Der Prinz stirbt.
567 2737 1329 2872 Was sollen wir tün?
567 2811 2408 3026 Eine Partei ist dafür, dass man sich dem Sylvio
571 3014 1040 3174 unterwirft.
