2904 3560
1475 480 1952 598 as seiner wa-
1853 461 2392 600 warten möchte.
565 506 1454 626 bewusstes Gefühl, dass i
572 624 2321 761 sich in einer unmissverständlichen,über alle
572 761 2475 865 Zweifel klaren Bestimmtheit sich würde zu melden
570 851 2472 1007 wissen, ja, dass was er an jenem ersten Tag seiner
570 1009 2425 1137 Wanderung erlebt; nichts gewesen war als ein un-
574 1163 2274 1255 geheurer Schatten,xxxxxkimk das ein ihm
563 1284 2454 1421 vorbestimmtes Schicksal vorausgeworfen,damit es
572 1409 2106 1510 ihn im rechten Augenblick bereit fände.
915 1520 2402 1669 Diese sieben Tage,die er jetzt gewan-
570 1659 2404 1796 dert war, schienen ihm ein Morgenschlummer nach
579 1796 2283 1931 einem wisten Traum und was in diesem Schlaf
577 1919 2326 2064 ihm begegnet war vielleicht noch weniger als
591 2035 2368 2191 jerer Traum gewesen, in den aber schon aus der
579 2175 2416 2302 Wirklichkeit von ferne und immer näher Stimmen
579 2321 2361 2449 und Eufe hineinklangen. Es konnte nicht lange
1116 2461 1813 2600 ganz erwacht war.
560 2480 924 2598 dauern b:
