3672 4136
3138 412 3220 584 2
1005 623 3389 784 es Geschichten von fremden Menschen. Und dann wie
1008 772 3232 944 der Andeutungen, kurze Bemerkungen. dte niemand
1017 938 3277 1105 anderer verstenen könnte als ich, der sie selbst
1005 1071 3283 1304 niedergeschrieben., - und aus einer kleinen Be -
1008 1195 3338 1404 merkung blüht mir wieder die ganze Zett mit ihrem
1005 1374 3414 1565 Duft entgegen und alle Einzelheiten werden jung und
1014 1522 3368 1713 lebendig. Ich habe um acht Jahre zurückgeblättert,
1020 1686 3450 1846 denn gerade auf jene Winterabende kam es mir an. Nur
1017 1885 3241 2019 ein paarmal steht der Name Fritzin in den alten
1017 2015 3150 2185 Blättern. Einmal ganz einfach, Fritzi. Und ein
1023 2170 3389 2312 zwettesmal "Fritzt reizendes Grisettenköpferl, kla
1023 2300 3377 2472 gende und lachende Augen." Und selbst jener Dezem
1023 2472 3277 2624 berabend, an welchem ich sie zum letztenmal sah,
1020 2593 3277 2775 weil ich Tags darauf die Stadt verlassen musste,
1029 2793 3405 2942 ist mit mei Zeilen abgetan: "Fritzi..... Abschied...
1032 2902 3392 3081 der rote Schein am Himmel.... jagende Leute... wie
1038 3075 3211 3256 see davon flog... We" Und wie ist das alles in
1023 3220 3308 3402 mir wach und klar. Es ist so merkwürdig klar, xx
1029 3377 3196 3553 obwohl ich doch eigentlich alle die Jahre über
