3672 4248
3022 498 3114 608 7
980 562 3096 848 hatte übrigens eine sehr gescheite Nachbarn,
971 826 3378 995 mit der ich bald in ein vergnügtes Plaudern kam. Es
986 983 3234 1118 war dieFlegendorfer, Und so geschah es, dass mir
986 1121 3292 1293 bereits beim Braten die unsägliche Lächerlichkeit
980 1265 3360 1376 sämmtliche Anwesenden ausser mir und Frau Flegen
977 1394 3194 1591 dorfer über jeden Zwetfel klar war. Es war sehr
2826 1502 3234 1622 beschten
971 1563 3388 1705 amüsant. Das Stimmengewirr um den reichxxhen Tisch
971 1744 3234 1898 mit seinen trefflichen Weinen wurde immer lauter
983 1895 3262 2002 und lebhafter, und bald war die Creme-und Champag
971 1996 3256 2174 nerstimmung da. Da ereignete sich etwas sonderba
967 2187 3206 2307 res. Aus all den Leuten heraus, als beganne sie
971 2300 3443 2515 jetzt erst zu sprechen, hörte ich plötzlich die Stim¬
967 2466 3148 2663 me Fritzis und xxx Worte klangen om mein Ohr:
989 2626 1603 2807 "Die Flammen.
989 2752 3323 2912 Offenbar hatte sie diese Worte auch lauter gespro
974 2936 3345 3087 chen, als die andern, denn die nächsten verklangen
964 3059 3299 3274 wieder im Lärm. Aber schon nach ein paar Sekunden
2964 3216 3148 3317 ver
971 3219 3271 3415 konnte ich ihre Stimme wieder so deutlich
961 3388 3209 3553 men, dass ich Silbe für Silbe verstand. Und nun
