3416 4120
2798 454 2894 635 4
710 545 2997 779 Nun rauschten sie in schweren Falten auseinander.
701 785 3120 981 Da öffnete sich die Türe. In einem glatten, dun —
710 912 3063 1116 keln Kleid stand sie da und sagte mit ihrer ruhi -
2022 1110 2223 1228 G.C.H.F.P.
719 1083 1989 1273 gen Stimme: “Guten Abend.”
707 1240 3033 1399 Er trat ihr entgegen, lächelnd, ohne die Erregung
722 1384 3042 1562 zu verspüren, die er selbst erwartet hatte. Er war
716 1556 3006 1727 nur sehr zufrieden. Sie reichte ihm die Hand und
725 1694 3030 1877 trat ein, dann strich sie den blossroten Schleter
1444 1835 1673 1923 dans
731 1877 3006 2013 zurück und nahm dem hellen, flachen Strohhut die
728 1974 2912 2184 lange Nadel, die mitten durch ihre hohe Frisur
734 2169 2970 2335 gesteckt war. Schleter, Hut und Nadel legte sie
1715 2296 1914 2377 mir
731 2266 3036 2485 aufs Khöter. Es kam ein mattes Licht von den Ker
743 2443 3027 2624 zen, das aber doch in alle Ecken schimmerte. Sie
746 2588 3051 2822 setzte sich auf den runden Sessel von dem Klavier
758 2759 3051 2946 und stiltzte den einen Arm auf den Deckel, während
755 2903 2660 3102 ste die andre Hand über die Augen legte.
743 3078 3084 3277 Er stand vor ihr. Es war unmöglich jetzt etwas zu
767 3207 3030 3451 sagen. Sie nahm plötzlich die Hand von den Augen
2846 3295 3213 3454 émander)
749 3379 3129 3559 und wannte den Kopf nach aufwärts, so dass sie steh
