3496 4120
712 600 3065 862 spielte noch immer mit den Falten des Vorhangs, den
725 808 3135 986 de zwischen den Hinden hin und her gleiten liess. Zu
664 971 3199 1165 weilen schaute sie ihn mit einem klaren Bliche an, der
677 1085 3138 1283 nur langsam von ihm weg in die Ecke des Zimmers ging.
693 1239 3154 1443 “Sie haben also nicht daran gedacht, dass eine solche
2704 1469 2803 1583 P:S::
2832 1453 3183 1583 G.C.H.F.F:S
670 1408 1641 1603 neue Erfahrung....“
2506 1370 2611 1558 P:
696 1603 3189 1737 "Nein, man hat Sie ja so oft getäuscht. "
686 1692 2433 1951 “Aber so völlig, ohne jede Regung...
722 1890 3007 2040 "Ja," rief sie beinahe freudig aus, "ohne jede Re
1813 2011 1912 2200 .
680 2018 983 2222 out.”
661 2094 3234 2375 Unnd Sie meinten mein ganzes Wesen sei voll von dieser
699 2331 1453 2522 Liebe zu Ihnen.“
706 2461 2752 2666 "Warum kamen Sie heute?" fiel er heftig ein.
2950 2445 3052 2643 G.
699 2624 3186 2835 "Das musste ich doch. Wie hätte ich denn erfahren sol
670 2765 2391 2979 len, dass ich ### gut gespielt habe?“
712 2975 3148 3218 "Nun haben Sie nicht gestern bemerkt, dass ich Ihnen
706 3122 1149 3317 glaubte?“
725 3192 3157 3435 "Ich war der Meinung, allerdings, Aber ich war nicht
712 3413 3256 3675 steher genug. Dass Sie heute Nacht vor meinen Fenstern
