3528 4104
664 565 2812 805 nen Grund habe Ihnen die Unwahrheit zu sagen."
713 736 3150 959 Vielleicht beliebt es Ihnen wieder Komödie zu spie -
657 946 910 1110 1 en.”
660 1084 3058 1278 "Daraus würde folgen, dass ich gestern die Wahrheit
664 1238 2372 1406 sprach — dass ich Sie also, liebel —“
700 1390 3117 1567 "Wicht gerade das. Sie haben sich gestern hinreissen
664 1521 3209 1725 lassen n. Sie sind darauf gekommen, dass Sie sich selbst
667 1702 1465 1879 getäuscht haben.
670 1820 3117 2017 "Ah! Und nun schüme ich mich wohl das einzugestehen.
687 1974 3193 2158 "Das wird wohl möglicht Denn ich begreife nicht ganz,
664 2165 3298 2322 was Sie veranlasst hätte gerade mich, als.... Opfer Ihres
670 2293 1856 2513 Talentes auszuenvählen.
693 2408 3127 2664 "Gerade Sie mussten es sein, ja, gerade Sie! Es gibt
670 2582 3058 2779 keinen, der misstrauischer ist, als Sie. "
680 2766 3163 2943 "Dass man geliebt wird glaubt man doch immer wieder!"
670 2911 3075 3091 "Wenn das so ist, dann bin ich freilich mit Unrecht
664 3062 3170 3269 auf meine Kunst stolz gewesen. Aber ich erinnere mich
680 3209 3104 3410 an alles, was Sie mir aus Ihrem Leben erzählt haben.
687 3357 3134 3574 Ich wusste, dass Sie sich abgewöhnt haben uns Frauen
683 3512 3091 3692 zu glauben. Einmal haben Sie mir sogar gesagt, dass
