<?xml version="1.0" encoding="UTF-8" standalone="yes"?>
<PcGts xmlns="http://schema.primaresearch.org/PAGE/gts/pagecontent/2013-07-15" xmlns:xsi="http://www.w3.org/2001/XMLSchema-instance" xsi:schemaLocation="http://schema.primaresearch.org/PAGE/gts/pagecontent/2013-07-15 http://schema.primaresearch.org/PAGE/gts/pagecontent/2013-07-15/pagecontent.xsd">
    <Metadata>
        <Creator>prov=READ-COOP:name=TrHtr:version=2.1.0:model_id=51170:date=14_08_2023_19:21</Creator>
        <Created>2023-05-10T14:44:30.131+02:00</Created>
        <LastChange>2023-08-14T19:21:51.824+02:00</LastChange>
        <TranskribusMetadata docId="1428657" pageId="55424404" pageNr="10" tsid="132822679" status="IN_PROGRESS" userId="64420" imgUrl="https://files.transkribus.eu/Get?id=IUFLYTHRNFQEASFHYQTWPLWX&amp;fileType=view" xmlUrl="https://files.transkribus.eu/Get?id=JIFTNUFETGXKNIERKXWTKCRL" imageId="44698481"/>
    </Metadata>
    <Page imageFilename="1428657_0010.jpg" imageWidth="3656" imageHeight="4264">
        <ReadingOrder>
            <OrderedGroup id="ro_1711814422003" caption="Regions reading order">
                <RegionRefIndexed index="0" regionRef="tr_1"/>
                <RegionRefIndexed index="1" regionRef="tr_2"/>
            </OrderedGroup>
        </ReadingOrder>
        <TextRegion id="tr_1" custom="readingOrder {index:0;}">
            <Coords points="1098,502 3451,502 3451,1792 1098,1792"/>
            <TextLine id="tr_1_tl_1" custom="readingOrder {index:0;}">
                <Coords points="3227,550 3247,547 3277,567 3280,564 3315,567 3315,488 3300,488 3288,482 3265,500 3247,488 3227,491"/>
                <Baseline points="3242,555 3287,552 3323,555"/>
                <TextEquiv>
                    <Unicode>8</Unicode>
                </TextEquiv>
            </TextLine>
            <TextLine id="tr_1_tl_2" custom="readingOrder {index:1;}">
                <Coords points="1081,720 3271,744 3312,597 2783,685 2448,620 1081,661"/>
                <Baseline points="1098,719 1125,719 1170,716 1215,716 1260,716 1304,719 1349,719 1394,719 1439,719 1484,719 1528,719 1573,719 1618,719 1663,719 1707,716 1752,716 1797,716 1842,719 1887,719 1931,716 1976,716 2021,716 2066,716 2111,716 2155,713 2200,713 2245,719 2290,716 2335,716 2379,713 2424,713 2469,713 2514,713 2558,713 2603,713 2648,713 2693,713 2738,713 2782,713 2827,710 2872,710 2917,710 2962,710 3006,707 3051,707 3096,707 3141,710 3186,710 3230,707 3275,707 3320,713"/>
                <TextEquiv>
                    <Unicode>merkte ich auch, dass es Fritzt war, welche das</Unicode>
                </TextEquiv>
            </TextLine>
            <TextLine id="tr_1_tl_3" custom="readingOrder {index:2;}">
                <Coords points="1087,888 2921,908 3415,876 3435,761 2568,717 2377,796 1599,720 1087,785"/>
                <Baseline points="1104,853 1113,853 1158,853 1203,856 1248,856 1292,856 1337,856 1382,859 1427,856 1472,856 1516,856 1561,853 1606,853 1651,853 1696,853 1740,856 1785,856 1830,856 1875,856 1919,853 1964,853 2009,853 2054,853 2099,853 2143,853 2188,853 2233,853 2278,853 2323,853 2367,851 2412,851 2457,851 2502,853 2547,853 2591,856 2636,853 2681,853 2726,851 2771,851 2815,851 2860,848 2905,848 2950,851 2994,851 3039,848 3084,848 3129,848 3174,851 3218,848 3263,848 3308,848 3353,848 3398,848 3442,848"/>
                <TextEquiv>
                    <Unicode>Gespräch beherrschte. Sie hatte die allgemeine Auf</Unicode>
                </TextEquiv>
            </TextLine>
            <TextLine id="tr_1_tl_4" custom="readingOrder {index:3;}">
                <Coords points="1081,1040 2668,1002 3380,1076 3400,893 2748,958 2398,888 2157,964 1081,888"/>
                <Baseline points="1098,1009 1119,1009 1164,1009 1209,1009 1254,1012 1298,1012 1343,1009 1388,1012 1433,1009 1478,1009 1522,1009 1567,1009 1612,1009 1657,1012 1702,1009 1746,1009 1791,1009 1836,1009 1881,1009 1925,1009 1970,1009 2015,1009 2060,1009 2105,1009 2149,1009 2194,1009 2239,1006 2284,1006 2329,1003 2373,1006 2418,1006 2463,1006 2508,1003 2553,1006 2597,1000 2642,1000 2687,1003 2732,1003 2776,1000 2821,1000 2866,1000 2911,1000 2956,997 3000,1000 3045,1000 3090,1000 3135,997 3180,997 3224,997 3269,997 3314,997 3359,997 3404,994"/>
                <TextEquiv>
                    <Unicode>merksamkeit erzwungen, alle hörten ihr zu. Und zu</Unicode>
                </TextEquiv>
            </TextLine>
            <TextLine id="tr_1_tl_5" custom="readingOrder {index:4;}">
                <Coords points="1099,1187 3359,1178 3250,1037 2757,1117 2148,1037 1904,1126 1099,1037"/>
                <Baseline points="1116,1170 1122,1167 1167,1164 1212,1167 1257,1167 1301,1164 1346,1167 1391,1167 1436,1167 1481,1164 1525,1164 1570,1164 1615,1164 1660,1164 1705,1161 1749,1161 1794,1161 1839,1161 1884,1164 1928,1164 1973,1164 2018,1161 2063,1161 2108,1161 2152,1161 2197,1161 2242,1161 2287,1161 2332,1161 2376,1158 2421,1161 2466,1161 2511,1161 2556,1158 2600,1161 2645,1161 2690,1158 2735,1155 2779,1155 2824,1155 2869,1158 2914,1155 2959,1155 3003,1155 3048,1155 3093,1155 3138,1155 3183,1155 3227,1152 3272,1152 3317,1152 3362,1155"/>
                <TextEquiv>
                    <Unicode>ihr wandten sich alle Blicke. Ich kam allerdings</Unicode>
                </TextEquiv>
            </TextLine>
            <TextLine id="tr_1_tl_6" custom="readingOrder {index:5;}">
                <Coords points="1087,1361 3371,1328 3394,1196 1628,1193 1087,1272"/>
                <Baseline points="1104,1319 1110,1319 1155,1316 1200,1319 1245,1319 1289,1322 1334,1322 1379,1319 1424,1319 1469,1319 1513,1316 1558,1316 1603,1316 1648,1313 1693,1313 1737,1310 1782,1310 1827,1307 1872,1307 1917,1307 1961,1307 2006,1310 2051,1307 2096,1307 2140,1304 2185,1304 2230,1304 2275,1304 2320,1301 2364,1301 2409,1301 2454,1301 2499,1301 2544,1301 2588,1301 2633,1301 2678,1301 2723,1298 2768,1298 2812,1295 2857,1295 2902,1295 2947,1298 2991,1295 3036,1295 3081,1295 3126,1292 3171,1295 3215,1292 3260,1295 3305,1292 3350,1295 3395,1292"/>
                <TextEquiv>
                    <Unicode>erst im Laufe einiger Sekunden zu dieser Betrach</Unicode>
                </TextEquiv>
            </TextLine>
            <TextLine id="tr_1_tl_7" custom="readingOrder {index:6;}">
                <Coords points="1087,1513 3300,1499 3397,1481 3400,1375 3171,1311 2283,1428 1090,1378"/>
                <Baseline points="1104,1475 1119,1472 1164,1472 1209,1472 1254,1475 1298,1478 1343,1478 1388,1478 1433,1478 1478,1475 1522,1472 1567,1472 1612,1472 1657,1472 1702,1472 1746,1472 1791,1469 1836,1469 1881,1469 1925,1472 1970,1469 2015,1469 2060,1469 2105,1469 2149,1466 2194,1463 2239,1466 2284,1466 2329,1466 2373,1466 2418,1463 2463,1463 2508,1463 2553,1463 2597,1466 2642,1463 2687,1463 2732,1460 2776,1460 2821,1460 2866,1460 2911,1457 2956,1460 3000,1457 3045,1460 3090,1460 3135,1460 3180,1457 3224,1457 3269,1457 3314,1457 3359,1454 3404,1454"/>
                <TextEquiv>
                    <Unicode>tung, denn im Anfang war ich in einer Weisse franz</Unicode>
                </TextEquiv>
            </TextLine>
            <TextLine id="tr_1_tl_8" custom="readingOrder {index:7;}">
                <Coords points="1090,1655 1270,1637 1340,1681 1375,1669 1434,1693 1531,1669 1581,1696 1581,1587 1525,1590 1458,1543 1384,1593 1337,1558 1308,1578 1228,1549 1173,1578 1090,1566"/>
                <Baseline points="1107,1633 1152,1627 1197,1627 1242,1627 1286,1630 1331,1630 1376,1633 1421,1633 1466,1633 1510,1630 1555,1630 1588,1633"/>
                <TextEquiv>
                    <Unicode>piert....</Unicode>
                </TextEquiv>
            </TextLine>
            <TextLine id="tr_1_tl_9" custom="readingOrder {index:8;}">
                <Coords points="1105,1819 3444,1816 3447,1660 1105,1713"/>
                <Baseline points="1122,1782 1167,1773 1212,1779 1257,1779 1301,1782 1346,1782 1391,1782 1436,1782 1481,1782 1525,1782 1570,1782 1615,1782 1660,1782 1705,1782 1749,1779 1794,1779 1839,1779 1884,1779 1928,1779 1973,1779 2018,1779 2063,1779 2108,1779 2152,1779 2197,1779 2242,1779 2287,1776 2332,1776 2376,1776 2421,1776 2466,1776 2511,1776 2556,1776 2600,1776 2645,1773 2690,1773 2735,1770 2779,1770 2824,1770 2869,1770 2914,1770 2959,1767 3003,1770 3048,1770 3093,1770 3138,1773 3183,1773 3227,1770 3272,1770 3317,1770 3362,1770 3407,1770 3451,1767"/>
                <TextEquiv>
                    <Unicode>"Die Flammen schlugen in den Zuschauerraum," sagte</Unicode>
                </TextEquiv>
            </TextLine>
        </TextRegion>
        <TextRegion id="tr_2" custom="readingOrder {index:1;}">
            <Coords points="1063,1869 3454,1869 3454,3667 1063,3667"/>
            <TextLine id="tr_2_tl_1" custom="readingOrder {index:0;}">
                <Coords points="1093,1960 3224,1975 3318,1960 3318,1784 2474,1884 1096,1887"/>
                <Baseline points="1113,1946 1131,1946 1176,1946 1221,1946 1266,1943 1310,1946 1355,1952 1400,1946 1445,1946 1490,1943 1534,1943 1579,1943 1624,1940 1669,1940 1713,1940 1758,1940 1803,1940 1848,1937 1893,1937 1937,1937 1982,1937 2027,1937 2072,1934 2117,1934 2161,1934 2206,1931 2251,1931 2296,1931 2341,1931 2385,1931 2430,1931 2475,1931 2520,1928 2564,1928 2609,1928 2654,1928 2699,1928 2744,1928 2788,1925 2833,1925 2878,1925 2923,1925 2968,1925 3012,1925 3057,1922 3102,1922 3147,1922 3192,1922 3236,1922 3281,1919 3326,1925"/>
                <TextEquiv>
                    <Unicode>sie. "Ich hatte eigentlich im ersten Augenblicke</Unicode>
                </TextEquiv>
            </TextLine>
            <TextLine id="tr_2_tl_2" custom="readingOrder {index:1;}">
                <Coords points="1087,2125 3288,2139 3450,2125 3453,1954 3171,2037 1090,2034"/>
                <Baseline points="1104,2105 1125,2102 1170,2102 1215,2102 1260,2102 1304,2102 1349,2102 1394,2102 1439,2102 1484,2099 1528,2099 1573,2099 1618,2099 1663,2099 1707,2096 1752,2096 1797,2102 1842,2099 1887,2099 1931,2099 1976,2099 2021,2099 2066,2096 2111,2096 2155,2096 2200,2096 2245,2093 2290,2093 2335,2093 2379,2093 2424,2093 2469,2093 2514,2096 2558,2093 2603,2093 2648,2093 2693,2093 2738,2093 2782,2093 2827,2090 2872,2090 2917,2087 2962,2090 3006,2087 3051,2087 3096,2087 3141,2087 3186,2087 3230,2087 3275,2087 3320,2087 3365,2084 3410,2084 3454,2084"/>
                <TextEquiv>
                    <Unicode>durchaus nicht xxxpfindung einer fürchterlichen</Unicode>
                </TextEquiv>
            </TextLine>
            <TextLine id="tr_2_tl_3" custom="readingOrder {index:2;}">
                <Coords points="1087,2269 3074,2298 3233,2266 3233,2169 1087,2192"/>
                <Baseline points="1104,2263 1134,2260 1179,2260 1224,2260 1269,2260 1313,2260 1358,2260 1403,2260 1448,2260 1492,2260 1537,2260 1582,2257 1627,2257 1672,2254 1716,2254 1761,2254 1806,2254 1851,2251 1896,2254 1940,2254 1985,2254 2030,2254 2075,2254 2120,2251 2164,2254 2209,2251 2254,2251 2299,2248 2344,2248 2388,2245 2433,2245 2478,2245 2523,2245 2567,2245 2612,2245 2657,2245 2702,2248 2747,2248 2791,2248 2836,2245 2881,2245 2926,2242 2971,2242 3015,2242 3060,2242 3105,2242 3150,2239 3195,2242 3239,2242"/>
                <TextEquiv>
                    <Unicode>Gefahr, sondern, daran erinnere ich mich noch</Unicode>
                </TextEquiv>
            </TextLine>
            <TextLine id="tr_2_tl_4" custom="readingOrder {index:3;}">
                <Coords points="1093,2469 3297,2427 3344,2292 1093,2372"/>
                <Baseline points="1110,2430 1155,2424 1200,2418 1245,2415 1289,2415 1334,2415 1379,2415 1424,2415 1469,2412 1513,2412 1558,2412 1603,2409 1648,2412 1693,2412 1737,2409 1782,2406 1827,2409 1872,2409 1917,2406 1961,2403 2006,2400 2051,2400 2096,2400 2140,2400 2185,2400 2230,2394 2275,2397 2320,2394 2364,2397 2409,2394 2454,2397 2499,2397 2544,2394 2588,2394 2633,2394 2678,2394 2723,2391 2768,2394 2812,2391 2857,2394 2902,2394 2947,2391 2991,2394 3036,2394 3081,2394 3126,2394 3171,2394 3215,2391 3260,2391 3305,2394 3350,2397"/>
                <TextEquiv>
                    <Unicode>ganz genau, ich sagte zu mir selbst: wie gross,</Unicode>
                </TextEquiv>
            </TextLine>
            <TextLine id="tr_2_tl_5" custom="readingOrder {index:4;}">
                <Coords points="1087,2615 1308,2615 1443,2574 1475,2610 1555,2586 1613,2618 1731,2560 2048,2586 2051,2480 1998,2519 1910,2474 1605,2516 1487,2469 1381,2513 1334,2474 1220,2466 1090,2521"/>
                <Baseline points="1104,2567 1119,2567 1164,2564 1209,2564 1254,2564 1298,2564 1343,2561 1388,2561 1433,2561 1478,2561 1522,2561 1567,2558 1612,2561 1657,2561 1702,2561 1746,2558 1791,2556 1836,2558 1881,2556 1925,2553 1970,2550 2015,2544 2060,2538"/>
                <TextEquiv>
                    <Unicode>wie herrlich schön."</Unicode>
                </TextEquiv>
            </TextLine>
            <TextLine id="tr_2_tl_6" custom="readingOrder {index:5;}">
                <Coords points="1046,2748 3165,2727 3356,2712 3356,2583 1049,2668"/>
                <Baseline points="1063,2738 1077,2735 1122,2729 1167,2723 1212,2723 1257,2720 1301,2720 1346,2720 1391,2720 1436,2720 1481,2720 1525,2717 1570,2717 1615,2717 1660,2717 1705,2714 1749,2717 1794,2714 1839,2714 1884,2714 1928,2714 1973,2714 2018,2714 2063,2711 2108,2711 2152,2711 2197,2708 2242,2708 2287,2708 2332,2708 2376,2711 2421,2711 2466,2711 2511,2708 2556,2708 2600,2708 2645,2705 2690,2705 2735,2705 2779,2705 2824,2702 2869,2702 2914,2702 2959,2702 3003,2699 3048,2699 3093,2699 3138,2699 3183,2699 3227,2699 3272,2696 3317,2696 3362,2696"/>
                <TextEquiv>
                    <Unicode>„Wovon erzählt sie denn da?“ fragte ich leise die</Unicode>
                </TextEquiv>
            </TextLine>
            <TextLine id="tr_2_tl_7" custom="readingOrder {index:6;}">
                <Coords points="1084,2898 1114,2886 1205,2945 1290,2956 1364,2912 1446,2915 1478,2889 1605,2889 1675,2924 1707,2909 1710,2792 1681,2786 1646,2807 1528,2783 1352,2830 1196,2801 1152,2762 1087,2792"/>
                <Baseline points="1101,2878 1134,2875 1179,2875 1224,2875 1269,2878 1313,2878 1358,2878 1403,2875 1448,2875 1492,2875 1537,2875 1582,2875 1627,2872 1672,2869 1716,2869"/>
                <TextEquiv>
                    <Unicode>Flegendorfer.</Unicode>
                </TextEquiv>
            </TextLine>
            <TextLine id="tr_2_tl_8" custom="readingOrder {index:7;}">
                <Coords points="1099,3042 3374,3065 3377,2845 2563,2868 2278,2953 1099,2945"/>
                <Baseline points="1116,3024 1137,3021 1182,3021 1227,3024 1272,3027 1316,3027 1361,3027 1406,3030 1451,3027 1495,3024 1540,3024 1585,3024 1630,3024 1675,3024 1719,3024 1764,3024 1809,3024 1854,3024 1899,3024 1943,3018 1988,3021 2033,3018 2078,3018 2123,3018 2167,3018 2212,3018 2257,3021 2302,3018 2346,3015 2391,3018 2436,3018 2481,3015 2526,3015 2570,3015 2615,3018 2660,3015 2705,3015 2750,3015 2794,3018 2839,3015 2884,3012 2929,3012 2974,3015 3018,3012 3063,3009 3108,3009 3153,3009 3198,3009 3242,3009 3287,3006 3332,3006 3377,3009"/>
                <TextEquiv>
                    <Unicode>"Nun," erwiderte diese, "es ist ihre behannte Ge</Unicode>
                </TextEquiv>
            </TextLine>
            <TextLine id="tr_2_tl_9" custom="readingOrder {index:8;}">
                <Coords points="1096,3218 3159,3203 3356,3112 2759,3018 2295,3127 1308,3083 1096,3142"/>
                <Baseline points="1113,3189 1122,3192 1167,3189 1212,3189 1257,3189 1301,3189 1346,3189 1391,3189 1436,3189 1481,3189 1525,3189 1570,3186 1615,3186 1660,3186 1705,3186 1749,3183 1794,3180 1839,3183 1884,3183 1928,3180 1973,3180 2018,3180 2063,3180 2108,3180 2152,3177 2197,3177 2242,3177 2287,3177 2332,3180 2376,3177 2421,3177 2466,3177 2511,3174 2556,3174 2600,3174 2645,3171 2690,3171 2735,3171 2779,3171 2824,3168 2869,3168 2914,3168 2959,3168 3003,3168 3048,3168 3093,3168 3138,3165 3183,3165 3227,3165 3272,3162 3317,3162 3362,3156"/>
                <TextEquiv>
                    <Unicode>schichte, auf die sie reist.Sie kann in keine Ge</Unicode>
                </TextEquiv>
            </TextLine>
            <TextLine id="tr_2_tl_10" custom="readingOrder {index:9;}">
                <Coords points="2733,3271 2765,3274 2771,3268 2792,3268 2815,3274 2827,3262 2871,3268 2871,3186 2856,3186 2839,3197 2818,3189 2801,3197 2777,3180 2762,3177 2751,3189 2733,3189"/>
                <Baseline points="2750,3254 2794,3257 2839,3257 2878,3257"/>
                <TextEquiv>
                    <Unicode>zum</Unicode>
                </TextEquiv>
            </TextLine>
            <TextLine id="tr_2_tl_11" custom="readingOrder {index:10;}">
                <Coords points="1111,3362 3236,3350 3432,3335 3432,3189 3056,3177 2871,3283 1111,3291"/>
                <Baseline points="1128,3344 1155,3344 1200,3341 1245,3341 1289,3341 1334,3338 1379,3338 1424,3338 1469,3341 1513,3341 1558,3341 1603,3341 1648,3338 1693,3338 1737,3335 1782,3335 1827,3335 1872,3335 1917,3335 1961,3335 2006,3332 2051,3332 2096,3332 2140,3329 2185,3329 2230,3329 2275,3329 2320,3329 2364,3329 2409,3329 2454,3329 2499,3326 2544,3326 2588,3326 2633,3323 2678,3323 2723,3323 2768,3323 2812,3329 2857,3326 2902,3323 2947,3323 2991,3320 3036,3323 3081,3323 3126,3323 3171,3320 3215,3323 3260,3323 3305,3320 3350,3317 3395,3317 3439,3323"/>
                <TextEquiv>
                    <Unicode>sellschaft gehen, wo sie sie nicht xxx besten gibt.</Unicode>
                </TextEquiv>
            </TextLine>
            <TextLine id="tr_2_tl_12" custom="readingOrder {index:11;}">
                <Coords points="1084,3509 2956,3527 3177,3494 3180,3397 1505,3444 1087,3365"/>
                <Baseline points="1101,3499 1125,3496 1170,3496 1215,3496 1260,3499 1304,3496 1349,3493 1394,3493 1439,3490 1484,3490 1528,3490 1573,3493 1618,3490 1663,3490 1707,3490 1752,3487 1797,3487 1842,3487 1887,3490 1931,3490 1976,3490 2021,3487 2066,3487 2111,3487 2155,3487 2200,3484 2245,3484 2290,3484 2335,3484 2379,3484 2424,3481 2469,3484 2514,3481 2558,3481 2603,3481 2648,3481 2693,3481 2738,3481 2782,3478 2827,3478 2872,3478 2917,3478 2962,3478 3006,3475 3051,3472 3096,3475 3141,3472 3186,3454"/>
                <TextEquiv>
                    <Unicode>Sie macht es übrigens famos, hören sie nur.“</Unicode>
                </TextEquiv>
            </TextLine>
            <TextLine id="tr_2_tl_13" custom="readingOrder {index:12;}">
                <Coords points="1093,3665 2980,3659 2983,3524 2680,3509 2366,3597 1699,3565 1610,3623 1367,3553 1096,3588"/>
                <Baseline points="1110,3654 1155,3654 1200,3657 1245,3657 1289,3654 1334,3654 1379,3654 1424,3654 1469,3651 1513,3651 1558,3651 1603,3654 1648,3651 1693,3648 1737,3648 1782,3651 1827,3645 1872,3648 1917,3648 1961,3648 2006,3645 2051,3645 2096,3645 2140,3645 2185,3645 2230,3642 2275,3642 2320,3642 2364,3642 2409,3642 2454,3639 2499,3639 2544,3639 2588,3639 2633,3639 2678,3636 2723,3636 2768,3636 2812,3636 2857,3636 2902,3636 2947,3636 2991,3642"/>
                <TextEquiv>
                    <Unicode>Ich hörte, es war wirklich erschütternd:</Unicode>
                </TextEquiv>
            </TextLine>
        </TextRegion>
    </Page>
</PcGts>
