3400 4104
832 503 3035 751 ihn nach dem gestrigen Abend und nach den Tag ge
664 671 3115 919 ragt. Er fing an ihr zu erzählen. Wie er gestern noch
606 829 2951 1087 allein da in dem Fauteuil vor dem Schreibtisch ge
593 997 3138 1264 sessen und wie er endlich spät seine Wohnung verlassen
610 1122 3196 1335 und durch die Strassen spaziert war, in denen der Dunst
613 1290 2009 1561 des schwillen Augustabends lag.
600 1454 2983 1661 "Ich bin auch in die Gasse gekommen, in der Sie
616 1580 3164 1825 wohnen, aber die Fenster waren dunkel. Es war freilich
626 1722 3009 1980 schon spät, elf oder zwölf. Ich musste dorthin. Ja,
629 1903 3190 2203 nach der Luft, in der Sie atmen, Helene, habe ich mich
635 2058 3228 2345 gesehnt, und denken Sie, sogar die unheimlich heimliche
629 2232 3131 2509 Idee hat nicht gefehlt, dass Sies fühlen müssen, wenn
648 2345 3212 2638 ich in Ihrer Nähe bin und dass es Sie glücklich macht.
655 2557 3122 2803 "Dass es mich glücklich macht," wiederholte sie halb
668 2715 1319 2954 laut und kühl.
651 2899 2032 3109 Er war näher zu ihr getreten.
684 2954 3173 3228 "Warum sollte es mich glücklich machen, ich liebe Sie
648 3109 2957 3438 nicht Richard," sagte sie plötzlich ganz schroff
655 3351 1777 3573 Er hielt betroffen ein.
684 3351 3131 3702 Sie schüttelte einigæmale ruhig den Kopf. “Ich liebe
