3544 4120
3004 491 3143 633 13
842 674 3168 883 Im Ihnen eigentlich die Idee zu Ihrer Komödter war
775 848 3276 1054 das schon, bevor Sie das erstemal Ihren Fuss über mei
2371 1013 2763 1174 P.H.F.F:F:D'H.
769 1013 1782 1222 ne Schwelle setzten?"
1874 1149 2554 1374 r ee eutstent!
782 1177 1063 1377 "Nein.
794 1298 3156 1503 "Und varum hamen Sie überhaupt? Warum kamen Sie zu
2529 1459 3238 1684 Liebe geglaubt
766 1491 1035 1687 mtr7"
788 1662 3241 1817 „Sie wissen es Ja. Sie haben mir Schumann und Chopin
782 1776 3187 1972 vorgespielt, Sie haben sehr gescheite Dinge mit mir
779 2041 1209 2168 geredet.“
807 2070 3209 2269 Man kommt doch nicht zu einem jungen Mann, um sich
772 2279 2750 2472 Schumann und Chapin vorspielen zu lassen.“
785 2443 3333 2589 "Warum denn nicht? Was hat es denn für eine Gefahr, da
779 2541 3250 2760 Sie mir stets vollkommen gleichgültig gewesen sind?"
788 2725 3193 2915 „Aber die Idee muss Ihnen früher gekommen sein. Ihr
772 2893 3209 3051 Liebesgeständnis hat mich durchaus nicht überrascht.
772 3048 3247 3216 Seit Tagen schon drängte alles dazu, es kam ja nicht
775 3203 1304 3396 plötzlich.“
798 3352 3159 3523 "Das scheint Ihnen halte so. Gestern hätte es Sie
794 3459 3320 3741 durchaus nicht befremdet, wenn ich Ihnen einfach beim
