3672 4312
3094 602 3223 722 10
1114 716 3118 910 "Dazu", flüsterte mir Frau Flegendorfer zu,
1105 898 3262 1066 "hat damals noch das Ringtheater abbrennen müs
1111 1048 1366 1210 sen."
1117 1183 3363 1327 "Pst," machte ich, denn ich war gespannt, a tem
1105 1375 1719 1536 los gespannt.
1105 1447 3333 1650 Fritzi erzählte weiter. Sie erzöhlte wie sie in
1102 1635 3495 1821 einer ganz rätselhaften Weise gestossen, geschoben.
1111 1845 3423 1977 gehoben,über dunke Gänge, über xxx dunkele Stie
1108 1980 3115 2111 gen ins Freie auf die Strasse gekommen war.
1123 2120 3330 2267 "Ich war wie gebannt," sagte sie, "konnte nicht
1102 2249 3498 2417 fort. Ich hatte die Empfindung,hier musst du stehen
1105 2438 3366 2570 bleiben, bis alles vorbet ist. Ich war unruhiger
1105 2582 3321 2746 als alle Menschen, die da herumstanden, und dass
1117 2713 3432 2902 ich selbst da drinnen in dem brennenden Hause ge
1105 2860 3274 3055 wesen sein sollte, das war mir wie ein dumpfer
1102 3049 3142 3205 Traum. Plötzlich aber fuhr es mir durch den
1096 3211 3444 3360 Kopf, was mir unbegreiflicherweise noch keine Se -
1108 3363 3471 3528 kunde lang zum Bewusstsein gekommen war: um Gottes
1108 3474 3516 3672 Willen, meine Mutter! Ich hatte ihr ja gesagt, dass
