3640 4120
1463 739 2241 934 Komödian tinnen.
1646 892 1997 1072 Fritzi.
2025 1194 2214 1408 von
2739 1163 3197 1393 G.C.M.H.F.P.
2382 1347 3200 1542 Arthur Schnitzler
3307 1380 3408 1524 G.C.P.
2580 1499 3176 1692 Oktober 1893
3292 1652 3435 1805 G.F.P.
1044 1942 3261 2159 Im Ballanzug sitze ich vor meinem Schreibtisch.
1054 2104 3393 2293 Ich muss doch noch in den alten Blättern herumstö
1057 2281 3319 2467 bern, bevor ich zu Weissenbergs gehe, wo ich sie
1044 2412 3503 2587 wiedersehen soll. Wie viele Blätter liegen nun schon
1054 2590 3368 2770 da und die ersten fangen an gelb zu werden, ver -
1057 2696 3384 2929 silbt würde ich sagen, wenn ich ein Romantiker wä
1047 2889 3368 3069 re. Wie wenig man doch die Bedeutung der einzei-
1057 3057 3408 3231 nen Dinge abschätzen kann zur Zett, da man sie er
1050 3222 3283 3381 Ibet und aufnotiert. Da finde ich Abenteuer in
1050 3356 3432 3539 breiten Sätzen und grossen Worten verzeichnet, an
1060 3552 3442 3719 welche ich mich kaum mehr erinnern kann. Als wären
