3672 4280
3070 513 3196 649 12
974 594 3292 791 ste mich ganz gedankenjos an, dann aber glitt ein
998 841 3345 980 ganz sonderbaares Lächeln über ihre Züge - ach ein
968 958 3116 1125 Lächeln, das ich noch so gut kannte. Sie nahm
977 1097 3147 1301 thr Glas und liess es mit dem meinen zusammen
3026 1298 3162 1428 G.F.P.
983 1305 1360 1437 klingen.
983 1431 3462 1586 "Auf Ihre wunderbære Rettung," rief ich aus und leer
971 1552 3283 1777 te mein Glas. Gleich nach dem Souper trat sie auf
964 1725 3376 1867 mich zu und reichte mir beide Hände, als wollte sie
964 1886 3196 2077 mich um Entschuldigung bitten. "Es scheint also
971 2040 2912 2207 wirklich," sagte sie,“dass Sie es waren."
983 2176 3351 2396 "Es scheint so," entgegnete ich einnenig befremdet.
983 2380 3283 2501 "Nun," sagte sie, "ich habe es immer geahnt, dass
977 2522 3317 2646 sich die Geschichte nicht genau so zugetragen hat,
968 2671 3382 2822 wie ich sie erzähle, aber ich habe schon angefangen
971 2810 3280 2949 an sie zu glauben - und wären Sie mir um ein paar
968 2977 3258 3141 Jahre später wieder begegnet, so hätten Sie mich
977 3104 3379 3283 kaum mehr überzeugen könen; denn mir ist heute, als
986 3274 3233 3465 hätte ich sie wirklich erlebt. Ich habe die Ge-
980 3444 3348 3586 schichte so oft erzählen müssen den Verwandten und
