3528 4104
2962 461 3103 657 10
797 509 3110 794 te in jedem Worte, das eine Frau zu Ihnen spricht,
3138 663 3305 788 die
807 775 1745 974 ge herausspüren.“
2434 916 2802 1118 G.H.F.P.
743 932 2408 1105 "Das hab ich mir eben eingebildet."
724 1076 3190 1246 “Aber ich versichre Ihnen, wenn ihnen eine andre von
685 1227 3244 1425 Liebe sprach, so war es noch immer tausendfach wahrer,
698 1432 3257 1588 als wenn ich es tat. Wenn Sie schon bei den andern die
689 1544 3129 1710 Lüge gemerkt haben, so hätten Sie bei mir, nach dem
705 1713 3090 1861 ersten Worte zusammenschauern oder lachen müssen.'
695 1861 3126 2024 Richard stand auf. "Und haben Sie keinen Augenblick
695 2018 3199 2178 überlegt, dass Sie mich......dass dieses Spiel...... ha
695 2152 2450 2331 ben Sie nicht überlegt, dass Sie....“
2610 2191 2716 2299 P.S.
676 2322 2444 2517 ### Er konnte nicht weiter sprechen.
705 2466 3279 2639 "Dass ich Ihnen vielleicht weh tun könnte!" meinen Ste.
705 2607 3065 2796 "Nun, das konnte ich nicht vermelden. Und wenn ich
685 2725 3244 2969 aufrichtig sein soll, ich habe kaum daran gedacht. Wie
676 2946 3148 3129 mich einmal der Gedanke erfasst hatte meine Rolle zu
692 3097 3174 3257 spielen, konnten solche Regungen doch keinen Einfluss
2773 3238 3142 3417 par m^cht
673 3260 1278 3443 mehr haben.“
1777 3251 2088 3472 G.C.F.P
1351 3206 1547 3430 G.C.H.F.P
679 3388 2953 3635 Sie stand unbeweglich da, während sie sprach und
