3544 4104
942 533 2025 807 nicht, durchaus nicht.
906 746 3021 945 schmute ihr ins Gesicht. "Und gestern Abende"
813 864 3307 1109 Ich habe Sie auch gestern nicht geliebt. Ich habe ein
858 1070 2369 1279 nach ein wenig Komödie gespielt. „
736 1231 1478 1417 Richard lachte.
2825 1247 2973 1404 G.H.F.P.
1382 1321 1517 1417 G.C.P.
797 1343 3259 1568 "Ich muss Sie vielleicht um Verzeihung bitten, lieber
765 1514 3143 1758 Freund, aber gerade Sie sind der Mann, der mich be
961 1645 1099 1742 G.H.F.P.
771 1700 1469 1896 greifen wird.“
762 1835 3137 2044 Richard trat zuerst einen Schritt auf Sie zu, dann
775 1986 3358 2195 entfernte er sich und ging hin und her. Dann setzte er
781 2115 3294 2356 sich vor den Schreibtisch hin und stützte die Hand da
775 2330 1028 2510 rauf.
794 2423 3320 2664 "Wollen Sie nicht lieber, dass ich jetzt gehe?" fragte
778 2632 1122 2818 Helene.
2385 2587 2597 2790 G.F.P.
826 2745 3320 2950 Ich möchte doch Ihre Aufklärung hören." erwiderte Ri
800 2905 3249 3130 chard ohne sie anzusehen. "Warum diese Komödie, nur
787 3076 2224 3278 aus Liebe zum Komödiespielen?"
848 3236 2780 3419 Gewissermassen,“ entgegnete Helene ruhtg.
836 3416 1061 3615 Sor"
