3672 4296
3010 540 3142 678 23
980 651 3239 813 dann den Kolleger, den Kolleginnen und allen mög
1966 821 2089 904 ne
965 842 3262 1006 lichen Leuten, dass se schon beinahe wahr, jeden
971 997 2599 1127 falls aber berühmt geworden ist. "
983 1115 3204 1276 "Da sehen Sie, Fritzi,“ sagte ich, "ein wie unge
965 1279 3221 1482 rechtes Ding der Ruhm eigentlich ist. Der
968 1443 3327 1637 ihn am meisten verdient, an dem geht er vorüber. "
974 1590 1922 1772 "Wieso?" fragte sie.
974 1725 3333 1919 "Nun, ich denke doch," erwiderte ich ihr, wenn ihn
962 1925 3309 2112 einer verdient, so bin ichs Fritzi - und ich neig
962 2092 3101 2244 te mich näher zu ihr, ganz nahe zu threm Ohr,
971 2230 2538 2359 ich,Fritzi, Dein Lebensretter. "
1831 2538 2098 2687 Ende.
