3512 4104
2798 403 2926 567 8
722 581 3205 790 "Nicht wahr, Sie verstehen mich. Ich wollte wissen, ob
725 764 3132 974 es mir gelingen kann etwas glaubwürdig darzustellen,
679 941 2811 1092 wovon ich gar nichts empfinde. Ich wollte....
676 1086 3175 1286 Richard unterbrach sie. "Das ist schon manchen Frauen
702 1250 3146 1414 gelungen, ohne dass sie grosse Künstlerinnen gewesen
2299 1355 3011 1535 G.C.H.F.D.
1230 1384 1433 1551 G.H.F.P.
695 1404 1043 1588 wären.“
722 1473 3168 1745 "Das glaub ich nicht! Eine Ahnung von dem was sie sa
708 1742 3250 1883 gen empfinden sie doch. Und wenn sie nicht gerade den
705 1847 3339 2040 jenigen lieben, dem sie es versichern, so haben sie doch
705 2007 3234 2188 irgend eine Erinnerung, oder eine Hoffnung in der See
708 2142 3228 2342 le, welche sie begeistert. Oder es ist wenigstens Lie
712 2306 2772 2503 bessehnsucht in ihnen. Mir fehlt das alles."
708 2467 3129 2667 Sie wissen das ganz bestimmt?"
722 2660 3211 2814 "Ja ich bin über zwanzig Jahre alt. Man hat mir schon
728 2801 3257 2968 oft von Liebe gesprochen und mich darum angefleht, Sie
731 2922 3090 3119 können sich das denken, aber bis heute begreife ich
2968 3067 3142 3221 ntot
715 3077 2808 3267 nicht was das heisst, in Versuchung kommen..
768 3254 2299 3424 Und das soll ich alles glauben?"
761 3346 3257 3582 „Das steht bet Ihnen. Aber bedenken Sie, dass ich het
