3416 4104
777 530 3031 783 soll ansehen. Sie lächelten beide. Er beugte sich
738 753 3129 968 einweßig zu ihr nieder. Wie er aber die Lippen ihren
715 914 2855 1090 Augen näherte wehrte sie ab und sagte: "nein."
2844 989 2933 1081 G.C.P.
727 1072 2909 1242 Da sank er vor ihr nieder, nahm ihre Hände und
2748 1102 3132 1268 G.H.F.P.
741 1218 2885 1382 küsste sie.......Mit einemmale stand sie auf,
744 1379 3091 1551 so das ch, dass er ihr kaum folgen konnte. Sie trat
741 1533 3007 1691 zum Fenster hin, zwischen die Vorhänge und liess
759 1632 3058 1834 ihren Finger mit den Falten spielen. "Nun möchte
753 1807 2909 2007 ich doch wieder Ihre Stimme hören," sagte sie.
768 1941 2960 2174 "Was soll ich Ihnen jetzt sagen?" erwiderte er,
786 2105 3126 2299 "Es ist nicht gut, Richard, wenn Sie nicht reden...
768 2245 3040 2483 Ich bitte Sie! — Erzählen Sie mir doch.. Was ha
774 2364 3076 2632 ben Sie heute den ganzen Tag gemacht! Wo sind Sie
771 2537 3097 2799 gestern Abend noch gewesen? Haben Sie an moch ge-
774 2769 1137 2957 dacht?“
774 2844 2921 3076 „Ob Ich ann Sie gedacht habel“.. rief er aus.
795 3019 3159 3263 "Hätt ich was anderes...“ und er hielt wieder inne.
768 3180 3034 3388 Er hatte eine Scheu vor den Worten, die alle sa
774 3368 3088 3561 gen und die man allen sagt. Es war ganz gut, dass
2713 3466 2864 3609 D. P.
