3512 4216
2929 447 3057 640 18
690 708 3109 895 Er antwortete nicht, nichte mit dem Kopfe und blieb
693 873 3190 1013 Miten im Zimmer stehen. Sie war an der Tür. Da wandte
702 1037 3153 1156 sie sich noch einmal um, als hätte sie noch etwas zu
708 1180 2898 1354 sagen. Sie ging aber wortlos und er war allein.
686 1314 3134 1444 Sie eilte die Treppe hinunter und war gleich auf der
702 1488 3097 1625 Strasse, ging rasch bis zur Ecke, uo sie in die Ne
708 1606 3106 1771 bengasse einbog, so dass sie von seinem Fenster aus
699 1764 3187 1904 nicht mehr gesehen werden konnte. Hier blieb sie eine
696 1920 3193 2059 Weile stehen und atmete tief auf. Dann aber eilte sie
711 2094 3156 2233 weiter, mit schnellen Schritten und mit immer schnel
705 2268 2264 2401 leren, als ob sie fliehen wollte.
1485 3128 1749 3333 Ende.
