3656 4264
3016 475 3112 640 5
1071 654 3332 843 sie einzuholen, aber ich hatte sie sofort in der
1067 809 3308 1012 Menschenmenge, die immer beträchtlicher anwuchs,
1081 964 3394 1139 verloren. Ich muss gestehen, dass mich das im gan
1078 1119 3294 1277 zen und grossen wenig aufregte, ich weiss sogar
1067 1260 3288 1467 noch, dass ich, nachdem ich ein paarmal. Frötzt,
1071 1425 3394 1597 Fritzi" gerufen, ganz ruhig vor mich hinsagte: hys
1078 1611 3408 1738 terische Person. Dann kam mir auch der tröstliche
1078 1766 3436 1907 Gedanke, dass durch dieses plötzliche Davonstürmen
1078 1869 3525 2096 etwas sehr peinliches und rührendes vermieden worden
1074 2038 3518 2227 war, nämlich der Abschied in der Nähe ihrer Wohnung,
1078 2200 3260 2372 der vielleicht einer auf ewig sein sollte. Ich
1081 2334 3356 2516 ging damals noch die halbe Nacht spazieren; eine
1084 2530 3381 2658 Weile stand ich auch vor dem brennenden Theater.
1078 2668 3529 2823 Am Morgen darf reiste ich ab. An Fritzt habe ich ein
1078 2778 3305 2978 paar Zetlen von München aus gesandt ich erhielt
1091 2940 3339 3129 aber keine Antwort. Und das sind nun acht Jahre.
1088 3088 3412 3274 Unterdessen ist die kleine Fritzi eine grosse Sän
1088 3263 3456 3467 gerin geworden und in einer halben Stunde werd ich
1095 3453 2031 3646 sie wiedersehen. —
737 3539 3504 3856 Später: Ja ich habe Fritzt wieder gesehen und weder gehört
