3368 4120
712 522 2881 772 nennen xxx durfte. Nein, Glück nicht. Es war zu
712 724 3008 990 oiel Sehnsucht in ihnen und zu viel Ungewissheit.
693 892 3242 1091 Aber Jene Stunde gestern, das war doch wohl Glückgewesen
712 1028 3030 1246 Wenn er diesen einzigen langen Kuss, auf den dann
718 1176 3083 1407 kein Wort mehr gefolgt war, mit dem sie ihn allem
712 1347 3191 1572 zurückgelassen hatte, als wäre jeder Laut Entwethung,
724 1518 2944 1717 wenn er den mit trgendwas vergleichen wollte,so
721 1644 3128 1879 musste er an eine Zeit zurückdenken, xxx er fast noch
724 1831 2957 2021 ein Knabe war, an stille Spaziergänge mit einem
727 1948 3071 2185 blönden Mädel auf einsamem Waldweg und an das Aus
721 2141 2944 2340 ruhen auf den Bänken, wo er ihr dann die Wangen
731 2305 2979 2486 und die Haare streichelte.... Ja, etwas keusches
734 2448 3004 2625 und süsses war das gewesen und alle Glut, die in
750 2612 3131 2770 threm Geständnis lag und alle Leidenschaft, mit der
743 2739 3134 2947 sie ihn zum Abschied an sich gedrückt und selbstder
746 2881 3068 3115 dumpfe Rausch, in dem sie ihn zurückgelassen - in
753 3055 3087 3286 alledem war etwas, was ihn an xx jene Stimmung der
756 3207 2992 3406 ersten Liebe erinnerte mit ihren zitternden Wün
759 3387 2356 3574 schen, die keine Erfüllung kennen.
