3528 4136
1020 533 2872 755 rings um mich und es scheint auch, dass
884 562 994 765 es
849 723 2995 907 Komödten, in welchen ich auftreten werde nicht
2960 804 3224 1001 fromd.
2585 833 2834 1004 an all
891 859 2479 1062 anderes enthalten. Mir ist das al
904 1013 3160 1214 Fähigkeit des Empfindens ist in der Leidenschaft
842 1159 3124 1365 meine Kunst abgeschlossen. Ich muss spielen, Ko-
681 1301 3179 1533 mödie spielen immer, überall. Ich habe stets dieses
687 1449 3166 1675 Bedürfnis, besonders dort, wo andre ein grosses Glück,
687 1646 3131 1827 oder ein tiefes Weh empfänden. Ich suche überall Ge
704 1794 1888 2008 legenhett zu einer Rolle.
736 1907 3166 2150 Und haben Sie schon oft eine ähnliche gespielt, wie
720 2124 2130 2308 gestern Abend bei mir?"
771 2253 3176 2492 Unbewusst, früher einmal. Ich war kohett, aber meine
707 2404 3240 2608 Kohetterie ging eben nicht wie bei andern jungen Mäd
726 2540 3163 2747 chen aus einem unklaren Verlangen nach Liebe hervor,
726 2714 3321 2924 sondern eben wieder nur aus dem Vergnügen eine Rolle zu
746 2866 3321 3066 spielen. Die andern übertretben doch eigentlich nur ein
739 3037 3260 3247 Gefühl, das sich in ihnen zuwegen beginnt. Ich aber,
733 3173 3144 3386 musste in solchen Fällen stett aus dem Nichts schaf
2566 3331 2653 3492 G.F.P
768 3373 981 3563 sen.
791 3431 3250 3731 "Aber so vollendet wie gestern haben Sie noch nie ge
