3688 4168
3089 484 3187 692 2
1081 683 3321 882 recht wenig an sie gedacht habe. Es mag ja auch
1081 872 3542 1035 sein, dass ich damals vor acht Jahren die Verpflich¬
1081 1035 3395 1185 tung gefühlt hätte mehr über sie in diese Blätter
1090 1166 3416 1375 einzuschreiben, wenn mir nur eine Ahnung genommen
1084 1338 3459 1491 wäre, dass in dieser kleinen Konservatoristin eine
1078 1488 3471 1675 grosse Künstlerin steckt, die heute dem ganzen Wie
1074 1662 3453 1831 ner Publthum den Kopf verdcht. Wie solche Geschich
1078 1831 3227 1996 ten manchmal zu Ende gehen oder eigentlich ab
1081 1962 3471 2125 reissen! Und wo man nur diese Erinnerungen bewahrt,
1074 2103 3496 2323 um die man sich jahrelang nicht kümmert und die man
1074 2253 3407 2449 dann nach geraumer Zeit so blank, so licht so un
1078 2434 3315 2590 verändert wiederfindet, als hätte sie der Hauch
1081 2611 3450 2758 täglichen Gedenkens frisch erhalten. Nun träum ich
1071 2731 3527 2936 das ganze Erleints von der Sekunde seines Beginnens
1068 2914 3328 3058 wieder vor mich hin, bis zu jenem letzten Abend,
1068 3049 3266 3193 der so merkwürdig endete. Es tst mir, als sähe
1074 3214 3419 3370 Ich auch die ganze glutrote Beleuchtung wieder un
1068 3331 3364 3542 ter der die Stadt stand. Es muss wohl elf Uhr ge
1068 3530 3370 3689 wesen se in, als wir aus dem Haustor traten. Die
