3512 4104
776 610 3205 879 mmen gesagt hätte: lieber Freund, ich will Ihnen nur
751 831 3118 1054 dieu sagen, ich reise ab, bleiben Sie mir gewogen.
706 990 3173 1205 Ist es nicht so? Warum ich mir eine solche Mühe geben
661 1169 3122 1342 muss Ihnen das ausetnander zu setzten! Sie können es
658 1288 3224 1498 heute gar nicht fassen, dass ich Sie nicht liebe, nach
674 1482 3221 1652 dem Sie vor einigen Tagen noch nicht an Liebe geglaubt
665 1645 1032 1818 haben."
690 1776 3221 1968 "Nun also, Sienhaben grossartig gespielt! Sind Sie nun
2703 1879 3141 2090 tout, wie
661 1955 1205 2125 zufrieden?“
2543 1914 2671 2131 G.H.F.P.
1074 2019 1185 2131 G.F.P.
681 2067 3205 2281 "Noch nicht ganz, ich muss noch eines von Ihnen hören,
674 2240 3157 2454 dass Sie sich nicht verletzt fühlen."
684 2387 2006 2607 „Sie verlangen nicht wenig.“
674 2537 3243 2738 „Sie müssen mich verstehen, wenn Sie ein Künstler sind.
661 2735 3118 2885 Ich bin nun einmal nicht wie andre. Sie ahnen nicht,
655 2837 3176 3080 wie es mich manchmal selbst schaudert so einsam durch
661 2978 3211 3217 eine ganz fremde Welt zu gehen x Was hab ich schon al-
655 3163 3173 3364 les gesehen, was hat man mir schon erzählt! Dass alle
661 3300 3217 3540 diese Freuden und Schmerzen existieren, welche das We
661 3451 3173 3716 sen der Liebe ausmachen, muss ich wohl glauben. — Ich
