3512 4120
1360 767 2124 968 Komödiantinnen.
2248 955 2349 1074 G.F.P.
1555 937 1902 1150 Helene.
2108 1366 2300 1543 von
2334 1482 3204 1698 Arthur Schnitzler.
2723 1649 3313 1853 Oktober 1893
2370 1679 2461 1880 G.C.P.
1646 1652 2352 1868 e ee ete r oe r o
2105 1835 2261 1999 G.H.P.
913 2145 3249 2373 Er ging in seinem Zimmer auf und ab., in dem klei
937 2294 3277 2495 nen Zimmer mit einem Fenster, durch das nicht viel
928 2446 3292 2635 Licht hereinkonnte, weil die dunkelgrünen Vorhänge
931 2604 3341 2826 zu beiden Seiten herunter wallten. Und nun war die
940 2738 3386 2936 Dämmerung da;.das Zimmer lag fast im Dunkel, nur der
937 2903 3332 3106 gelbliche Platokopf auf dem Opfen glänzte einwenig,
940 3064 3201 3265 und die weissen Wachsherzen, die auf dem Klavier
961 3225 3152 3438 standen. Er dachte darüber nach, ob er alle die
940 3350 3304 3590 Empfindungen, die jetzt in ihm waren einfach Glück
