3512 4136
2766 573 3049 807 Ausge-
2470 647 2697 817 un de
1845 521 2427 849 Sie noch nie
1070 674 1578 833 Und so weit
2837 774 3124 898 warumz
2339 791 2736 996 frage nur
2147 791 2294 999 Ion
1777 813 2108 1025 kommen?
852 823 1480 1025 Itung ihrer Re¬
2190 911 3088 1149 gerade einen Menschen
937 996 1184 1184 sagte
1845 1103 2980 1305 einen, der nur sehr schwer
1503 1132 1685 1321 dazu
735 1142 1275 1354 Sie brauchte
700 1194 3205 1458 üerzeugen ist, und den ich dann auch wirklich in Buhe
726 1412 3342 1604 fragen durfte wie er mit meiner Leistung zufrieden war."
713 1565 3153 1770 Vielleicht irren Sie sich. Vielleichst haben Sie aber
722 1728 3120 1929 nur deshalb besser „gespielt und weiter gespielt als
735 1871 3224 2099 sonst, weil sich zu dem, was Sie erfanden etwas Ech —
742 2053 2717 2274 tes beigesellte, ohne dass Sie es ahnten."
748 2069 3270 2453 "Nichts!...Nichts... Nichts!... Seten Sie doch nicht so
739 2408 1087 2587 eitel.“
745 2382 3329 2740 "Nun, dann, meine Liebe,bedauere ich nur, dass Sie nicht
748 2658 2831 2902 den Mut hatten-ganz bis zu Ende zu spielen."
745 2704 2993 3046 Helene zuckte unmerklich zusammen. Dann aber 14
761 2958 3260 3179 chelte sie und reichte ihm die Hand. “Ich bin mit met
755 3046 3322 3371 nem kleinen Trtumphe ganz zufrieden und nun lassen Sie
752 3280 3195 3547 mich gehen. Auf Wiedersehen will ich Ihnen nicht sa
781 3433 3286 3686 gen, denn Ihre Sympathte für mich ist nun wohl vorbet.
