3656 4152
1003 661 3153 861 Nacht war halt, Fritzt schmiegte sich an mich
1012 824 3372 1012 friemd und zärtlich. Kaum waren wir aus der engen
1003 997 3329 1169 Gassen, in der ich wohnte in die Währingerstrasse
1006 1132 3402 1332 gekommen, so merkten wir, dass etwas ungewöhnliches
1000 1320 3175 1477 vorgehen müsse. Es waren mehr Menschen auf der
997 1458 3270 1630 Strasse als gewöhnlich, die rasch immer in einer
991 1600 3464 1778 Richtung gegen den Ring sich bewegten. Und nun sahen
994 1763 3332 1953 wir den blutroten Schein m Himmel. Die Leute rie
1012 1904 3289 2070 fen: es brennt, es biennt! "Komm schnell," sagte
1000 2064 3368 2270 Fritzi. Und wieder rannten Leute an uns vorbei und
1849 2206 2006 2310 King
1012 2258 3368 2433 sie schrten: das Durchtheater brennt. "Wie," fragte
1003 2372 3175 2559 Fritzi. Und wieder andre rannten an uns vorbei
1803 2526 1960 2621 kind
1000 2547 3138 2732 und sagten: Das nun###theater brennt! Plötzlich
997 2655 3319 2913 schrie Fritzt auf wie eine Wahnsinnige. Sie liess
997 2827 3365 3018 meinen Arm los und blieb einen Moment stehen, dann
994 3002 3359 3178 Schaute sie zum Himmel auf, der immer dunkelroter
997 3147 3215 3332 wurde. Sie fuhr zusammen, xxxxx als würde ihr
1000 3304 3387 3559 etwas entsetzliches klar und dann stürzte sie fort,
997 3519 3285 3655 ohne sich nur nach mir umsumenden. Ich versuchte
