3400 4120
790 560 2988 778 Und dabei in dem leisen "morgen," das von ihren
775 748 2943 975 Lippen gehaucht kam, wie sie schon in der Türe
760 905 3100 1084 stond, war doch so viel ängstliche Abwehr gewesen
778 1035 3091 1229 und ein so willenlæs Versprechen. Dass sie heute
772 1163 3006 1417 kommen würde wusste er. Es lag keine lange Zeit
787 1359 2955 1547 vor ihnen, in wenigen Tagen musste sie ja weg
775 1505 3097 1701 nach Deutschland an ein kleines Hoftheater,wo ste
796 1641 3109 1874 ihre künstlerische Laufbahn beginnen sollte. Und
790 1820 3188 2013 er suchte in seinem Innern nach dem tiefen Schmerz,
802 1941 3236 2174 den das eigentlich in ihm hätte erregen müssen, aber
793 2156 3146 2346 er fand keinen. Vielleicht war das eben das schö-
784 2280 3028 2480 ne, dass die ganze Geschichte sich nicht so ins
799 2431 2967 2616 Ferne und Angstvolle verlor, sondern: dass das
2955 2470 3076 2628 An
802 2613 3034 2764 Ende klar und bestimmt vor ihm lag. Dass sie so
802 2737 3161 2928 lange warten liess, war ihm fast angenehm, sie muss
808 2882 3043 3133 te kommen, wenn es ganz dunkel geworden var und
814 3043 2955 3233 die Kerzen dort am Klavier brannten. Er XXXX
814 3179 3191 3430 zündete sie an, er liess die Rouleaux herunter und
830 3333 2985 3557 entfernte auch die stählerne Katte, durch wel
836 3521 3037 3730 che die grünen Vorhänge zusammengehalten waren.
