3544 4216
3236 408 3366 529 17
820 522 3309 754 Leben Sie wohl. " Sie nahm Hut und Schleter vom Kla -
836 833 1070 921 vier.
849 845 3141 1045 "Und nun bedenken Sée xxxh nur," setzte sie fort,
839 1016 3340 1298 während sie die Nadel durch den Hut steckte, „wenn Sie
836 1168 3334 1365 mich nun liebten! Wenn wir von einander Abschied neh
839 1330 3306 1561 men müsstn auf immer vielleicht, wenn Sie ein angebe
858 1507 3347 1678 tetes Wesen in die Fremde ziehen liessen, für das Sie
855 1646 3347 1890 zittern müssten! So scheiden wir lächelnd und das ist
864 1849 2340 2068 doch eigentlich viel schöner. "
864 1884 3287 2197 "Wenn Sie es wünschen, Helene, so will ich lächeln.'
861 2115 3372 2381 Sie reichte ihm nochmals die Hand. "Wenn Sie es jetzt
868 2296 3410 2467 nicht tun, so wird es in ein paar Stunden, oder Morgen
890 2422 3375 2641 geschehen. Dass Sie mich verstehen werden, sobald Ihr
887 2584 3204 2774 erster Zorn dahin ist, daran kann ich nichts zwei
890 2717 3385 2938 feln. Die Liebe soll ja sehr eigensinnig sein und rück
902 2875 3382 3093 sichtslos. Warum sollte Sies Wunder nehmen, dass auch
899 3043 3315 3293 die Kunst in dieser närrischen Weise geliebt werden
899 3188 3258 3391 kann, von einer, die andre Liebe nicht kennt. Nicht
906 3340 2403 3587 wahr? Und nun..leben, Sie wohl."
