3368 4104
650 537 3060 846 auf und ab gegangen sind, hab ich nicht gewusst. Ich
631 811 3073 1010 hätte auch denhen können, dass Ihre Zweifel schon bei
644 968 2995 1158 gannen, nachdem ich Sie verlassen. Das quälte mich
640 1081 3024 1274 sehr. Vielleicht hätten Sie mich mit misstrauischen
627 1245 3208 1458 Fragen, verzagt mit Zweifeln an meiner Liebe empfangen.
634 1406 3166 1564 "Und was wäre in diesem Fall geschehen, Sie hätten ver¬
634 1544 3066 1699 sucht mich zu beruhigen. Ihre Rolle womöglich weiter
2571 1673 2748 1792 G.H.F.P.
644 1708 1126 1885 gesptelt?“
666 1766 3053 2037 "Ach nein, ich hätte mich eben mit einem Achtungser
644 2024 3041 2185 folge begünigen müssen. Und dann, es wäre keine Zeit
624 2133 2979 2339 mehr dazu gewesen, denn ich reise schon morgen ab.
663 2346 1033 2497 "Anr"
2526 2342 2902 2548 ne aesant
666 2439 3243 2738 Ja, ein Telegramm des Direktors beruft mich früher hin.
634 2622 1506 2815 als ich erwartete.
2867 2719 2995 2851 G.C.F.P.
2156 2722 2571 2860 gekönnen
1921 2722 2005 2851 G.C.P.
653 2819 3205 3031 "Also morgen.... es ist eigentlich erfreulich für mich,
656 2950 759 3034 G. A.
640 2999 3044 3198 dass Ihnen die Möglichkeit genommen wurde weiter zu
634 3179 1052 3285 spielen.“
660 3253 2140 3494 "Ich hätte es keineswegs getan.“
650 3414 3044 3588 „Wer weiss. Das eine darf ich Sie wohl fragen: wann
