3656 4296
2993 399 3118 544 11
1006 547 3222 750 ich ins Ringtheater gehen wollte, wie ich ja zu
988 675 3353 892 jener Zeit als blutige Anfängerin fast jeden Abend
1003 878 3359 1059 ins Theater ging. Es war schon damals meine Leiden
1000 1035 1377 1208 schaft.
988 1133 3222 1357 Bei dieser Stelle ihres Berichtes wurde ich ver
997 1366 2835 1508 legen. Wir sind doch besser, wir Männer!
994 1452 3299 1624 Fritzi erzählte weiter. „Ich ging, ich lief, nein,
1006 1615 3222 1806 ich stürzte nach Hause. Und nun denken Sie! Als
1006 1764 3392 1958 ich nach Hause kam,war es bereits elf Uhr, mehr als
1012 1928 3222 2097 dret Stunden war ich vor dem Theater gestanden,
1009 2080 3323 2249 ohne nur ein Beuusstsein davon zu haben, dass die
1000 2240 3383 2413 Zeit verging. So stelle ich mir eigentlich den Wahn
1006 2407 3281 2558 sinn vor. Das Wiedersehen mit meiner Mutter kann
1006 2511 3359 2725 Ich Ihnen kaum schildern. Ich weiss nur eines, der
1006 2695 3287 2907 Augenblick, da wir uns wieder in den Armen lagen
1006 2835 3225 3034 wird mir unvergeselich bleiben, unvergesslich!"
1000 2969 3278 3198 Man war gerührt als Fritzt geendet hatte. Einige
1003 3162 3302 3329 Herren standen auf, traten mit den gefüllten Glä
1020 3305 3394 3499 sern auf sie zu und stiessen mit ihr an. Jetzt tra¬
1014 3442 3341 3662 fen sich unsere Blicke. Einen Moment lang starrte
