3688 4312
3264 583 3353 722 9
1754 687 3392 901 sagte sie, als wärem diese Flammen
1133 702 1715 886 “Mir war es,
1112 901 3490 1055 nichts Feindseltges, nichts was mich bedrohte. Ich
1124 1037 3350 1189 starrte hinein mit Interesse, vielleicht mit Be
1118 1192 3436 1338 geisterung, gewiss nicht mit Furcht. Da plötzlich
1118 1326 3380 1474 fühlte ich mich gestossen, nän, nicht gestossan,
1127 1439 3368 1632 gehoben und um mich herum war ein schauerlicher,
1118 1632 3508 1772 ungeheurer Lärm, als stürzte alles zusammen; und e
1118 1810 3392 1986 heulte wie ein Sturm durch den Raum, und vor die
1112 1980 3445 2105 rote Glut legte sich grauer, dunkler Rauch. Plötz
1115 2128 3496 2283 lich kam ein gewaltiger Ruch nach einer bestimmten
1106 2223 3439 2390 Richtung. Mit einmal war es dunkel und ich konnte
1106 2426 3350 2547 mich nicht rühren. Um mich herum wurde geflücht
1118 2527 3398 2744 und gejammert. Ja, auch ich schrie mit einemale
1124 2678 3356 2863 auf, ich weiss, dass ich ein paar Sekunden lang
1124 2839 3487 3023 scheine und dabei kaum begriff warum. Und plötzlich
1133 3014 3264 3181 spürte ich an meinem Halse Nägel, Krallen. Ir
1121 3175 3496 3329 gendwerk klammerte sich an mich. Es wurde an meinem
1112 3305 3383 3519 Halskragen gerissen, meine Taille wurde mir ein
1118 3484 2241 3662 fach vom Letbe gezerrt.
