3672 4248
963 585 3283 840 und wieder gesprochen. Sie stand im Gespräche mit
1621 789 1807 888 vor
972 822 3271 1002 zwei Herren nahen dem grossen Wandspiegel des Sa
966 960 3238 1170 lons, als ich eintrat. Sie erkannte mich gleich,
969 1113 3298 1312 als ich sie begrüsste und streckte mir freundlich
981 1273 3391 1465 und harmlos die Hand entgegen. Nur in ihrem Lächeln
978 1414 3253 1576 lag es wie eine Erinnerung, "Wir haben uns lange
990 1555 3256 1771 nicht gesehen," meinte sie. Ich hatte das Gefühl
981 1723 3391 1903 meiner Wichtigkeit sofort verloren, aber ich fühlte
981 1903 3130 2050 mich ganz wohl dabet. Ich forderte Fritzt auf
993 2044 3364 2215 beim Spuper meine Nachbarin zu sein. "Schade, dass
993 2215 3220 2380 Sie nicht früher gekommen sind," erwiderte sie,
1020 2317 3328 2500 "man hat sich so um mich gerissen, dass ich Ihnen
993 2497 3367 2689 höchstens schief wis a uis sitzen kann. Metne rech
1008 2662 3370 2824 te Seite, meine linke Seite und sogar mein gerades
1008 2836 2941 3004 uis uis habe ich schon vergeben. "
1005 2926 3409 3157 So kam es also, dass ich ihr schief bis à vis sass.
1002 3067 3250 3310 Um zu ihr hinüber zu schauen mussten sich meine
1002 3259 3340 3436 Augen um einen grossen Aufsatz mit Trauben, Nüssen
1017 3412 3259 3583 und Pfirsichen so zu sagen herumschlängeln. Ich
