3320 3592
809 462 2648 669 eigentlich ist lise Zack die sinzige. Und
811 605 2336 777 gerade die eine verheiratete Frau.
821 701 2783 956 Freuenhof soll ja der einzige sein, de Falent
819 863 2474 1084 hat, die andera alle haben nur Millen.
814 1138 1861 1330 Versammlung des S. Akte.
824 1229 2651 1470 Auch ein christlich-sorialer beweinderet.
829 1367 2737 1583 durch frau fletterers Verwendung. Nat keine
836 1505 2592 1736 Ahnung, ner Freuenhof ist hält eine Rede.
829 1635 2771 1888 Mion rolss, was es soinen söhnenschaldte ist.
848 1881 2825 2110 Trouenhof. Pur Killi lase loh nich in sfoden-
856 2073 1534 2225 den Oel braten.
863 2176 1972 2353 (danit beruhigt er Zackl.
861 2410 1492 2638 2ack und 1180.
848 2594 1453 2746 lles: Egrann.
863 2651 2840 2874 Zack: kenn ich dich znänge. Aber ich lasse die
865 2825 1433 2982 se dte Rahl.
873 2958 2117 3150 sio slcht es ein, verspricht.
