3352 3576
2905 352 3044 475 190
1149 634 1966 779 Herr Zack, Neuenhof.
1154 759 2915 924 Zack: Ich leide. Was soll ich tund Ich leide
1151 912 1518 1029 ein Tier.
1129 982 2957 1161 Neuenhof: Was heisst das, Sie leident Jö mehr
1111 1146 3007 1294 sie leiden umso schöner werden ihre Feräcke ver-
1131 1266 1329 1414 aon.
1139 1376 2960 1548 Sie haben kein Recht sie zu halten, kein Recht
1136 1521 2298 1658 ihrem Gliek im Wege zu stehn.
1129 1601 2957 1786 Zack: Wer weiss und wenn Wilhelm litte, viel-
1131 1756 2552 1921 leicht würde er schöne Bildr malen.
1124 1883 2910 2043 Neuenhof: Er braucht das Glück, sie brauchen
1121 2023 1623 2153 den Schmerz.
2348 2070 3029 2243 zollen die nicht auch de
1121 2133 2198 2270 Zack: Und ich soll allein?
2340 2188 3119 2310 eingekehrt tagen könnenu
1109 2275 3112 2403 Neuenhof: Dieser Tage soll eine Versammlung sein;
1106 2380 3017 2542 da soll über eine Hilfsaktion beraten werden für
1111 2522 2348 2702 mich, da müssen sie dabei sein.
