3336 3576
1162 677 2911 910 mi lhelm konnt. er muss mit Neuenhof sprechen
1140 842 2981 1025 Er ist etwa neunzehn Jahre, hat schön allerlei
1166 974 3048 1171 vorsucht. Ist: jetzt Maler. Sonlesst grosse Frei-
1145 1118 1366 1246 heit.
1142 1234 2549 1378 Neuenhof erkundigt sich nach Marie.
1128 1375 2868 1541 Märie war Gouvernante bei Wilhelme Schwester
1130 1498 2604 1670 Sie lebt jetzt mit ihrem Kind allein.
1116 1598 2978 1810 Wi lhelms Schwester verkehrt mit ihr. wie früher,
1126 1726 3026 1930 hauptsächlich auf Anlass von Wilhelms kluger und
1121 1841 2150 2004 sehr freidenkender Mutter.
1106 1970 2930 2153 Neunenhof: Ich habe deine Mutter geliebt, aber
1111 2098 2976 2294 es war klug von ihrm dass sie mich nicht gehei-
1102 2239 2894 2393 rätst hat. Deine Mutter ist das edelste Wesen
1092 2347 3024 2539 das es gibt. Dein Vater ist ein braver Mann, aber
1080 2482 2786 2671 im tiefern Sinn gehörst du eher mir als ihm
1070 2575 2194 2758 Du bist sozusagen mein Sohn.
1068 2726 2940 2947 so wie du hätt ich werden können, stakk, schön,
1063 2856 1272 2971 Juns.
