3336 3576
2780 315 2922 462 16.
1557 569 2057 711 Dritter Akt.
1178 832 3031 1052 Eine Art fest hel Zacks. Sehr farbig. Die herrn
1178 1003 2327 1142 erschienen in hunten Fräcken.
1166 1121 2991 1285 Herr Zack dem Drängen Neuenhofs nachgebend hat
1176 1242 2749 1394 auch kleinerts Geliebte, Albine geladen.
1164 1386 2955 1533 Es ist die Persen, um die sich Kleinert durch
1168 1507 3017 1676 den von Neuenhof diktirten Brief, verliebt hat.
1152 1633 2560 1768 Albine hat dieses Leben aufgegehen.
1159 1735 2626 1879 Eine Art Probed für den grossen Ball.
1159 1879 2832 2024 Der Klavierspieler ein verbummeltes Gehie.
1157 2026 2244 2173 Er macht rau Zack den Hof.
1164 2097 3048 2266 Frau Zack, Kleinert, Alhine, eine Prohismamsell,
1157 2244 3015 2398 Frau Zack lässt sich von Albine aus ihrem früh-
1194 2406 1955 2524 eren Lehen erzälen.
1154 2493 2197 2659 Frau Flatterer kommt Rapp.
1157 2619 3062 2778 Rapp hat in einer zeitung ihre Gedichte verissen
1154 2766 3029 2891 unglückseligerweise erscheint die rritik gerade
1154 2853 3010 3024 an Morgen, nachdem sie seine Geliebte geworden.
