3400 3496
2789 460 3022 635 3028
1676 593 3065 738 Weisst Du, was ich erlebt habe. Ich
1676 716 2920 888 bin einmal in der Nacht auf dem
1725 807 3075 995 Fenstertrett gesessen, ud ein Weit
1725 908 3009 1109 das ich geliebt habe ist im Rett
1728 1035 2739 1184 gelegen, mit einem andern
1769 1143 3196 1284 Und weisst Du wie das angefagen hat.
1742 1271 3061 1431 Ein junges Mädel war das, das ich
1709 1381 2992 1557 selbst verführt hab. So geht es
1738 1501 3071 1688 inner tiefer. Keiner weiss wohin
1765 1591 3017 1783 er sinken kann. Wern man einmal
1810 1757 2626 1891 anfängt zu gleiten.
1535 1875 2370 2047 Millv? Meine Mutter1
1524 1968 3082 2140 pr: Deine mutter ist. eine peilige. Aber
1767 2049 3132 2250 was wissen wir, woher so eine Heil
1848 2165 3040 2346 iekeit kommt. Flutigers viel-
1781 2368 2095 2486 leitht.
1551 2474 2679 2650 Viellicht kont jelst Eheefels
1487 2578 2725 2810 Geldnrtlih.  Er hal Frau in Reite¬
