3336 3560
1039 601 1928 760 Anastasius. im Kiosk.
1010 693 2943 926 Seit zwanzig Jahren totkrank. Mar z mal dem Sehst
1004 889 1380 1058 word nah.
1055 1018 1807 1198 sohn Sie aufs land.
1036 1101 3104 1316 Eine Strapaze für mich aufzustehen, mich zu maschen,
1004 1267 1971 1407 mir die Zähne zu putzen.
1007 1388 2954 1549 Ich bekomme Briefe von Verehrerinnen, was hab ich
1034 1496 2986 1678 daron, wenn mir lieuer eine fünf Gulden schickts.
1007 1622 3160 1815 Eine Dens aus Oxfork hat mir ein rotes silst sschicht.
1053 1772 2054 1944 erin eine zehn Pfunnots?
1055 1880 3077 2097 dass ich die reigheit habe in diesem Zustand weiter
1053 2030 2524 2202 zu szistieren, daran gch ich zyrunde.
1055 2129 2846 2331 In die Oper geh ich, wenn mir eind Dauen einen
1055 2347 1823 2484 Parquettsitz zahlt.
