3320 3608
2630 238 2777 366 29.
1074 472 2936 682 Frau kodect kommt. Sie muss Neuenhof sprechen.
1079 597 2888 768 Er war der Letzte der bei Milhelm gewegen ist,
1074 730 2941 939 bovor or sich vom Atelierfenster auf die Strae-
1077 858 1729 1019 eo gostuert hat.
1079 942 2922 1151 das Rretarren Weuenhols ernockt in ihr den Ver-
1074 1113 2960 1334 dacht, dass oran dem Solbstword mitschuldig sein
1082 1241 1387 1399 könnte.
1036 1310 2315 1513 Houenhol vortät sich inner mehr
1074 1489 2789 1652 Erbitterung der Frau Rodeck: Sie wiegen wie
1089 1636 2823 1804 schwach er war, was hätt es sie gekostet ein
1094 1780 2903 1937 vernünftiges Nort einmal zu reden, statt eines
1115 1862 3009 2033 tbrichten. Schrätzer! Schnätzer sind Verbrecher,
1089 1966 3023 2163 uir hahen sa nichts als die Korte; seid ihr leich
1084 2103 2931 2293 fortig mit Worten, so seid ihre auch mit paten,
1086 2240 2789 2409 umermehr da alle eure Paten nur Worte sind.
1079 2344 2794 2534 Neuenhof: Er ist schuld, warum hat er mich
1125 2500 1734 2647 ernst genommen.
1086 2587 2785 2799 Frau Rodeck: Mir nicht mehr vor die Augenl
1520 2744 1872 2934 sio goht.
