3336 3592
2679 482 2814 614 23.
1503 744 2010 907 Herter at.
1096 988 2691 1174 arelier Milhelns. Frau zack und Hilheln.
1094 1143 2374 1283 Sie ist seine geliebte geworden.
1099 1266 2887 1429 sie hat ihm geschworen, dass zinschen ihr und
1084 1377 2105 1521 ihrem Marn alles aus, ist.
1084 1500 2466 1666 Er beschwört sie mit ihm zu fliehn.
1087 1616 2986 1807 Er lässt alles hier, Mutter, Vater, die einfige
1073 1760 1481 1899 geliebte.
1077 1871 2308 2041 Ein Fluchtplan wird verabredet.
1077 2010 1637 2192 Er glaubt ihr.
