3336 3576
2888 431 3038 537 18.
1151 622 2353 888 Frau Zack, der Klavierspieler.
1154 866 3062 1026 Der Klavierspieler erz채lt sondehnre Geschichten.
1142 960 3091 1154 Der Klavierspieler: Ich habe auf einem Ball auf-
1151 1103 2961 1301 gespielt, gn채dige prau, da hatten sid alle nur
1127 1183 3023 1398 Masken und dann fielen auch die jjasken und seit-
1127 1359 3011 1541 dem seh ich euch immer so. Wohin ich auch komme,
1130 1475 3043 1652 auf allen ouren B채llen, immer sch ich euch nackt.
1117 1611 2462 1775 Frau Zack: schaudernd und l체stern
1122 1737 2844 1911 Velleichit dann erst die Soene Wilhelm, Frau
1086 1860 1328 2005 Zack.
