3320 3544
2875 308 3032 470 15.
1139 682 1823 852 Vater unglmutter.
1155 835 2851 967 Vater: Dir gegenüber hat er sich wol ausgesr
1139 953 2331 1096 chen? Was hast du ihm geraten?
1134 1068 2908 1190 Mutter: Ich habe ihn vor jeder Lüge gewarnt.
1134 1186 3021 1348 Vater: Auf die Gefahr hin, dass du mich für ge-
1080 1317 2950 1470 mein hältst, du hattest Unrecht. Gegenüber ver-
1127 1435 2917 1579 logenen Menschen wahr sein, ist schlimmer als
1122 1555 2872 1703 Lüge, es ist Dumnheit. Es ist nicht richtig,
1124 1682 2912 1837 dass man alles ernst nehmen soll und dass das
1122 1821 2931 1969 Gesetz aller menschlichen Beziehungen Mahrheit
1122 1943 2943 2087 ist. Es gibt nur eins, Menschen kennen und sie
1117 2080 2974 2221 darnach behandeln, wie sie sind. Man darf nicht
1110 2207 2557 2371 Frösche aus dem Sumpf retten wollen.
