3336 3576
872 608 1187 777 Iv. Aut.
872 732 1364 899 Im Hause L.
827 870 2948 1084 R. als Ratgeber, zu Wilhelm: Töten Sie sich. Wenn ich.
917 1015 2834 1206 das gstan hätte, wie ich nach gesund war,- jetzt-
883 1169 2401 1327 hin ich zu kränk, um mich unzubringen.
865 1272 2707 1496 (Er todtet sich wohl anh. aus der dimgher Entlensch
865 1433 1763 1597 heraaus, dass sie so ist:
944 1533 3009 1753 dieschwesterin Sie hat einen Eteleor der Hruverianle
928 1652 1917 1811 (will sie nicht beluchen.)
949 1919 1914 2173 2., 3., 1. Aktl in einem?
