3336 3560
2722 467 2882 593 L0.
1168 698 2960 873 Der Vater kommt. Mild nicht ohne Fronie, aber
1175 856 2921 1013 auch nicht ganz ohne eine Spur Philistertum.
1180 966 3034 1126 Vater: Was ists mit Wilhelmt Ich höre, dass er
1170 1072 2997 1266 viel bei Zacks verkehrt. (Ir is nuu für, ir.hulle:
1168 1237 2250 1394 Frau R.: Er malt sie jetzt.
1170 1335 3078 1520 Vator: Er sollte mehr arbeiten. Im danzen finde
1163 1473 2884 1652 ich diese Menschen machen sich das Leben zu
1156 1608 1460 1729 lsicht.
1156 1692 2973 1866 Voher Neuenhof, erst seit drei vier Jähren ver-
1153 1842 2997 1977 kehrt er in dem Haus, man hat sich vielleicht.
1124 1952 3103 2122 bei Gelegenheit einer social- politischen Versamm-
1161 2115 2033 2240 lung zusammengefunden.
1141 2341 3071 2508 Neuenhof selhst kommt, hat Wilhelm vergeblich im
1148 2493 1763 2638 Ateller geutht.
