3352 3544
2804 354 3126 511 Sept. 204
927 450 1981 599 Marie L., trogische Figur.
924 564 3059 823 Sie ist Frauenrechtlerin, vargeschritten, klüe, rütig.
881 711 2961 969 Sin hat R. als junges Wesen geliebt; damals war nach
919 847 1755 1025 viel Gutes in ihm.r.
905 993 3006 1235 Sie hat einen braven Mann gaheiratet, dar zu ihr auf-
903 1121 2705 1294 schaut, nicht ganz mit ihr einverstanden ist.
895 1249 3027 1435 Si« hat ihn sezusagen aus throrstischen Gründengehet
913 1400 2958 1560 rätrt, wallte nicht durch Leidenschaft gestört sein.
908 1528 2990 1699 -Alle ihre Angehörigen sollen sich in Freiheit ent-
905 1648 2133 1816 wickeln, insbesondere ihr Schn.
884 1781 3014 2010 Dieser, Wilhelm, hat ein Verhältnis mit der Geuvernan
879 1944 2990 2085 te seiner Schwester. Marie L. lässt ihre Techter wei-
860 2029 2963 2191 ter mit ihr verkahren, aber sie selbst ist dafü, dass
847 2178 2883 2404 Wilhelm sie nicht heiratet, denn sie weiss, dass er
879 2335 1760 2476 sie nicht genug liebt.
1057 2444 1254 2513 lehnt.
881 2431 3019 2631 Hlgr AUar sich dar Vater L. zum erstan Male auf, mild.
873 2575 2937 2761 -Durch k., der im Hause varkehrt, lernt Wilhelm die
887 2724 2662 2876 Frau das Kulturschneiders Zack kannen. Ernst.
884 2857 2939 3003 Frau Zack ist ein hühsches, pupperhaftes, mit mader-
873 3006 2974 3171 nen, unverstandenen Idam vollgapfrepftes Masen, zwi-
919 3126 2953 3339 schep absichtlicher Dämenie und Süssigkeit hin- und
