3384 3496
2848 457 2992 580 239
1688 580 3084 744 zu Grunde. Dass ich nicht krepiert
1815 698 3108 854 bin, das ist meine Schld. Man ge-
1738 808 3047 972 wöhnt sich dran. Man findet sich
1742 954 2425 1090 ab. Man lügt mit.
1734 1048 3082 1206 soll ich Dir mene ganze gemeinheit
1718 1171 3075 1342 enthällenz Ich, nein, irgendnas in
1749 1294 3040 1453 nur ist von Schadenfreude erfällt
1722 1403 2604 1554 dass Du bist, –wie ich.
1701 1583 2018 1692 g: pein.
1534 1631 2909 1799 Tr: Gewiss. Sei ehrlich. wenn sie
1773 1758 3055 1926 nich heute will oder morgen, so ge¬
1815 1893 2648 2040 hörst Du ihr wieder.
1746 1998 2552 2165 so wink auch kommen.
1780 2095 2987 2292 Man sagt sich: aendere ich nun
1788 2210 3055 2399 noch etwas indem ich nicht lüget
1751 2349 2959 2537 Edem ich jetzt stark werden.
1804 2410 3169 2631 Ist das Leben schon so eine Schwei-
1834 2552 3187 2762 neret, so will man doch wenigstene
1777 2637 3263 2893 so viel verendgen haben, als möglich.
