3320 3608
1084 542 2682 722 Neuenhof zuerst allein, dann konnen seit
1180 676 2137 840 de, eventuell Frau Zack.
1127 777 2759 971 Deuenhof- lässt seine Rut an Frau zack aur
1101 919 3001 1137 Sohn sie nach Haue, sie werden eine Veferrasch-
1163 1065 1674 1240 ung erleben.
1142 1175 3073 1374 sie erschrickt. Endlich erfährt, sie die Fahrheit.
1139 1329 1991 1473 Das Ganze endet wist.
1151 1420 3001 1602 vielleicht das sich Neuenhof mit Frau Mlatterer
1142 1578 2147 1758 oder mit Albine entfernt.
