3336 3544
1380 629 1898 768 Zweiter Akt.
1232 853 1725 1008 Bei Rodecks.
1232 960 2668 1145 Frau Rodock und Anna, ihre Tochter.
1230 1106 3059 1288 Anna: Gestern war ich bei Marie, das Kind hab
1210 1249 2542 1383 Ich gern. Sie nicht mehr so sehr.
1222 1349 3106 1507 Frau Rodeck: Du bist hart. Wäre sie seine Frau
1213 1475 2233 1640 so würdest du sie lieben.
1210 1597 2610 1759 Anna: Warum heiratet er sie nicht?
1213 1730 3011 1908 Frau k.: Jetzt, ohne sie ernähren zu können,
1213 1854 3166 2034 auch ist er zu jung, wer weiss ob er sie fa lange
1213 1968 1713 2143 Ueben wird.
1200 2109 3045 2279 Anna: Was ihr tätet menn mich einer zu freier
1210 2243 2012 2389 Ehe verlangen würde.
1208 2355 3003 2532 Fr. R.: Wenn der richtige Mann käme; aber es
1205 2493 3103 2680 ist wahr, die Menschen sind ihrer Freiheit nicht
1203 2666 1436 2782 nert.
1186 2753 2877 2943 Vobar Neuenhof. Er war eibmal was, schade.
