3336 3576
2722 284 2878 418 21.
1145 693 1914 872 Frau Zack, Wilhelm.
1145 815 2933 1004 Wi lholm: Aiso bist du entschlossen; sehn wir
1142 961 1836 1130 mitetnanden. fort2
1157 1028 2980 1245 Frau Zack: Ich kann nicht. Er gibt mich nicht
1171 1164 2968 1386 frei., wenn ich ihn verlasse, so will er mich.
1166 1346 1446 1465 töten.
1169 1432 2980 1630 Wi lhelm: Und weiss doch, dass du mich liebst.
1176 1565 2297 1733 Was für ein Mensch! Leh wol!
1181 1683 2373 1855 Frau Zack: Was willst du tund
1183 1812 2428 1960 Wi lhelm: Ich weiss noch nicht.
1183 1924 3102 2098 Frau Zack: Da er es nicht anders will (sie wird
1183 2089 1628 2237 deutlicher)
1185 2187 2423 2345 Miinelm: Dich teilen mit ihme
1226 2328 2036 2486 Er scheidet im Ekel.
1814 2390 2490 2555 Nein, nicht theilen e
1874 2531 2101 2634 Rüts.
