3336 3608
2661 449 2829 603 26.
1016 778 1796 960 mitheln, Neuenhof.
1016 917 2845 1090 Neuenhof will Milhelm zur Hlfsversammlung ab-
1021 1037 2857 1208 holen, vielleicht trifft er noch Zack bei ihm.
1023 1172 2709 1328 M thelm erzält was er erleht und erfahren.
1025 1299 2932 1465 Mthelm: Das Furchtbarste, ich fühle mich nicht
1023 1424 2790 1590 sicher. sie macht aus mir was sie mill. Mch
1025 1556 2339 1726 ekolt, ich fühle mich beschmutzt.
1004 1676 2934 1847 Neuenhof: Wahrhaftig es ist das Rerte, fort aus
1013 1799 2812 1986 dieser Welt. In Jugend und Schönheit sterben.
1021 1952 2855 2060 wenn man sich auf alles einlässt was einem die
1013 2060 2836 2226 Menschen bereiten, sinkt man inner tiefer. Für
1021 2180 2857 2346 ien sung und gesund, noch heut brächt ich mich
1045 2308 1193 2476 un.
1016 2442 2860 2589 In Hilhelm befestigt sich, ohne dass er es aus-
1021 2550 2418 2709 spricht, die Absicht sich zu töten.
1013 2680 2920 2841 Jedenfalle noch eine Seene nachdem Neuenhof fort
1004 2797 2562 2963 ist. Welleicht mit den Klauzerspieler.
1088 2932 1664 3102 (dr ihr angrngt.
