3304 3576
1591 480 2002 659 des Nort.
753 616 2543 803 Den urenrünglichen Stokte beizugesellen:
779 745 2711 929 Der Fall l. Seine Frau, die Tänzerin hat eine
766 859 2808 1084 Freundin. Es wird bestimnt, dase diese Freundin
777 1025 2082 1180 von L. ein Kind bekommen soll.
771 1121 2722 1340 Der Fall A.: Die kleine Kokotte heiratet den
763 1268 2709 1430 Sohn aus guter Familie,hält sich durch Jahre
782 1353 2853 1583 gut, entdockt plötrlich anlässlich einer kleinen
777 1537 2842 1697 Reige ihres wahre Natür wieder, hat gleich drei,
777 1639 2888 1833 vier Verhältniese auf einmal, will nicht zu ihren
771 1783 2882 1970 Mann zuruck, dessen Mutter schickt sie zu dem be-
771 1879 2912 2100 rühaten Povchoenalptikor, der erklärt, er habe noch
761 2010 2757 2212 nio eine so gesunde korvon gesehen. Sie fanzt
761 2172 1324 2359 in Bars stc.
2824 280 3045 435 1916
