3336 3592
1138 581 1695 704 Neuenhof kommt
1140 652 3043 818 Fr. Fl. entzückt ihn kennen zu lernen, sie inter-
1135 815 1557 946 nont inn.
1138 884 2977 1038 Neuenhof: Ich lehe überhaupt nicht. Sie meinen
1325 1000 3081 1157 Ich habe ein Zimmer, ich habe ein Loch. seit
1330 1121 3036 1289 acht Tagen habe ich nichts zu mir genommen,
1341 1254 2740 1460 als einen Rettig und einen Absinth.
1325 1375 2901 1578 Man sagt zu Zack; bringendie ihre Frau
1330 1519 2936 1711 hierher; wenn Fr. Flatterer da iat, kann
1341 1668 2541 1804 auch ihre Frau hierher kommen.
1467 1761 2756 1929 soll’sie aus dem Teater abholen.
1135 1799 1661 1984 Fr. geht fort.
