<?xml version="1.0" encoding="UTF-8" standalone="yes"?>
<PcGts xmlns="http://schema.primaresearch.org/PAGE/gts/pagecontent/2013-07-15" xmlns:xsi="http://www.w3.org/2001/XMLSchema-instance" xsi:schemaLocation="http://schema.primaresearch.org/PAGE/gts/pagecontent/2013-07-15 http://schema.primaresearch.org/PAGE/gts/pagecontent/2013-07-15/pagecontent.xsd">
    <Metadata>
        <Creator>prov=READ-COOP:name=PyLaia@TranskribusPlatform:version=2.7.0:model_id=50870:lm=none:date=22_01_2024_19:57</Creator>
        <Created>2023-09-27T14:39:34.232+02:00</Created>
        <LastChange>2024-01-22T19:57:55.003+01:00</LastChange>
        <TranskribusMetadata docId="1589057" pageId="60125586" pageNr="62" tsid="145637631" status="IN_PROGRESS" userId="40391" imgUrl="https://files.transkribus.eu/Get?id=EFZZATGDBVICRMYEPSMICVLF&amp;fileType=view" xmlUrl="https://files.transkribus.eu/Get?id=TLXIOXOKMYZYJPJNUPYUDTAL" imageId="48550663"/>
    </Metadata>
    <Page imageFilename="1589057_0062.jpg" imageWidth="3320" imageHeight="3576">
        <ReadingOrder>
            <OrderedGroup id="ro_1711790012925" caption="Regions reading order">
                <RegionRefIndexed index="0" regionRef="tr_1"/>
            </OrderedGroup>
        </ReadingOrder>
        <TextRegion orientation="0.0" id="tr_1" custom="readingOrder {index:0;}">
            <Coords points="910,497 910,3127 2964,3127 2964,497"/>
            <TextLine id="tr_1_tl_1" custom="readingOrder {index:0;}">
                <Coords points="930,641 1080,669 1803,603 1859,646 2043,644 2186,582 2495,585 2888,672 2888,462 2745,511 2495,455 1737,513 1624,442 1428,506 930,478"/>
                <Baseline points="943,561 1040,562 1138,561 1235,565 1333,566 1431,567 1528,564 1626,570 1723,570 1821,572 1919,571 2016,570 2114,570 2211,574 2309,573 2407,575 2504,573 2602,576 2699,579 2797,579 2895,576"/>
                <TextEquiv>
                    <Unicode>Naob der Lektüre von des Nort. (26.4.18901.</Unicode>
                </TextEquiv>
            </TextLine>
            <TextLine id="tr_1_tl_2" custom="readingOrder {index:1;}">
                <Coords points="930,797 1555,807 1609,766 1828,766 2273,868 2873,810 2853,669 2666,710 2314,677 2155,615 1959,649 1678,603 1568,656 930,684"/>
                <Baseline points="943,752 1039,752 1136,756 1233,759 1330,759 1427,763 1524,761 1620,761 1717,762 1814,761 1911,762 2008,762 2105,764 2202,764 2298,762 2395,764 2492,765 2589,766 2686,770 2783,767 2880,755"/>
                <TextEquiv>
                    <Unicode>Vortohung Notrat und Freuenhot landger zu ge¬</Unicode>
                </TextEquiv>
            </TextLine>
            <TextLine id="tr_1_tl_3" custom="readingOrder {index:2;}">
                <Coords points="930,899 1037,914 1136,894 1167,909 1198,889 1262,919 1305,912 1300,776 1203,787 1172,812 1119,792 1096,804 1070,794 1052,812 999,787 927,799"/>
                <Baseline points="943,886 969,884 995,883 1021,883 1047,884 1074,886 1100,886 1126,886 1152,886 1178,886 1205,886 1231,889 1257,892 1283,894 1310,898"/>
                <TextEquiv>
                    <Unicode>stalten.</Unicode>
                </TextEquiv>
            </TextLine>
            <TextLine id="tr_1_tl_4" custom="readingOrder {index:3;}">
                <Coords points="922,1034 1236,1096 1499,1019 2477,1083 2477,871 2390,848 1992,901 1657,878 1445,935 1200,891 922,919"/>
                <Baseline points="937,1017 1014,1014 1091,1014 1168,1017 1246,1014 1323,1016 1400,1014 1477,1011 1555,1014 1632,1014 1709,1017 1786,1014 1864,1016 1941,1017 2018,1014 2095,1020 2173,1017 2250,1020 2327,1023 2404,1024 2482,1028"/>
                <TextEquiv>
                    <Unicode>Rolrat: konn zu mir auss land u.e.</Unicode>
                </TextEquiv>
            </TextLine>
            <TextLine id="tr_1_tl_5" custom="readingOrder {index:4;}">
                <Coords points="922,1159 1075,1203 1361,1157 1479,1193 1517,1162 1949,1167 2017,1208 2160,1182 2143,1057 2030,1101 1739,1055 1619,1098 1397,1057 1180,1096 922,1034"/>
                <Baseline points="937,1143 998,1142 1060,1142 1121,1143 1183,1143 1244,1140 1306,1144 1367,1146 1429,1146 1490,1147 1552,1147 1613,1146 1675,1146 1736,1149 1798,1148 1859,1146 1921,1149 1982,1151 2044,1149 2105,1149 2167,1152"/>
                <TextEquiv>
                    <Unicode>Gemeinsame Bergerinnerungen.</Unicode>
                </TextEquiv>
            </TextLine>
            <TextLine id="tr_1_tl_6" custom="readingOrder {index:5;}">
                <Coords points="919,1300 1034,1328 1162,1277 1353,1318 1553,1277 1714,1320 2074,1285 2219,1297 2347,1369 2446,1333 2755,1361 2755,1198 2615,1216 2482,1162 2288,1152 2002,1233 1760,1159 1609,1195 1369,1154 919,1185"/>
                <Baseline points="934,1268 1025,1274 1116,1271 1208,1274 1299,1277 1390,1274 1482,1276 1573,1276 1664,1277 1756,1279 1847,1276 1938,1279 2030,1275 2121,1279 2212,1280 2304,1277 2395,1278 2486,1277 2578,1279 2669,1280 2761,1280"/>
                <TextEquiv>
                    <Unicode>Freuenhof fühlt sich der Natur nicht mehr</Unicode>
                </TextEquiv>
            </TextLine>
            <TextLine id="tr_1_tl_7" custom="readingOrder {index:6;}">
                <Coords points="924,1435 988,1438 1004,1425 1044,1443 1073,1425 1101,1435 1154,1417 1185,1438 1246,1428 1241,1305 1195,1325 1147,1325 1116,1348 1083,1328 1037,1333 996,1305 919,1300"/>
                <Baseline points="937,1402 963,1400 989,1399 1016,1399 1042,1399 1068,1399 1095,1402 1121,1405 1147,1405 1174,1407 1200,1410 1226,1411 1253,1411"/>
                <TextEquiv>
                    <Unicode>würdig.</Unicode>
                </TextEquiv>
            </TextLine>
            <TextLine id="tr_1_tl_8" custom="readingOrder {index:7;}">
                <Coords points="919,1586 1159,1553 1650,1578 1798,1540 1984,1545 2171,1634 2623,1560 2824,1611 2824,1445 2454,1331 2219,1425 2071,1371 1926,1417 1310,1399 1152,1458 919,1428"/>
                <Baseline points="934,1531 1028,1531 1123,1534 1218,1534 1313,1534 1408,1534 1503,1533 1598,1537 1693,1537 1788,1537 1883,1537 1977,1538 2072,1539 2167,1540 2262,1540 2357,1538 2452,1540 2547,1540 2642,1540 2737,1540 2832,1540"/>
                <TextEquiv>
                    <Unicode>le S. Ut Augetuendersatzung enlochen kolret</Unicode>
                </TextEquiv>
            </TextLine>
            <TextLine id="tr_1_tl_9" custom="readingOrder {index:8;}">
                <Coords points="914,1680 965,1673 1055,1716 1119,1685 1144,1706 1249,1680 1545,1701 1545,1581 1509,1563 1320,1576 1277,1550 1154,1553 1080,1591 1032,1565 965,1594 914,1583"/>
                <Baseline points="928,1662 959,1662 990,1662 1021,1662 1052,1662 1084,1662 1115,1662 1146,1662 1177,1660 1208,1660 1240,1662 1271,1662 1302,1662 1333,1662 1364,1662 1396,1662 1427,1662 1458,1665 1489,1665 1520,1666 1552,1668"/>
                <TextEquiv>
                    <Unicode>und Freuenhof.</Unicode>
                </TextEquiv>
            </TextLine>
            <TextLine id="tr_1_tl_10" custom="readingOrder {index:9;}">
                <Coords points="919,1846 1073,1800 1425,1846 1545,1795 1874,1844 2048,1808 2258,1867 2464,1798 2679,1890 2858,1874 2858,1719 2796,1711 2270,1744 2122,1652 1800,1696 1599,1665 1479,1719 1353,1683 919,1703"/>
                <Baseline points="934,1788 1030,1790 1127,1790 1223,1791 1320,1793 1416,1792 1513,1790 1609,1793 1706,1793 1802,1793 1899,1793 1996,1793 2092,1796 2189,1793 2285,1796 2382,1799 2478,1796 2575,1796 2671,1796 2768,1796 2865,1796"/>
                <TextEquiv>
                    <Unicode>treuenhof: Eo wird sich zeigen, dass ich doch</Unicode>
                </TextEquiv>
            </TextLine>
            <TextLine id="tr_1_tl_11" custom="readingOrder {index:10;}">
                <Coords points="917,1964 1471,1928 2255,1969 2286,1872 2043,1806 1793,1841 1537,1798 1343,1844 1126,1803 1006,1864 914,1841"/>
                <Baseline points="931,1922 999,1921 1067,1922 1135,1922 1203,1919 1271,1921 1339,1922 1407,1922 1475,1922 1543,1923 1611,1923 1679,1923 1747,1923 1815,1925 1883,1923 1951,1925 2019,1922 2087,1924 2155,1922 2223,1925 2292,1934"/>
                <TextEquiv>
                    <Unicode>Recht behalten habe,- vor bott.</Unicode>
                </TextEquiv>
            </TextLine>
            <TextLine id="tr_1_tl_12" custom="readingOrder {index:11;}">
                <Coords points="919,2086 1530,2063 1724,2127 1823,2086 1900,2122 2385,2071 2385,1974 2270,2007 2099,1933 1790,1984 1668,1938 1285,1971 1221,1938 1024,1997 919,1964"/>
                <Baseline points="934,2053 1006,2050 1079,2053 1152,2053 1225,2053 1298,2053 1370,2053 1443,2053 1516,2053 1589,2053 1662,2053 1734,2053 1807,2052 1880,2050 1953,2052 2026,2051 2098,2053 2171,2053 2244,2053 2317,2053 2390,2053"/>
                <TextEquiv>
                    <Unicode>Rotrat: Aber auch vor der Huttert-</Unicode>
                </TextEquiv>
            </TextLine>
            <TextLine id="tr_1_tl_13" custom="readingOrder {index:12;}">
                <Coords points="922,2222 2375,2199 2375,2115 2286,2079 1724,2127 1527,2063 1083,2107 922,2079"/>
                <Baseline points="937,2182 1009,2179 1081,2182 1153,2181 1226,2182 1298,2184 1370,2185 1442,2182 1515,2184 1587,2183 1659,2182 1731,2182 1804,2182 1876,2184 1948,2184 2020,2182 2093,2183 2165,2182 2237,2182 2309,2182 2382,2179"/>
                <TextEquiv>
                    <Unicode>Treuenhof: Ist das etwas Aöheres?</Unicode>
                </TextEquiv>
            </TextLine>
            <TextLine id="tr_1_tl_14" custom="readingOrder {index:13;}">
                <Coords points="909,2332 2311,2372 2467,2319 2625,2390 2957,2344 2957,2219 2873,2199 2755,2245 2582,2201 2459,2260 2268,2206 2015,2237 1744,2186 1558,2237 1387,2189 1149,2235 909,2206"/>
                <Baseline points="922,2307 1024,2307 1126,2309 1228,2313 1330,2310 1432,2312 1534,2308 1636,2313 1738,2313 1840,2310 1943,2312 2045,2313 2147,2311 2249,2314 2351,2313 2453,2310 2555,2315 2657,2314 2759,2313 2861,2311 2964,2307"/>
                <TextEquiv>
                    <Unicode>Notrat: sicherer Jodenfelle. Und sio hat nur den</Unicode>
                </TextEquiv>
            </TextLine>
            <TextLine id="tr_1_tl_15" custom="readingOrder {index:14;}">
                <Coords points="919,2459 1256,2485 1379,2449 1537,2505 1619,2467 1708,2475 1708,2337 1680,2332 1471,2357 1402,2395 1103,2349 919,2372"/>
                <Baseline points="934,2435 973,2435 1012,2435 1051,2435 1090,2436 1129,2438 1168,2438 1207,2438 1246,2438 1285,2441 1325,2441 1364,2441 1403,2441 1442,2440 1481,2438 1520,2438 1559,2441 1598,2438 1637,2438 1676,2441 1716,2441"/>
                <TextEquiv>
                    <Unicode>digen sohn gehabt.</Unicode>
                </TextEquiv>
            </TextLine>
            <TextLine id="tr_1_tl_16" custom="readingOrder {index:15;}">
                <Coords points="917,2574 1142,2610 1379,2577 1578,2648 2199,2569 2500,2635 2699,2587 2893,2600 2893,2454 2758,2457 2656,2518 2035,2413 1803,2439 1691,2513 1443,2464 917,2467"/>
                <Baseline points="931,2561 1029,2567 1128,2567 1226,2567 1325,2568 1423,2567 1522,2567 1620,2568 1719,2569 1817,2568 1916,2567 2014,2568 2113,2570 2211,2568 2310,2569 2408,2570 2507,2570 2605,2571 2704,2573 2802,2570 2901,2570"/>
                <TextEquiv>
                    <Unicode>Frau Mlattorer bacht den kienern den vornurf:</Unicode>
                </TextEquiv>
            </TextLine>
            <TextLine id="tr_1_tl_17" custom="readingOrder {index:16;}">
                <Coords points="917,2712 1348,2697 1494,2743 1634,2702 1795,2735 2199,2699 2199,2620 2017,2648 1885,2597 1583,2651 1522,2602 1251,2582 1034,2630 917,2595"/>
                <Baseline points="931,2695 994,2695 1058,2692 1122,2692 1185,2694 1249,2695 1313,2695 1376,2695 1440,2697 1504,2695 1568,2695 1631,2695 1695,2698 1759,2698 1822,2695 1886,2695 1950,2695 2013,2695 2077,2697 2141,2698 2205,2701"/>
                <TextEquiv>
                    <Unicode>Ihr könnt nicht organisieren.</Unicode>
                </TextEquiv>
            </TextLine>
            <TextLine id="tr_1_tl_18" custom="readingOrder {index:17;}">
                <Coords points="896,2878 1568,2835 1800,2891 2010,2830 2120,2886 2395,2835 2574,2891 2784,2865 2784,2768 2605,2740 2544,2776 2309,2778 2235,2735 2109,2773 1966,2712 1617,2704 1494,2745 1343,2699 896,2748"/>
                <Baseline points="910,2820 1003,2826 1097,2823 1191,2827 1285,2828 1379,2826 1473,2825 1566,2827 1660,2825 1754,2826 1848,2826 1942,2826 2036,2826 2130,2829 2223,2827 2317,2829 2411,2826 2505,2826 2599,2829 2693,2831 2787,2829"/>
                <TextEquiv>
                    <Unicode>Auch in 3.Akt nuss von der Aktion für Freue</Unicode>
                </TextEquiv>
            </TextLine>
            <TextLine id="tr_1_tl_19" custom="readingOrder {index:18;}">
                <Coords points="904,3011 1928,2973 1928,2878 1798,2891 1568,2835 1440,2870 1085,2842 904,2876"/>
                <Baseline points="919,2952 969,2952 1020,2955 1071,2955 1122,2953 1172,2954 1223,2955 1274,2952 1325,2955 1375,2953 1426,2955 1477,2955 1528,2955 1578,2955 1629,2955 1680,2955 1731,2955 1781,2952 1832,2953 1883,2957 1934,2958"/>
                <TextEquiv>
                    <Unicode>bot mehr die Rede sein.</Unicode>
                </TextEquiv>
            </TextLine>
            <TextLine id="tr_1_tl_20" custom="readingOrder {index:19;}">
                <Coords points="904,3110 1721,3169 2171,3105 2679,3185 2679,3029 2418,2996 2222,3039 2038,2955 904,3013"/>
                <Baseline points="919,3083 1007,3089 1095,3092 1184,3095 1272,3092 1360,3089 1449,3091 1537,3088 1625,3088 1714,3088 1802,3089 1890,3086 1979,3091 2067,3087 2155,3091 2244,3090 2332,3089 2420,3092 2509,3092 2597,3092 2686,3095"/>
                <TextEquiv>
                    <Unicode>Fr. F. sucht die berthaten olssen Wädeln.</Unicode>
                </TextEquiv>
            </TextLine>
            <TextEquiv>
                <Unicode></Unicode>
            </TextEquiv>
        </TextRegion>
    </Page>
</PcGts>
