3336 3544
905 510 2961 702 harschwankend. Wilheim will, dass ihr Mann sie fraf-
910 666 3024 842 giebt. Nichte. Abschiadebrief. Wilhelm nimmt es arnst
907 798 3037 992 Gaspräch mit R. Dieser sagt ihm: Erschiessen sie sich.
899 948 2810 1132 Ein Karl wir Sie. Fun- sterhan ist das Schönste.
899 1091 3007 1269 Schauen Sie mich an. Das Labenl Hätt" Ich Mut; längst
929 1250 1524 1387 wär ich tst."
899 1343 2146 1521 Dar junge Mann erschiesst sich.
891 1469 2884 1664 Ni« Nachricht hievan gelangt an R. In der Varsaum-
902 1617 2955 1790 lung, we seine Varehrar über sein Schicksal verhan-
844 1757 2958 1927 deln, und Frau Zack sagt: Er möge storben, es ist das
888 1900 2972 2059 Schönste, - und R. aufspringt und ruft: "Dumme Garsl
894 2015 2922 2179 ich will nicht starbenl" etz. Darauf bekommt er die
858 2168 3056 2322 Nachricht von dem Tod- Wilhelms und spürt, was er getan:
899 2336 1083 2478 hat.
905 2374 2793 2549 Szene zwischen Marie L. und R. als Ahschluse. I
891 2571 2522 2730 Näharfiguren:Gr., Me, Re., Frau Strüdken.
907 2799 2911 2988 Grundida«, ungefähr: Ihr macht es auch bequem, und
896 2961 1872 3114 nennt es Weltanschauung.
