3320 3592
2733 403 2890 512 25.
1013 745 1900 875 Wi lhelm und Herr Zack.
1027 913 2887 1061 Zack: Ich komme sie fragen, ich weise vol, sie
1015 1051 2925 1186 aurkon auch ein falsches Ehrenwort geben, inmer-
1006 1165 2802 1317 hin ich versuche es. Ein Weib, was wills beder
1018 1284 2819 1450 ten; wir sind Männer; wir müssen uns so zu sa-
1056 1405 2887 1578 gen verbünden. Hat sie sie betrogend so treten
1006 1533 2327 1628 wir gemeinschaftlich vor sie hin.
1006 1606 2842 1796 M ihelm erfährt, dass Frau Zack ununterbrochen
1011 1798 2598 1955 die beliehte ihres Mannes geblieben ist.
999 1924 2031 1998 Die beiden Männer weinen.
1001 1993 2202 2121 Wiinelm: Was werden die tunz
994 2173 2747 2327 Zach: Ihnen ist. ele verloren. Verachten sie
994 2294 2159 2406 mich; ich werde ihr verzeihn.
