3336 3576
2182 531 2640 700 18. V. 1907
1210 648 2761 824 Die Mutter wohltätig, Frauenrechtlerin.
1210 824 2044 943 Einziger Sohn, Maler.
1213 951 3059 1089 Sie hat. Augst um ihn, da sie merkt, er verliebt
1208 1044 2447 1198 sich in eine Frau, die er malt.
1191 1163 2792 1320 sie, erfährt, dass der Mann Verdacht hat.
1203 1277 3116 1458 Sie will den Sohn davon zurückhaltn auf den Ball-
1220 1434 1596 1570 zu gehen.
1220 1453 3016 1692 Der Sohn beruhigt sie, die Frau lässt sich jä
1215 1627 3081 1837 von ihrem Manne scheiden, er wird sie heiraten.
1227 1775 2149 1877 Zweitens. Auf dem Ball.
1256 1894 2063 2037 Verdacht des Mannes.
1227 1999 2099 2135 Er lässt: ihr die Wahl.
1258 2099 2728 2271 Sie will Willy nur einmal noch sehen.
1222 2230 2976 2387 Drittens. Der Ssohn güstet sich zru Abreise.
1222 2366 3133 2523 Die jpitter weiss nicht, dass er mit Lisa fliehen.
1232 2475 1444 2630 n111:
1239 2614 3083 2757 Eisa kommt und versoricht Willy, dass sie nach
1213 2747 1944 2857 Venedig nachkommt.
1215 2859 3088 3002 Der Mann später, es zeigt sich, dass Bisa beide
1220 3011 1594 3114 betrogen.
1215 3095 2035 3219 Der Sohn tötet sich.
