3336 3576
663 292 1988 491 7. A. voctrum Ess. Nenens.
727 433 2091 653 lann Ann fort zuköme.
820 613 2359 791 Brück u Nouerhofsiete lanl den
831 770 1712 955 Mill. w.theln.
839 900 1746 1109 lr pbl Culsil
717 1038 1733 1253 milt, ich lieb sei.d
778 1168 2240 1348 Alte, we ewills necht legen.
823 1300 1300 1486 Reit soct
738 1475 1306 1611 Icken nicht
762 1547 1799 1736 to min sien ihn hat.
820 1669 1757 1895 Nanenhof.. Struck!
775 1852 2571 2075 Zu hie kam mingeht ein thun vergele
778 2009 1775 2160 do kint me herunter
762 2107 1977 2290 Ih hat die Kull geliebt:
902 2219 3033 2433 telfeln in Nenenhof fort.- (Stoll!) (Ablie
722 2415 1576 2595 10. Bruit. Multe
799 2457 2611 2720 Milt. Ich hat ih m gedertug gemant¬
825 2640 2569 2877 riht, da halts en nicht thun solten.
793 2794 2526 3047 Menschen nicht nach Reget, besantelen.
908 2959 2359 3190 h. is auch necht schu, dat en in dennch wohn
