3336 3592
869 582 1146 748 F. A4t.
880 737 1370 890 Nachtkaffee.
835 919 1372 1027 Nebenfiguren?
874 961 2979 1209 R. alktiart einem Frauerzimmer einen Brief an Me, wel:
880 1159 1446 1272 sin ihn liebt.
885 1238 2850 1430 Frau St., die R. Kannen larren will. Er zu ihr: iWe
872 1401 2860 1578 ich label Ich labe überhaupt nicht. Meine Wehnungz
911 1559 1691 1696 Ein Lecht etz. etz.
922 1657 2894 1820 Bekanntschaft zwischen den Zicks und Wilhelm. Zack
885 1809 2621 1962 nimmt seine Frau in das Nachtkaffeshaus mit.
872 1973 1962 2102 Darn alle Weiber sind rein.
880 2128 1488 2231 Einige Fixuren.
877 2160 2813 2352 Der Anarchist ar., dar den R. schlecht behandalt.
845 2307 2847 2497 R. Ihr habt mich ausgesaugt wie ein Reasthaaf. Ich.
880 2468 2394 2652 bin kein Dichter, ich bin ein Messias!
880 2594 2997 2776 Wilheim hält die Zack. für eine Dirne. Alles sahr spas
848 2747 1970 2926 sig. llan bestärkt ihn darin.
848 2887 2921 3058 Erst wie sie fart ist, erfährt er, dass es Frau Zack
888 3018 2210 3218 ist. pr verliebt sich währeinnig.
