3336 3544
2866 263 3038 497 901
842 532 2933 745 Eln Littarat, dem es sehr schlecht geht. Es wird eine
879 664 2858 860 Varsammlung &inberufen, um zu baraten, was für ihn
834 804 2780 1000 zu geschehen hätte. Zu dieser Versammlung wirduer
842 922 2866 1116 selbst eingeladen. Er sitzt düster und in stämaschen
836 1043 2858 1261 unter den Freunden. Einigé raden. Verschiedens Vor-
887 1178 2909 1404 schläge. Endlich erheht sich Frau L,, Hübsche, hlonde
852 1336 2990 1519 Frau, und spricht ungefähr Folgendes: "Ich glaube,-nie
820 1441 2885 1675 mand auf der Welt kann diesen Mann liaber haben als
852 1568 2958 1799 ich. Was hat er mir alles gegeben" stz. etz. "und uns
823 1713 2985 1936 allan! Aber was hat ein solcher Mänsch auf der Walt zu
917 1853 2936 2062 tunz Er ist eigentlich zu gut für die Welt." u.s.W.
868 1979 2979 2194 Sie schliesst: "Ich finde, man soll ihm überhaupt gar
877 2119 2941 2326 nicht helfen; ich finde, er soll starken.“ Jetzt er-
903 2237 2939 2455 habt sich der Dichter, ungehauer wild: "Dumme Gans!
890 2371 3038 2595 Ich will nicht sterben! Ich will leband Ich will essen
890 2482 3041 2740 ich will gesund sein, - ich will nicht schön sein!“ etz
