3320 3608
1469 520 1955 687 Fauster Ar.
1074 755 2807 917 Die Hllfsversammlung für Neuenhof in irgend
1101 910 1788 1055 einem Restaurant.
1094 985 2778 1169 vorschiodene Beuen. Eun Pgaul: ein Abenles)
1067 1142 2906 1333 Kleinert hat Albine geheiratet. Erfährt jetzt.
1079 1273 2979 1471 dass der Brief in den er sich verliebt, von Neu-
1084 1396 2749 1537 enhof diktirt war. Kr beschimpft Neuenhof.
1058 1522 2846 1692 Neuenhof verteidigt sich. Frau Flatterer und
1067 1675 1803 1815 Rapp sind auch da.
1070 1759 2967 1996 Verschlodene Roden. Vorschläge zu bunsten Nouen-
1065 1924 1304 2050 hofs.
1067 1992 2964 2248 eine Samlung im grossen stil, soll für ihm ein-
1055 2159 1723 2314 geleitet werden.
1070 2268 2967 2471 Einer macht den Vorschlag er soll arheiten. ste.
1065 2439 1261 2558 ste.
1062 2524 2899 2698 Malich erheht sich frau Lack; sie hält ene et-
1058 2652 2926 2829 was längere, konfuse Rode: Ich glaube Niemanden
1055 2771 3001 2931 auf dieser Helt bedeutet dieser Mann mehr als nir
1062 2909 2476 3073 Das hat er mir alles gegeben u. s.n
1009 3086 2219 3260 ( Bezun dieser Cklar: Rapep. Is hesfe diche kante.
