3336 3608
2703 232 2860 414 28.
1096 586 2989 816 Alle diese Rottungsversuche scheinen mir klein-
1079 724 3025 905 lioh, beinahe unwürdig. Nas hat ein solcher Menst
1082 845 2887 1043 auf der Welt zu tunt Er ist eigentlich zu gut
1087 963 2981 1164 für diese Welt, man sollte ihn gar nicht helfen.
1082 1106 2931 1285 men soll ihn nicht Almosen geben! er hat schon
2785 1203 2938 1278 eden
1120 1261 2950 1413 alles getan, was er zu tun hatte, seine Kkren-
1104 1348 3049 1558 laufhahn ist im höhern Sinn vollendet, jetzt würe
1087 1462 2967 1687 der Augenblick für ihn in die Unendlichteit da-
1099 1648 1921 1815 Einzuschneben u.s.r.
1094 1730 2894 1924 Jetzt erhebt sich Neuenhof, der senen verhal-
1104 1839 3044 2047 tenen Grinm nicht länger zügeln kann und schreit:
1111 1984 2906 2180 auwms dans, ich will nicht dahinschneben, ich
1106 2093 2788 2301 aill nicht sterben; wenn ich sterben will,
1111 2224 2783 2408 brauch ich nicht sie dazui ich will leben,
1133 2343 3027 2539 vill sesen, ich will gesund sein, ich will nicht
1123 2519 1815 2669 schön sein u.s.r.
