3384 3432
2717 245 2869 371 210
1252 357 3014 572 Freuenhof könnte auch Lack auf der Stiege be-
1250 521 1839 685 gegnen- und Zach
1881 570 3016 720 könnte ihm gesagt haben, dass
1238 645 2357 813 er das Bildlbesichtigt habe.
1245 822 3121 970 Dann sieht Treuenhof, was mit dem Bild geschehen
1238 904 2878 1084 ist und kommt allmählig auf die Mahrheit.
1231 1061 3009 1231 Das Wesentliche: seelische Vernichtung Willys
1341 1187 3072 1348 chtfertiges Geschwätz Preuenhofs, was in die-
1418 1346 2399 1486 Eugenblick tötlich wirkt.)
