3320 3560
1010 529 3107 736 Si. zu Rapp! Ich bin fort aus der Literatur. Ich lebe.
984 618 3062 885 Rapp. Du spielst zur Ahsnachslung einen der Ieruhd-
1018 856 2099 1042 aus der Literatur fort ist.
995 908 2989 1152 Rapp. Ich kann einen verzeihen dass er glücklich-
1013 1089 2508 1296 ist, schon wenn sr. in St. Pölten lebt.
1052 1264 1790 1419 Faustkritik Rapps-
1057 1283 3131 1544 wie sich der Autor das Leben vorstellt Ein kneplökat
1037 1432 2830 1678 und das Rettchen eines gellen Rürgermädchens.
1073 1534 3125 1824 Merun ade junge den ihre Mitter vergiften mass un-
1050 1644 3159 1953 ereindlich. Rechtische Uilflosigkeit. Woshalb bestolt
2000 1858 2175 1924 ins von
1057 1858 2573 2084 Elo der Litter nicht ii sodtee Retee!
