3304 3560
1955 572 2990 781 Wer das Recht hätte sein
1445 629 1913 764 in Maler neur
955 639 1393 803 Wen ich ein
2580 696 3022 836 Rot für ein
1953 716 2550 886 un das richtige
1694 746 1923 893 ingen
935 764 1381 948 eigenes Kin
1587 833 3042 1007 und den ihn der im Himmel, sehme tl
938 891 1557 1060 gild zu kriegen
945 958 2945 1194 das Leben seiner Mutter noh gut geschrieben bekäne.
958 1087 2930 1353 Eist du so ein Maler) sg ein Maler kist Du nicht.
