3336 3576
1747 566 2194 753 Erster Ait.
1128 714 1669 826 Nachtcafehaus
1142 746 2491 887 Frau Flatterer mit Kleinert und Rar
1123 841 3076 1021 Frau Fl.: In ns für eine Spelunke führt ihr mich
1351 984 1570 1128 dorm
1120 1106 2447 1266 Kleinert: Hier sind wir zu Hause.
1305 1220 2311 1383 neuenhof ist noch nidt da.
1317 1332 2104 1531 Er schläft nach. Z.
1288 1458 3025 1626 Fl.: Und ihr geht manchmal mit diesen Frau-
1324 1562 2160 1720 enzinmern nach Hausel
1317 1716 2763 1835 Eins von den Mädchen wird hergeholt.
1115 1852 2607 1978 Kleinert! Es ist keine Konkurrentin.
1312 1932 2994 2063 Rapp schreibt indessen die Kritik über das
2333 2058 2974 2182 Rapp. Jetzt nichts nieh
1310 2048 2617 2204 Stück aus dem sie kommen.) zu im
2782 2129 2986 2233 Nau.
1103 2189 2943 2326 Kleinert: zu Albine Du hast mit da einen sehr
1300 2294 3052 2474 schönen Brief geschrieben, ich hab gar nicht
1305 2457 3016 2615 gewuest, dass du so schöne Briefe schreiben
1300 2566 1606 2683 kannst.
