3336 3576
905 612 1259 761 IEI. Akt.
868 756 1434 902 Im Hause Zaek.
836 878 1634 1038 R. und andere Leute.
878 1030 2911 1206 Frau Zack und Wilhelm. Wilhelm: Er sall dich freige-
905 1158 1088 1267 berl
841 1256 2970 1477 Der Kulturschneider kannt sich nicht aus. Er ist sehr
905 1421 2757 1602 dumm und ziemlich vernehm. Er liebt seine Frau.
860 1544 2949 1743 R. als Berater. Sie haberkein Recht, dam Glück die-
817 1663 2004 1828 ser beiden im Wege zu stehen.
844 1847 2935 1977 Zack wäre bereit, und giabt seiner Frau die Freiheit.
844 1948 2858 2121 Darauf aber bekommt Frau Zuck selbst Angst und sagt
841 2092 2981 2230 dem Wilhelm, dass der Gätte sie nicht fraigegeben hat.
841 2217 2701 2395 Bietst sich ihm an, was er nicht ganz versteht.
