3352 3592
901 593 1204 751 II. Akt.
909 714 1365 824 Im Haust L.
874 858 1231 960 Familio.
904 966 2996 1167 Die Sehwester. Braves Wasen, g채hz anders als die Mut-
907 1135 1682 1272 tar. Konservativ. -
829 1250 2157 1349 Die Geuvernante (mit dem Kindt:
896 1416 2964 1534 Di- Mutter: Was h채tte es f체r einen Sinn? Er sell sie
971 1516 2390 1703 nicht heiraten, er liebt sie nicht.
896 1663 2731 1795 Ri tritt auf. - Szene zwischen Marie L. und R.
853 1736 3010 1958 Marte: Wie klus, dass ich meinen Mam gcheiratat habe
872 1921 2049 2049 und nicht Sie. Uoh Milfeln.
893 2020 2731 2224 Der Schward Duft von Verstehen in diesem Haus.
907 2192 2889 2275 Wilhelm, der seiner Mutter sagt: Was sell ich tunz
896 2310 3015 2465 Die Mutter: Es wird gut werden. Nur nicht l체gent Auch
896 2433 2613 2599 wenn sie sich dir anhietet - kein Ehebruchl
845 2677 2315 2886 EHI.Ht (R. Sin strachtkert, shr Sohn!
