3336 3576
1181 565 2419 748 Zack der culturschneider kommt.
1186 719 2876 921 Er wird vorgestellt. ((ist kürzlich verharnntet.
1200 883 3035 1025 Nächstens gibt er eine Soirte auf der die für-
1183 1015 2427 1159 bigen Fräcke eingeführt werden.
1171 1130 1787 1287 Die bunte Welt.
1171 1243 2989 1429 Zack den ernst, beschränkt, verworren, leiden-
1181 1397 1635 1532 schaftlich.
1183 1508 2761 1628 Fr. Fl. Fühlt sich als Sphinx, sie ist et-
1181 1590 3110 1736 vierzig Jahrs und ihr Ratsel ist noch immer nicht
1174 1671 1741 1818 gelögt worden.
1178 1768 2961 1965 Ste ist Schriftstellerin. Vor kurzemhat sie
1171 1931 3069 2107 einen selbstbiographischen Gedichtband herausge-
1162 2051 2121 2184 geben. Reische Känsche¬
1154 2184 2362 2318 Kleinert, Anarchist, verlogen.
1121 2275 2590 2431 Rapp; kleine müde Augen, hlass, böse.
1147 2470 2347 2617 Klemert könnte über einen Erfolz gehabt haben.
