3384 3688
2766 678 2981 798 302 a
1560 794 2979 937 Fr: Was ich getan hätt, nichts: Ina
1791 905 3101 1038 wollen nich umbringen. Wie oft hab
1749 1006 3075 1142 ichs wollen, es gibt nichts schö-
1772 1123 3011 1287 neres, aber zu recker ,eit mus-
1756 1244 2988 1405 es geschehen, was hat man davon
1825 1357 2953 1484 mit aehturvierzig. Jakt kann
1758 1467 3036 1657 iehs hon warten Moran geh ich
1760 1585 3103 1744 zu grund; Daran dass ichnicht den
1751 1721 2868 1885 Mt gehabt hab zu prepieren.
