3384 3448
2798 254 2966 401 239
1256 324 2887 534 die Jänger näher zu cherakterisieren: ein
1247 513 2274 662 Streber und ein Schwärmer.
1251 634 2253 760 Figur eines Buchhändlers.
1249 776 2917 913 Eventuell Zusammenziehen von 4. und 5.Aktes
1240 920 3062 1060 Der 5. Akt könnte eventuell auch in der Wohnung
1235 1016 1969 1184 bei Langs spielen.
1256 1144 2868 1277 Treuenhof muss im l.Akte schon von seiner
1247 1305 2207 1424 Todessehnsucht sprechen.
1258 1382 3113 1582 Im l. Akt darf nicht von einer Sannlung, sondern
1237 1545 3017 1657 nur von einem Verein die Rede sein. Treuenhof
1235 1657 3008 1827 könnte auch Schuld daran sein, dass Willy sich
1230 1773 3104 1957 vom Studium abgewendet und ohne genügende Bega-
1230 1948 2193 2081 bung das Malen begonnen.
1235 2046 3073 2232 ob ntcht auf die Reise Zachs verzichtet werden.
1228 2204 1531 2304 könnte?
