<?xml version="1.0" encoding="UTF-8" standalone="yes"?>
<PcGts xmlns="http://schema.primaresearch.org/PAGE/gts/pagecontent/2013-07-15" xmlns:xsi="http://www.w3.org/2001/XMLSchema-instance" xsi:schemaLocation="http://schema.primaresearch.org/PAGE/gts/pagecontent/2013-07-15 http://schema.primaresearch.org/PAGE/gts/pagecontent/2013-07-15/pagecontent.xsd">
    <Metadata>
        <Creator>prov=READ-COOP:name=PyLaia@TranskribusPlatform:version=2.7.0:model_id=50870:lm=none:date=22_01_2024_19:57</Creator>
        <Created>2023-09-27T14:39:36.217+02:00</Created>
        <LastChange>2024-01-22T19:57:58.497+01:00</LastChange>
        <TranskribusMetadata docId="1589057" pageId="60125683" pageNr="77" tsid="145637649" status="IN_PROGRESS" userId="40391" imgUrl="https://files.transkribus.eu/Get?id=UMZHDKXJEGHLBFLOPYCFFIMK&amp;fileType=view" xmlUrl="https://files.transkribus.eu/Get?id=XQDAYSJZKQQQDTOSQVJKHLSM" imageId="48550760"/>
    </Metadata>
    <Page imageFilename="1589057_0077.jpg" imageWidth="3320" imageHeight="3560">
        <ReadingOrder>
            <OrderedGroup id="ro_1711790040922" caption="Regions reading order">
                <RegionRefIndexed index="0" regionRef="tr_1"/>
            </OrderedGroup>
        </ReadingOrder>
        <TextRegion orientation="0.0" id="tr_1" custom="readingOrder {index:0;}">
            <Coords points="943,524 943,3227 3156,3227 3156,524"/>
            <TextLine id="tr_1_tl_1" custom="readingOrder {index:0;}">
                <Coords points="928,667 1736,661 2507,596 2632,638 2980,588 2988,400 2734,455 2420,416 2169,502 1924,473 1691,531 1349,481 1268,533 933,497"/>
                <Baseline points="943,651 1045,645 1147,642 1249,639 1351,637 1453,630 1555,630 1657,627 1759,624 1861,621 1963,617 2065,612 2167,610 2269,606 2371,602 2473,600 2575,594 2677,591 2779,588 2881,585 2983,582"/>
                <TextEquiv>
                    <Unicode>Eur sold dis rechten Mhilister nicht die widern. Die</Unicode>
                </TextEquiv>
            </TextLine>
            <TextLine id="tr_1_tl_2" custom="readingOrder {index:1;}">
                <Coords points="1006,795 2982,727 2985,656 2308,682 2196,619 1971,661 1879,627 1383,638 1116,685 1012,651"/>
                <Baseline points="1021,773 1119,767 1217,764 1315,764 1414,756 1512,755 1610,751 1708,748 1807,746 1905,740 2003,737 2101,730 2200,727 2298,725 2396,724 2494,719 2593,716 2691,712 2789,707 2887,702 2986,701"/>
                <TextEquiv>
                    <Unicode>andern sperren sich in ihre Gesstzfe sin, aber sie</Unicode>
                </TextEquiv>
            </TextLine>
            <TextLine id="tr_1_tl_3" custom="readingOrder {index:2;}">
                <Coords points="970,912 1239,941 1343,891 2977,839 3021,829 3027,750 2629,795 2444,719 2368,761 2117,729 1905,776 1751,748 972,810"/>
                <Baseline points="985,898 1087,895 1189,892 1291,889 1393,885 1495,879 1597,878 1700,874 1802,867 1904,866 2006,859 2108,856 2210,852 2312,851 2415,844 2517,842 2619,836 2721,833 2823,824 2925,823 3028,824"/>
                <TextEquiv>
                    <Unicode>machen sich doch das Lehen schwer. Ihr aber tut was</Unicode>
                </TextEquiv>
            </TextLine>
            <TextLine id="tr_1_tl_4" custom="readingOrder {index:3;}">
                <Coords points="972,1053 2959,962 2961,907 2909,891 2399,933 2162,857 1803,865 1477,930 980,912"/>
                <Baseline points="988,1036 1086,1030 1185,1026 1284,1024 1383,1021 1482,1021 1581,1012 1679,1010 1778,1002 1877,998 1976,997 2075,988 2174,984 2273,980 2371,977 2470,973 2569,967 2668,961 2767,956 2866,952 2965,952"/>
                <TextEquiv>
                    <Unicode>Euch beliebt, in jedem Augschlick ist etwas anderes</Unicode>
                </TextEquiv>
            </TextLine>
            <TextLine id="tr_1_tl_5" custom="readingOrder {index:4;}">
                <Coords points="975,1176 1032,1187 1093,1171 1116,1192 1147,1179 1208,1187 1210,1043 1181,1059 1129,1043 1079,1061 1053,1053 1040,1064 1012,1043 978,1059"/>
                <Baseline points="988,1170 1016,1168 1044,1166 1072,1164 1100,1164 1128,1164 1156,1164 1184,1165 1212,1167"/>
                <TextEquiv>
                    <Unicode>matr.</Unicode>
                </TextEquiv>
            </TextLine>
            <TextLine id="tr_1_tl_6" custom="readingOrder {index:5;}">
                <Coords points="983,1309 2880,1226 2959,1215 2964,1129 2820,1113 2645,1181 2318,1119 1947,1153 1657,1116 1338,1194 988,1179"/>
                <Baseline points="997,1302 1095,1292 1194,1289 1292,1284 1391,1279 1489,1275 1588,1269 1686,1266 1785,1263 1883,1258 1982,1248 2081,1244 2179,1242 2278,1237 2376,1231 2475,1230 2573,1220 2672,1216 2770,1213 2869,1204 2968,1200"/>
                <TextEquiv>
                    <Unicode>Ihr nonnt es Anschauung und ihr macht puch nun das</Unicode>
                </TextEquiv>
            </TextLine>
            <TextLine id="tr_1_tl_7" custom="readingOrder {index:6;}">
                <Coords points="985,1451 1208,1419 1299,1443 1432,1424 1464,1445 1542,1409 1623,1427 1626,1372 1466,1370 1343,1291 1231,1323 1137,1294 1027,1330 991,1317"/>
                <Baseline points="1000,1433 1031,1428 1063,1427 1094,1427 1126,1425 1158,1422 1189,1418 1221,1418 1253,1418 1284,1417 1316,1415 1348,1413 1379,1411 1411,1409 1443,1409 1474,1406 1506,1404 1538,1408 1569,1411 1601,1413 1633,1415"/>
                <TextEquiv>
                    <Unicode>teben leicht.</Unicode>
                </TextEquiv>
            </TextLine>
            <TextLine id="tr_1_tl_8" custom="readingOrder {index:7;}">
                <Coords points="996,1563 1098,1597 1592,1532 1722,1571 2507,1485 2635,1526 2729,1479 2833,1503 2906,1472 2912,1419 2841,1383 2737,1422 2616,1328 2441,1380 2326,1325 2133,1406 2039,1380 1375,1453 1208,1419 1001,1461"/>
                <Baseline points="1009,1558 1104,1553 1199,1548 1294,1545 1390,1544 1485,1538 1580,1531 1675,1529 1771,1522 1866,1515 1961,1514 2056,1511 2152,1499 2247,1493 2342,1490 2437,1488 2533,1484 2628,1477 2723,1472 2818,1466 2914,1460"/>
                <TextEquiv>
                    <Unicode>Eure Kourage geht bis knapp zur Polizei. Vor dem</Unicode>
                </TextEquiv>
            </TextLine>
            <TextLine id="tr_1_tl_9" custom="readingOrder {index:8;}">
                <Coords points="996,1696 1226,1712 1537,1660 1952,1686 1955,1602 1877,1568 1563,1607 1357,1547 1194,1618 1001,1594"/>
                <Baseline points="1009,1684 1056,1684 1104,1684 1151,1681 1199,1678 1246,1675 1294,1672 1341,1671 1389,1668 1436,1665 1484,1662 1531,1660 1579,1658 1626,1657 1674,1655 1721,1652 1769,1649 1816,1648 1864,1643 1911,1642 1959,1651"/>
                <TextEquiv>
                    <Unicode>Kriminal habt ihr Angst.</Unicode>
                </TextEquiv>
            </TextLine>
            <TextLine id="tr_1_tl_10" custom="readingOrder {index:9;}">
                <Coords points="996,1830 1213,1851 1375,1803 1772,1845 1903,1785 2013,1811 2117,1764 2410,1780 2585,1733 2737,1785 3079,1764 3087,1641 2744,1613 2569,1694 1989,1730 1848,1660 1767,1694 1004,1694"/>
                <Baseline points="1012,1815 1115,1815 1219,1808 1322,1804 1426,1800 1530,1796 1633,1787 1737,1782 1841,1775 1944,1772 2048,1763 2152,1757 2255,1754 2359,1748 2463,1741 2566,1737 2670,1730 2774,1723 2877,1714 2981,1709 3085,1705"/>
                <TextEquiv>
                    <Unicode>vor den Leuten die Könige unbringen habt ihr Respekt.</Unicode>
                </TextEquiv>
            </TextLine>
            <TextLine id="tr_1_tl_11" custom="readingOrder {index:10;}">
                <Coords points="1030,1968 2311,1879 2580,1900 2721,1851 2974,1924 2982,1777 2878,1756 2742,1809 2342,1835 2214,1803 2075,1851 1038,1830"/>
                <Baseline points="1045,1956 1142,1947 1239,1947 1336,1935 1433,1929 1530,1925 1627,1918 1724,1915 1821,1908 1918,1902 2015,1896 2112,1889 2209,1883 2306,1879 2403,1875 2500,1869 2597,1859 2694,1854 2791,1848 2888,1840 2986,1842"/>
                <TextEquiv>
                    <Unicode>aher vor den Leuter die kleine Jungen wirr machen</Unicode>
                </TextEquiv>
            </TextLine>
            <TextLine id="tr_1_tl_12" custom="readingOrder {index:11;}">
                <Coords points="1819,2041 1874,2062 1913,2060 1934,2044 1971,2060 1986,2047 2020,2041 2023,1900 1976,1898 1942,1916 1929,1905 1905,1913 1882,1908 1848,1929 1822,1924"/>
                <Baseline points="1833,2003 1860,1999 1888,1996 1916,1993 1943,1992 1971,1992 1999,1995 2027,2001"/>
                <TextEquiv>
                    <Unicode>(5 a. I</Unicode>
                </TextEquiv>
            </TextLine>
            <TextLine id="tr_1_tl_13" custom="readingOrder {index:12;}">
                <Coords points="1006,2078 1221,2094 1495,2054 1662,2078 1665,2015 1511,1952 1388,1937 1255,1966 1218,1945 1161,1986 1014,1955"/>
                <Baseline points="1024,2075 1056,2077 1088,2075 1120,2075 1153,2074 1185,2072 1217,2072 1249,2068 1282,2065 1314,2063 1346,2061 1378,2058 1411,2056 1443,2054 1475,2054 1507,2053 1540,2051 1572,2048 1604,2048 1636,2049 1669,2051"/>
                <TextEquiv>
                    <Unicode>habt ihr keinen.</Unicode>
                </TextEquiv>
            </TextLine>
            <TextLine id="tr_1_tl_14" custom="readingOrder {index:13;}">
                <Coords points="1017,2384 1325,2316 1864,2324 2331,2250 2486,2274 2635,2232 2781,2269 2930,2216 3040,2235 3048,2146 2446,2135 2331,2196 1856,2198 1696,2248 1027,2216"/>
                <Baseline points="1036,2326 1136,2326 1237,2326 1337,2314 1438,2308 1538,2301 1639,2294 1739,2290 1840,2281 1940,2276 2041,2267 2141,2261 2242,2257 2342,2250 2443,2245 2543,2239 2644,2230 2744,2224 2845,2217 2945,2214 3046,2210"/>
                <TextEquiv>
                    <Unicode>Euer gedankenloss Daherreden. So ein wirklicher Tod</Unicode>
                </TextEquiv>
            </TextLine>
            <TextLine id="tr_1_tl_15" custom="readingOrder {index:14;}">
                <Coords points="1032,2470 1208,2494 1388,2436 1539,2467 2185,2384 2486,2470 3058,2381 3066,2264 2909,2235 2778,2269 2360,2248 2013,2334 1892,2303 1806,2358 1678,2311 1323,2318 1171,2399 1038,2386"/>
                <Baseline points="1048,2454 1149,2451 1250,2443 1351,2437 1452,2432 1553,2425 1654,2418 1755,2411 1856,2404 1957,2400 2059,2392 2160,2384 2261,2377 2362,2373 2463,2365 2564,2354 2665,2347 2766,2344 2867,2340 2968,2336 3070,2329"/>
                <TextEquiv>
                    <Unicode>hat etwas einleuchtendes, aberlais genordeten Tags.</Unicode>
                </TextEquiv>
            </TextLine>
            <TextLine id="tr_1_tl_16" custom="readingOrder {index:15;}">
                <Coords points="1079,2708 1503,2744 1749,2661 2013,2687 2156,2640 2274,2671 2575,2611 3066,2601 3071,2533 2854,2507 2410,2575 2243,2520 1929,2603 1085,2624"/>
                <Baseline points="1093,2699 1192,2696 1291,2693 1390,2683 1489,2678 1588,2673 1687,2667 1787,2657 1886,2651 1985,2644 2084,2638 2183,2631 2282,2624 2381,2619 2481,2614 2580,2610 2679,2604 2778,2597 2877,2590 2976,2581 3076,2577"/>
                <TextEquiv>
                    <Unicode>Man kann seinen Vater umgsbracht haben und doch ein</Unicode>
                </TextEquiv>
            </TextLine>
            <TextLine id="tr_1_tl_17" custom="readingOrder {index:16;}">
                <Coords points="1095,2836 1333,2862 1427,2810 1814,2823 1918,2778 1989,2820 2125,2765 2360,2755 2551,2784 2556,2684 2399,2663 2264,2710 2211,2671 1976,2666 1801,2708 1636,2679 1503,2744 1432,2708 1100,2744"/>
                <Baseline points="1113,2828 1185,2824 1257,2819 1329,2814 1401,2810 1473,2805 1545,2800 1618,2795 1690,2790 1762,2785 1834,2783 1906,2780 1978,2771 2050,2766 2123,2762 2195,2756 2267,2754 2339,2750 2411,2748 2483,2750 2556,2753"/>
                <TextEquiv>
                    <Unicode>ziemlich unanständiger Mensch sein.:!</Unicode>
                </TextEquiv>
            </TextLine>
            <TextLine id="tr_1_tl_18" custom="readingOrder {index:17;}">
                <Coords points="1051,2964 1411,2935 1623,2974 1924,2922 1979,2954 2149,2893 2543,2901 2943,2839 3100,2875 3150,2862 3157,2765 2977,2778 2922,2739 2671,2805 2501,2758 2345,2802 2151,2765 1602,2862 1500,2818 1367,2891 1231,2841 1056,2888"/>
                <Baseline points="1066,2959 1170,2951 1275,2944 1379,2940 1484,2930 1588,2926 1693,2916 1797,2910 1902,2902 2006,2897 2111,2889 2215,2882 2320,2875 2424,2871 2529,2861 2633,2854 2738,2847 2842,2843 2947,2836 3051,2829 3156,2828"/>
                <TextEquiv>
                    <Unicode>Man kann silberne löffel gestohlen haben und doch ein</Unicode>
                </TextEquiv>
            </TextLine>
            <TextLine id="tr_1_tl_19" custom="readingOrder {index:18;}">
                <Coords points="1082,3095 1132,3103 1244,3074 1320,3089 1370,3071 1396,3092 1477,3071 1563,3095 1568,2993 1354,2990 1307,3016 1210,3016 1142,2969 1087,2961"/>
                <Baseline points="1096,3079 1122,3079 1148,3079 1175,3078 1201,3074 1227,3073 1254,3073 1280,3071 1306,3070 1333,3068 1359,3066 1385,3064 1412,3064 1438,3064 1464,3060 1491,3058 1517,3058 1543,3061 1570,3067"/>
                <TextEquiv>
                    <Unicode>Gauner soin.</Unicode>
                </TextEquiv>
            </TextLine>
            <TextLine id="tr_1_tl_20" custom="readingOrder {index:19;}">
                <Coords points="1098,3228 1952,3189 2023,3238 2180,3246 2339,3204 2345,3097 2115,3055 1976,3103 1615,3079 1503,3126 1103,3100"/>
                <Baseline points="1116,3198 1177,3198 1239,3197 1300,3193 1362,3189 1423,3187 1485,3183 1546,3180 1608,3178 1669,3174 1731,3171 1793,3171 1854,3171 1916,3167 1977,3167 2039,3159 2100,3158 2162,3156 2223,3153 2285,3153 2347,3162"/>
                <TextEquiv>
                    <Unicode>Nur im Verstand liegt Frotheit.</Unicode>
                </TextEquiv>
            </TextLine>
            <TextEquiv>
                <Unicode></Unicode>
            </TextEquiv>
        </TextRegion>
    </Page>
</PcGts>
