3336 3592
739 663 1140 797 Erleeft sie, ohne
734 765 1115 872 zu sagen, ds as
729 848 1130 972 체ber Fausi ih
731 936 1052 1038 lie mehr
758 1011 1035 1140 leit 체ber
1295 656 2695 778 Rapp liest die Kritik vor. H채misch.
1434 734 2160 807 Vieleicht die Panisikarlit
2807 763 3086 904 das ist
1264 775 2756 931 Was hab ich sonst von meiner Eistenz,
1302 889 1830 1023 meine Macht.
1256 933 3062 1149 Kleinert: Ich habe eine Idee, wenn Lack, mit +
1511 1135 3103 1261 seiner Frau kommt, so sagen wir dem Wil-
1475 1232 3001 1392 helm es ist eine von da, eine Kokotte.
1278 1339 2590 1507 Neuenhof: Wo ist der Unterschied?
1271 1482 2090 1635 Fr. Fl.: Sehr wahr.
1266 1548 3057 1745 Albine zu Neuenhof: Ich habe dem Kleinert den
1482 1682 3125 1820 Brief gegehen, den du mir diktirt hast, er
1460 1781 2355 1917 hat mich schon lieber.
1251 1900 3200 2061 Neuenhof beschimpft seine Freunde, ihr hatt mich
1463 2027 3125 2202 ausgesogen, ich hab nur einen Freund, Wil-
1463 2160 3152 2296 helm, das ist ein Mensch, Jugend Naivitet,
1453 2262 2794 2425 Einiges 체ber die Familie Milhelme.
