3320 3592
2814 378 2955 582 21.
1085 742 2106 922 Wilhelm und seine Mutter.
1087 864 3043 1063 Wilhelm will ihr vol verschweigen, aher es geling
1075 1029 1512 1160 ahm nicht.
1070 1126 2686 1305 Die Mutter fleht ihn an hier zu bleiben.
1075 1276 2290 1405 seine Unfähigkeit zu arbeiten.
1072 1376 2407 1546 Mutter: Also doch ihr beliebter1
1070 1490 2897 1701 Wi ihelm: Du kennst sie nicht. Du alnst nicht,
1065 1640 2669 1793 was ich noch alles aus ihr machen werde.
1058 1771 2817 1956 Die Schwester, die von seiner Witwe spricht.
1043 2023 2933 2176 Eventuell eine Scene mit Marié, die von ihm Ab-
1048 2152 2810 2332 schied nimmt und einen hraven Mann heiratet.
1046 2249 1611 2400 Auch dein Kind.
1177 2358 1630 2497 zum Kohmel.
1247 2414 2586 2630 Erwird se konen, wies kenne mih
