3336 3560
925 410 2888 631 Rapp zu Steintranner. Sie nehmen einem alles weg.
941 528 3001 779 st: sid haben keine Liebe zu den Menschen. Ich sage
944 655 2939 898 nicht, dass is eine gute Eigenschaft ist, aber man
954 795 3125 1052 braucht sie., wenn man diese neue Kerriörd einschhlagen
965 922 2896 1165 will. (eintreten für Unschuldigs( Sie haben nur
965 1097 2432 1302 den Hass, wirtschaften sie mit den.
968 1165 2855 1440 Sie müssten die dienscheh lieben, oder wenigstens
1008 1337 2704 1556 nöcht wissen, dass sie Ihnen zuwider sind.
965 1583 2669 1820 Kührheit die an Vor des Zuchthauses endet.
1030 1852 3052 2068 Da sieht man; wie ein Mens hvernichtet wird. Aber
1003 1936 3074 2184 datür wie Jahre räiniert werden dafür fehlt uns das
1016 2173 1432 2332 Augenmass.
