3336 3592
2767 344 2919 541 12.
1174 664 1783 796 Wi lhe im kommt.
1206 772 2353 1001 Wilhelm zu Marie: Du bist das
1189 910 2806 1116 Anna: Wunderst du dich darüberl Siehst d
1191 1090 2697 1280 dass all ouer Voherwindertum nicht scht
1177 1268 1980 1434 Wt ine im und Marie.
1172 1410 3102 1648 M inelm: Ea wäre lüge. Ich liebe dich nicht mehr
1155 1530 2255 1752 Marie: So will ich warten.
1169 1663 2871 1872 Wihelm:: Warte nicht. Was ich jetzt erlebe.
1155 1773 2377 1964 ist was Tiefes, was Herrliches.
1138 1908 2697 2137 Mario: Mi Ilst du nicht dein Kind sohnt
1141 2038 2096 2182 Milhelm: Ja, ich komme.
1136 2156 2693 2377 Anna zu Marie: Wir bleihen Freundinen.
1138 2284 1956 2435 Jetzt liebt sie sie.
1126 2406 2081 2570 Sie gehen zusammen fort.
