3336 3592
1225 584 2261 750 Herr und Frau Zack kommen.
1211 718 3118 956 Frau zack sehr hübsch, Kindergesicht mit glühen-
1211 843 1624 1009 den Augen.
1201 985 2967 1196 kleinert zu Wilhelm: Ee ist Jads beliebte;
1208 1100 2222 1249 aus einem verrufenen Haus.
1180 1237 3025 1439 Man erzält milhelm noch allerlei aus ihrer an-
1180 1369 2160 1485 geblichen Vergangenheit.
1163 1499 3094 1670 Man weiht Zack ein; der siche, zuerst widerstre-
1177 1595 2006 1725 band, gefallen lässt.
1165 1720 2239 1864 Ihr selber sagt man nichts.
1156 1814 2539 2013 Wi lhelm verliebt sich in Frau Zack.
1148 1956 2227 2114 Alles andere ist vergessen.
1144 2059 3075 2285 durch einen Zufall, vielleicht durch Zacks drein-
1144 2227 3078 2415 fahren, der die, Komödte nicht weiter spielen kann
1129 2345 2792 2535 erfährt Wilhelm, dass es Zacks Gattin ist.
