3320 3592
2713 389 2870 555 20.
1148 808 1735 918 Zack und Frau.
1160 923 2188 1040 Zack: Liebst du, Wilhelm?
1162 962 2904 1187 Fau 2.: Das frägst du micht Du. und alle
1162 1171 1873 1291 deine Mamsellen.
1201 1256 3051 1424 Zack: Ich sage dir eins, wenn du mich betrügst
1162 1404 1701 1537 töt ich guch.
1164 1528 2953 1666 Frau Z.: Wenn man sich einmal so etwas in den
1171 1625 2925 1783 Kopf setzt, du würdest mich auch töten, wenn
1181 1749 2893 1915 du nur glauhst, dass ich dich betrüge, lass
1190 1866 2076 2030 nich doch lieher frei.
1192 1981 2391 2154 Zack: Ja, ich gebe dich frei:
