3336 3576
2804 381 2939 494 130
1160 723 2081 866 Die Mutter und Wilhelm.
1165 856 2573 974 Mutter: Also was gibst eigentlicht
1133 989 2433 1116 Wi lhelm: Mutter, sie liebt mich.
1124 1102 2869 1273 Mutter: Aet es der Mühe wertt, wegen dieser
1126 1237 1345 1365 Fraul
1136 1333 1861 1485 Wi lhelm fährt auf.
1131 1440 2939 1628 Mutter: Alles was du willst, nur nicht lügen,
1126 1625 2751 1755 selbst wenn sie selbst sich dir anhietet:
1133 1736 2713 1888 Wi lhelm: Ich kann ohne sie nicht leben.
1131 1852 1941 2009 Mutter: Reise fort.
1126 1992 2983 2141 Wi ihelm: Ich kann nicht. Sie ist edel und auch
1133 2103 2947 2259 er ist ein edler Mensch, ich werde mit ihm re-
1124 2235 3065 2382 den; er soll sie freilassen. Sie hat gute Anlagen
1121 2356 2992 2510 sie ist nur verdorben durch die Welt in der sie
1121 2488 1565 2640 gelebt hat.
