3336 3576
835 628 1092 745 V. Akt.
823 759 1901 899 Di Hilfsversammlung für R.
823 890 1791 1028 Die verschiedeen Reden.
823 992 2736 1227 Rade der Frau Lack: Er soll in Schönheit sterben.
775 1137 2431 1289 Wutausbruch des R: Ich will nicht sterbent
840 1265 2167 1439 Nachricht vem Tede des Wilhelm L.
806 1437 1844 1558 Beginnände Einsicht das R.
804 1575 2001 1665 Szena zwischen Marie L. und R.
804 1668 2576 1839 R. Er ist schuld - marum hat er nach ericht
906 1789 1599 1979 genommen!!
935 1991 2479 2227 (dar schlawen der K. braupt sen dagen
944 2129 2395 2381 zu fragen. Und da vorrather sich:
932 2329 2360 2545 vorruth, daß er ihn gerathen
1078 2521 2407 2743 zu wessen, wie schmarfer ma¬
849 2709 2698 2888 Wir halt en tei gekohlert, in vernenflige
966 2847 1656 3028 Morl zurinten
1722 2881 2733 3102 haht eines therahlen
