5466 5097
535 873 2621 1187 Theater i. d. Josefstadt WIEN 27/17.7 n.
803 1096 1270 1197 Direktion: J. Jarno.
868 1161 1205 1239 Telephon 18.954
769 1234 2348 1494 Happrehrter Herr D. Schmerzen!
756 1431 2556 1616 sperzigen Sie, upon my du cent in
766 1592 2559 1764 Bitte vläftige! Ich habe die Absicht den
766 1717 2577 1948 in Wien noch nicht aufgeführten Fürckte
797 1868 2590 2073 aus Ihrem Archol byntus Agaré
816 2034 2512 2234 demnächst aufzuführen. - Ich hatte
839 2229 2553 2387 /: Zt der finakten xxx, und
821 2343 2470 2494 auch Cemuriren lassen. Leider
779 2499 2546 2696 kann ich nicht dazu ihn zu spielen!
577 2629 2569 2823 Der clupr fina aber aus Neu, Aratol
600 2761 2595 2953 Cyttées bei das jüngsten „volksthecke
618 2935 2572 3109 Achtührungen gegblieb, jetztig dass
623 3083 2538 3307 Sie mir die Erlaubniß erheilen.
868 3213 2442 3452 Noch eine unbeschiedene Bitte,
639 3387 2410 3629 you at möglich der für absten
678 3540 2608 3751 auchos zu taufen? West, agwie
748 3694 2618 3865 Eine mehr“. Es ist je dien und
694 3842 2540 4086 Kleinlich von mir – aber ich fürchten:
2683 1057 4733 1291 bei einem Preinerenahmt der Titel
2712 1234 4712 1439 Agorie in Jahr st. juny Grunde¬
2816 1395 4779 1610 in diese andernen nicht eingereichigen
2790 1553 4800 1722 Er verzichte ich selbstreckend auf meinem
2759 1738 3213 1907 Yorce 5.
2987 1839 4650 2047 Mit Ihrem Stücken gab ich eine
2725 2034 4751 2252 trenzötisch Noirtät. Le beilleur
2779 2161 4559 2351 de nuit" (Der Neentwächte)
2808 2288 4746 2494 im Tascha Secretary. Ein Stück
2790 2452 4805 2665 das in Paris großen Erfolg jetzt.
2964 2590 4678 2808 darf ich die, im meß beevigt
2808 2751 4779 2974 fubfridning him - d in part.
2826 2938 4798 3120 mit der Einfurterung an, Agnace
2818 3055 3891 3286 beginnen müsste!
3029 3161 4691 3439 Mit den ergebungen Füssen
4161 3429 4738 3707 passeray
