5530 5208
662 600 942 766 V. E. G. A.
867 1273 2536 1581 Transforter Ausführung von Abschied.
876 1511 2492 1704 Tousser gelassen? — Du Bau de haute
898 1664 2426 1838 das Rückchen aber nicht spielen
929 1780 2490 2004 Sehr einfach! - Viel Vergnügen
900 1969 2521 2205 hat es mir gemacht - zu bewachter
896 2113 2455 2325 mit er welchem Besagen die Wiener
905 2281 2455 2527 Zeitungen, die schlechten Telepam¬
886 2432 2550 2652 brachten - Kur glätzen.. Überall
896 2621 2409 2867 dasselbe - Ehrenmänner. -
938 2778 2498 3026 hiebeleien geht unberufen Aus¬
880 2999 2474 3217 gezeichnet – Nächste Woche haben
905 3132 2443 3355 ner einen finakter von Kirschfeld
878 3281 2505 3471 und einer zichtigen Schwärle von
857 3409 2503 3660 fr. Taxenau, der beide Stücke wieder
863 3577 2527 3772 tig nicht lange halten - glaube ich -
805 3693 1757 3916 Mit herlicher Glüssen
1911 3716 2457 3854 ergebener
1911 3803 2515 3956 Josef Tarnop
