5460 5207
451 927 1443 1226 Theateri. d. Josefstadt
1682 962 2487 1261 WIEN, den 2ten Februar,
726 1141 1269 1315 Direction: J. Jarno.
2310 1155 2516 1310 Mr
402 1255 1951 1454 Sehr geehrter Herr Schnitzler!
408 1408 2508 1617 halten die innig bitte, nicht für zu unbeschri¬
413 1535 2440 1731 den, wenn ich die Pflicht ersuche, mir ein Bruch
1489 1658 1872 1780 austrierten
432 1690 2467 1848 Ihres soeben erschienen „kubtot“ getragen zu
424 1810 2503 2008 überlassen. Spe freuen würde es mich, wenn s'il
413 1943 2552 2136 so bis wären einige Wimmungszeiten hineinzu¬
1326 2068 1587 2171 Krain
413 2095 2533 2277 schreiben! - Sollten der Kostenpläche vorütig haben,
413 2223 2557 2432 konnte ich uns eines gernen eines. Jedenfalls hätte
427 2397 2511 2571 ein vom achter geschenktes Buch grössern Werth
451 2478 2478 2701 für mich. — Demnächst gebe og eine Wohl¬
443 2603 2432 2823 Hötigkeits Motive a für das „Concordia"
427 2766 2541 2924 und will bei dieser Gelegenheit Ihre „Episode“
405 2894 2519 3087 Zur Ausführung bringen. Es wäre mich nun
378 3049 2560 3256 sehr interessiren den „Orental“ in der Auffassung
402 3163 1859 3351 des H. Coschall zu sehen! —
457 3304 2535 3481 Wie den herzlichsten Grüssen, dh sehr er¬
1462 3435 2223 3663 Jory Tarnay
503 3440 924 3644 hebener
935 3829 2544 4049 by your ass. from mama Dienstery.
606 3783 875 4016 Sawy
606 3970 2489 4171 oder wirkweise eine Lage zu einrale.
772 4103 1981 4332 zur Verfügung Pellen
505 4125 717 4359 10
4087 897 4856 1209 Teba 801
2910 1063 3886 1264 Theateri. d. Josefstadt
4125 1158 4356 1280 WIEN,
3204 1193 3663 1367 Direction: J. Jarro.
3071 1307 4677 1505 Sehr geehrter Herr Tomar Schutzler!
2799 1492 4892 1658 Sehr gerne würde ich Ihrem Wünsche vorgegenkommen
2870 1579 4938 1772 aber es geht leider nicht! Die schonnen für fehisser
2840 1742 5003 1932 zu wenig zu können. Sie es geant sey gar nicht für
2826 1875 5008 2071 dienstimmer! Hollens ist sie in der Erscheinung wird zu
2845 1997 4992 2163 wuchtig, um eine „Kleine, kleine Künstlerin“ zu
2845 2152 4997 2296 spielen, und zweitens spricht sie prononcirt nordertig
2856 2280 4987 2470 Ich glaube Sie werden mit der Sache wenig der fol¬
2856 2416 4949 2603 Salme sehr z. Triska sein. Wenn Sie mir die
2867 2554 5003 2756 schon geben wollen, Donarstag 10 ½ zur krvbr
2853 2669 5008 2894 zu kommen, würden die innig aufgerordentlichen
2875 2813 4954 3041 freuen. Mit Gegensteugsvollten Grüssen
4087 2965 4949 3155 Jury Surny
2951 2954 3908 3185 Ihr sehr ergebener
