5475 5194
801 1256 2331 1463 königlicher Besuch sondert
848 1430 2449 1672 In dort Fr. Tormer umso als ein
815 1574 2478 1800 mal diese Weise aufgetreten,
846 1729 2396 1959 Vnfür haben wir, hiebelesen
861 1874 2373 2152 aber nächste Woche bestimmt.
859 2007 2437 2220 3 oder 4 mal. - Gestern
863 2211 2429 2439 war Ihr Stück bei Titel aus
840 2367 2443 2561 Verkäuften Hause. Es gesent
817 2538 2414 2733 angemein. Ich bin Ihnen
875 2704 2462 2882 zu großem Sanke Verpflichtet
881 2826 2431 3095 seidt der „Jugend“ hat man
1547 2981 1872 3101 Von mir
937 2989 2462 3248 nicht so viel gesprochen. Wie
950 3211 2433 3438 es nicht dumm klingt – dass
900 3358 2489 3579 ich es geloht seyn – ich habe den
894 3484 2495 3738 wössten äußeren Erfolg
902 3711 2408 3885 die "Jonna" vereyt grosses
3134 528 4421 794 1 1/2 1/4 r. m. p. a. v. 4 w. 4 v.
2561 1158 4156 1411 Aufsehen, mit ihrer Meisterleistung
2590 1390 4140 1547 Abschied wurde ich fürde März
2578 1543 4158 1705 lesen. – Nicht aus zerhänlicher
2574 1667 4171 1839 sondern aus dem Kunstlerischen
2642 1816 4138 1984 intérieuen. – Sehr erfönnen
2621 1969 4127 2139 würden Sie mir, wie die mir
2631 2106 4055 2303 von Bey der „Liebeleien“
2694 2230 4140 2408 inidenen wollten. – Wie
2634 2379 4233 2598 steht's mit Ihrem neuen Rücke.
2691 2536 4241 2756 Ich bin jetzt schon zum 2ten Mann,
2656 2662 4260 2911 beim Abschreiben - eine fürchterliche
2621 2855 4226 3058 habeit - das alles nochmal durch
2588 3020 3082 3142 kauen.
2747 3132 3856 3418 Sie herzlichssgrüssend
3585 3333 4200 3455 ergebener
3610 3426 4235 3612 Jan Jarmen
2671 3496 4185 3817 Grüßer Dr Beir, Stoffman
