5475 5208
1010 569 1224 670 ......
2343 548 3442 770 ..,,.,,,, -,, 1,, '1,,
1982 583 2208 780 1: 1:
2161 949 3185 1191 Berlin den 3/4 96
1855 1226 2713 1483 Verehrter Frauen
1892 1442 3428 1653 Vor allem Tikte og den Entschuldigung
1869 1585 3397 1776 sess og Thon letzter Briefe erst heute
1892 1729 3432 1920 "Mantworte". - Gerade in den letzten
1875 1857 3389 2060 Tagen hatte i, sehr starck zu thun.
1883 2031 3424 2212 Ich habe den „Bünther“ in „Viern“ im
1885 2136 3426 2395 Gespielt - stibe täglich lange Proben,
1875 2306 3401 2460 Von einem neuen Stück „Der
1887 2454 3354 2627 Weibersehreik und schlusslich
1912 2608 3438 2816 Kolite ij bis zum 1ten April endlich
1822 2773 3473 2947 mal mein Stück fertig königen.
1869 2886 3454 3150 All diese diesen haben mir, von der
1846 3085 3467 3311 angenehmen Pflicht - Ihnen einiges
1844 3218 3489 3393 über Berner berichten zu können
1859 3354 3452 3574 abgehalten.  Ich habe nur
1863 3495 3471 3664 Sehlen erlaubt – ein Hinterwurk
