5459 5159
1716 724 1944 905 Berliner
2451 794 3573 1033 BERUIN, den 24. 6. 1898
1574 863 2345 1053 Residenz-Theater.
1785 1056 2963 1298 hier verwor¬
1788 1203 3595 1515 herzeichen, rank für Ihre liebenswürdige
1716 1373 3556 1654 bereitwilligkeit. Ihnen daß Sie nicht
1796 1557 3573 1807 kamen können, ich Haub die Fälle Ihre
1777 1671 3364 1941 alle Freude an der Aufführung!
1819 1805 3526 2072 Wir steilen die sich zu meinem Vortrage,
1833 1977 3545 2236 den ganzen "kratol" nach und nach je¬
1821 2128 3540 2403 geben – abends selschverständig und
1813 2250 3537 2512 mit Tantième -. der Raum des
1768 2403 3584 2676 Reisdenscherters nicht sey wie kein
1757 2565 3582 2799 Anderer für diese interimen Vergänge!
1794 2707 3523 2960 Sie wissen ja sechs ich bis zum 15ten
1768 2841 3490 3141 tugert die artistische Leitung,
1760 3047 3465 3272 des „Residenztbeaters“ übernommen
1713 3144 3554 3492 lebe. Ich erwähre das Hauptsächlich um
1690 3331 3582 3634 die bei Ihren forderungen milde zu stürmen.
1674 3495 3570 3757 Sie würden mir zu grossem ganten ver¬
1704 3668 3543 3955 gelahten wenn Sie mir die Aufführung
1688 3807 3562 4027 das "Raalal" - Cyclus" Instaaten
1690 3949 3565 4108 wurden. Herr der bezüglichen Z. bald zur
1398 3980 3634 4214 Antwort entgegensetenden Punkt die herzlichst ihr Zeit wäre.
