5496 5160
858 1194 4509 1535 herzliche aufrichtige glueckwuensche. koennte ich die einakten nicht
917 1444 4137 1648 haben? sie wissen kein anderes wiener Theater macht soviel mit
2389 1658 4074 1826 einaktern wie ich = gruss jarno +
1508 2548 1812 2775 G.C.H.F.M
2425 2439 2743 2720 Text.
1916 2679 3261 2979 de berlin 50764 25 1.3 2 s =
1344 2884 3960 3147 frage an das schicksal sowohl bei publikum als presse
1158 3161 3474 3370 einstimmigen grossen erfolg gehabt. herzliche
1140 3306 3047 3579 glueckwuensche und gruesse= Ihres erg
