5482 5207
2877 507 3971 761 ....1..,,...,,.,, 'J,,
676 1316 1670 1547 Verehrter Dichter.
493 1579 2351 1788 In der Hoffnung, dass ich ganz
501 1700 2477 1936 Gewöhnliches Menschen Kind, Ihnen nach
539 1810 2486 2016 in Erinnerung bin ud auf Farkos
571 1955 2520 2153 Wunsch erlaube ich mir anzuschreiben.
576 2032 2523 2236 Ich kommte Ihre Nowelle aus der Leitung
571 2140 2486 2319 sind, wenn von ihrem Dissorten stim¬
606 2260 2475 2443 mungsvollen Inhalt ud der überaus
585 2362 2534 2558 feinen Zeichnung der Charactere entzückt.
619 2467 2545 2695 Heute in der meisterlichen Verlesung
641 2571 2475 2786 Farnor hat der „Abschied“ auf
630 2746 2539 2904 mich gerädige erschütternd gewirkt.
630 2821 2507 3016 und ich bin der Überzeugung, daß
646 2963 2483 3132 sämtliches Publikum unter den
609 3065 1888 3247 gleichen Eindruck stand.
820 3153 2483 3338 Mit den besten Grußen verbleibe ich
1335 3303 2432 3488 Ihr ganz ergeben
1064 3451 2483 3617 Heinrich Guttmann
461 3494 2563 3732 Lieber Herr Doctor! Zu meiner großen Frau da kann
416 3665 2566 3853 auch ich Ihnen von der Freude berichten, die das Publikum bei Thor
416 3775 2531 3931 Nerelln & Zarno’s vorzüglichem Besen empfand & doppelt froh
416 3842 2504 4059 bin ich, daß ich – analog Thies Novelle - mich nicht schämen
416 3960 2531 4140 braung, nichts zeige sein brauch, und mich offen als Liebhaber
426 4051 2193 4252 Schon Mühe bekommen darfi Herzlichsten Hauß
1555 4188 2421 4437 Ihr Paul A. Kirstein
