5475 5208
2589 581 3430 829 1 1/2: 5: 9: 9, 9:
2593 1214 4211 1466 zu hautenburg! Das hergehen
798 1253 2443 1474 Telegram zu senden – es Ram
2575 1422 4135 1643 lässt absolut nicht lauter. Ich
835 1474 2391 1686 verfrüht! Gestern wir erst die
2585 1562 4238 1795 habe alle möglichen und unmöglich
835 1651 2432 1907 22. Anklährung. Ich habe die
2593 1731 4195 1993 Mittel versucht – er denkt nicht
812 1797 2471 2034 Außführungen auf dem gedruckten
2591 1898 4079 2129 varan. Es ist sehr Ende – den
831 1981 2391 2224 Macheurepertoir gezahlt, nur
2581 2082 4141 2290 meine Stellung - ist jetzt am
831 2160 2449 2372 da habe y mich verzahlet - no dem
2587 2222 4238 2484 Dentichen-Theuter eine Gläugenden.
810 2317 2463 2527 & die Santage 2 mal gerechnet
2614 2441 4230 2665 Nie 7 Joh. im Jahre 97 wieder
857 2476 2426 2671 hörte. Na que - der Irrthum
872 2634 2490 2871 ist nicht groß, - nachste Mache -
2566 2628 4188 2826 am „Deutscher Theuser“ zu min?
853 2785 2391 3044 Und wie zu doch bei der 28 der
2572 2803 4205 3065 die bzugliche Geheime Abmachungen
866 2952 2389 3203 und im nächsten Jahre habe ich
2572 3005 4226 3240 cisistiren bereits zwischen d'Bielny
878 3145 2436 3352 n'y gott ym - aneine Wutter
2645 3168 4176 3453 und mir im nächsten Jahre
837 3319 2401 3568 Glänzend gewonnen? Ich be¬
2585 3317 4207 3591 Josefe i, um durch einige findete
837 3508 2436 3712 Vauern es die hei, das ich die Rolle
2575 3510 4118 3762 and Thosin „Anatri-Wadtor
843 3655 2449 3896 im nächsten Jahre nicht mehr
2616 3659 4160 3906 m halten. — Ich sehe über den
1907 3772 2362 3947 Ich nur
843 3774 1507 3945 spielen kan.
