5459 5159
2728 1069 3241 1341 o/10 t.
1678 1269 3349 1541 Membri par doktor! habe unendlich be¬
1719 1476 3297 1638 kanert, nicht zu stete gewesen zu
1744 1613 3291 1783 sein! Eine Zwamerkunft bei.
1810 1709 3326 1927 Kompenskej ist eine fast empêche re
1786 1867 3314 2064 Sache! Sie können ja im bestimmen
1804 2031 3158 2172 is, wie lange die Proben sondern.
1802 2134 3349 2290 würden die die Liebenswurde allein
1815 2278 3233 2465 nur mitzutheilen, wie Sie Ihre
1831 2419 3393 2631 Abends — ich meine nach 10 Uhr. —
1794 2550 3415 2743 Herzubringen gedenken. Was machen
1829 2685 3384 2898 Sie z. B. heute nach dem Theater.
1823 2809 3418 2994 Wollen die Bitte die Antwort unter
1813 2971 3409 3183 in n'o Cattes Monapol für die
1835 3079 3444 3303 Ich bleibe da für 7. Uhr abends.
1823 3222 3428 3478 Mit seyachtungsgrüne Grüssen
2195 3444 2913 3663 Ihr ergebener
2865 3534 3432 3702 Jung Jarny
