5460 5207
1603 968 2761 1229 Theateri. d. Josefstadt
2843 1016 3549 1236 WIEN, 2/11 1904
1882 1113 2351 1236 Direction: J. Jarno.
1991 1193 2259 1260 Telephon 2954.
2012 1288 3594 1451 Verehrter W. Schwitzen!
1769 1425 3672 1674 Ihr Antrag eher mich sehr! - Gern’ bis ich bereit¬
1776 1605 3672 1828 sowohl dann "Puppengseln" aus einer „ Neitigant“
1802 1716 3655 1915 zu übernehmen. Nur machte ich bemerken,
1797 1868 3684 2017 dass die Vorstellung nicht, unterheilen im Dezember
1783 1977 3660 2121 oder Jannen stattpielen könnte: Am 13 Jänstst
1778 2086 3615 2254 als auf 2t November habe ich Matineer
1783 2197 3655 2377 bei uns zu heilen, und den 21. November
1780 2306 3575 2491 auf ich eine Ruhe antreten, von der
1787 2472 3608 2621 ich diese anfangs December zu rückkamer.
1797 2597 3618 2777 Vielleicht hat Fr. Stöchsinger die Güte
1778 2697 3570 2874 mis Ort und Stunde zu bestimmen.
1787 2829 3591 2997 Darmt ich mit ihr alle Eingelforsten
1787 2936 3663 3135 lungspreger kann. - Er ist keine Phrese
1799 3056 3589 3234 wenn ich Ihnen sage, wie ich ich mich
1799 3187 3629 3348 freie, wieder einmal in Ihren Werken
1759 3333 2628 3487 Theilen zu dürfen.
1903 3433 3452 3599 Mit den ergebensten Häusern,
2112 3558 3409 3795 Dr. Quis!
