5482 5207
748 552 1477 773 1/1   ̃   =  =
3447 519 3951 765 Von tädtigen und überallen, wenn ich
506 1218 2284 1413 Mein hochverehrter Herr Doctor!
629 1390 2530 1572 Als Vorstand der Fr. Litter Gesellschaft
563 1572 2371 1757 gebe ich der Freude Ausdruck, daß es
578 1672 2353 1878 mir gelungen war, bei Ihnen die
575 1824 2515 2006 Gesetze der Gesellschaft zu durchbrechen –
570 1942 2566 2171 nämlich auch Gedrucktes zu Vorlesung
570 2060 2433 2296 zu bringen. Dem Verfasser der
557 2178 2463 2438 entzuckenden Liebelei hatte man
547 2332 2430 2533 die Concession gemacht! Jetzt will
565 2458 2469 2677 ich Ihnen nur noch berichten wie Ihr
560 2569 2561 2767 plänzender Intergrat Ihres Theodor's
565 2723 2366 2903 gelesen hat - einfach genial – es
596 2818 2507 3016 war eine schwere Aufgabe all die
560 2987 2543 3196 feinen Stimmungstöcke wieder zu¬
2137 3093 2525 3188 hörer
552 3111 2340 3314 geben, aber Jarcio hat die Lesen
560 3234 2525 3437 gepackt und bis zum letzten Wort
565 3370 2350 3565 in Comtloß & Spannung gehalten.
570 3491 2628 3673 die Dichtung hat einen tiefen mächte.
575 3594 2638 3791 gen und nachhaltig in Eindrich hinder
534 3709 2466 3902 lassen, Es war ein wirklich schöner
560 3848 2448 4046 lebend, für den ich Ihnen meinen
568 3951 2623 4159 aufrichtigen Dank hiermit ausspreche.
1192 4084 2499 4305 Ihr aufrichtiger Verehrer
1490 4215 2451 4429 Elis Letztman
