4136 5544
1261 1081 2803 1224 Wie, sind auch Sie ein Gratulant?
690 1102 1108 1236 Thalhof.
1247 1254 2364 1381 Zu Evelinen hergesandt?
1261 1360 2719 1531 Ich bin der flotte Veana Geist,
681 1372 963 1544 Wien.
1265 1565 2539 1683 Von Wean extra aufag’ reist,
1254 1728 2825 1828 Um's Evelintscherl lobzupreisen!
1261 1867 3064 1981 Sö kennen s' doch, nöt? - Dö is Eisen!
1254 2026 3005 2130 Fremd scheint mir Deine Sprache ganz.
686 1976 1088 2151 Thalhof.
1247 2126 3041 2296 I bitt' Sie, reissen S' keinen Pflanz!
688 2165 968 2312 Wien.
1254 2274 2819 2439 Der Thalhof und der Stefansplatz,
1254 2494 3041 2610 Die san gar nah verwandt, mein Schatz.
1254 2580 2994 2773 Aber wo bleibt's Ewelintscherl denn?
1247 2775 2903 2896 Musst Du sie denn als Erster seh'n?
681 2787 1081 2912 England.
1254 2884 2891 3055 Ich hab’, furwahr, das beste Recht,
1254 3064 2898 3212 Aus England stammet ihr Geschlecht,
1236 3257 2771 3368 Dort wuchs sie auf, erblühte sie
1242 3350 2610 3507 Zu ihrer Schönheit Harmonie,-
1247 3564 2676 3684 Ihr süsses, liebliches Gemüth,
1247 3659 3073 3888 Ihr Herz, ihr Geist ist dort erblüht!
1254 3813 2807 3991 I bitt' Sie, machen S' kan Pahöl,
688 3875 963 4016 Wien.
1261 4029 2939 4131 In Oesterreich ist ihr wahre Stell’.
1242 4170 2934 4284 Dort hat s' ja Ihren Mann gefunden -
1236 4347 2939 4474 Durch Liab' is sie an Wean gebunden.
1240 4477 2891 4645 Ich gebe drum mein Recht nicht her,
679 4445 1090 4652 Thalhof.
1242 4647 2707 4847 Hier braucht man Evelinen mehr;
