4184 5576
1341 1082 2829 1279 Wo Grazie und Liebreiz thronen,
1353 1269 2786 1409 Wo Ideal und Schönheit wohnen.
1353 1418 2961 1608 Gemach, ich ford're nichts zurück,
1353 1577 3142 1707 Wir nicht, die Erde braucht das Glück.
1351 1736 3058 1913 Wenn's immer nur zur Zeit erschiene.
1353 1858 2798 2050 Ich bringe Heil Dir - Eveline!
1353 2031 2889 2190 Sei mir gegrüsst; für ew'ge Zeit
1353 2166 3014 2363 bring' ich Dir Glück und Seligkeit.
1349 2363 3019 2507 Was die da sagt, das hat an' Kern -
784 2356 1067 2495 Wien.
1353 2466 3276 2632 Heil Dir, Evelintscherl, ruft auch Waarn.
1365 2668 3168 2805 All right, Eveline, ich leg' zu Füssen
786 2663 1192 2853 England.
1353 2815 3070 2952 Dir meines Wunsches jubelnd Grüssen.
1353 2945 3098 3110 Und lass' ich all die Sprüche gelten,
788 2966 1192 3110 Thalhof.
1363 3122 2925 3286 So gönnt auch meinem seinen Sinn,
1353 3267 3286 3469 Mein Schicksal würd' ich nimmer schelten,
1361 3425 2656 3570 Da ich nur allegorisch bin.
1373 3577 2961 3709 Denn hätt' ich Hände, warmes Blut,
1365 3743 3098 3901 Euch andren Schemen ging's nicht gut.
1365 3882 2781 4046 In meiner Arme Macht gepresst,
1373 4031 2733 4166 Hielt' ich Eveline evig fest.
1373 4202 2709 4341 Nun aber ist es, wie es ist,
1361 4353 2961 4517 Wenn Du nur heut' die Uns’re bist,
1365 4514 2793 4704 So haben wir den besten Theil.
2108 4832 2298 5094 "
