4152 5560
1284 1068 1807 1264 Was ist'sf
726 1109 1127 1261 Thalhof.
1611 1248 3047 1382 Ich bin's, bin Englands Geist,
726 1289 1135 1444 England.
1292 1395 3264 1534 Der Dich, Dein Schicksal glücklich preist,
1310 1573 3382 1712 Weil Du heut' burgst - ich brauch' den Reim-
1287 1706 2741 1894 Am Festestag Frau Weikersheim.
1297 1881 2898 2041 Gewiss, die reizendste der Frau'n,
726 1884 1138 2049 Thalhof.
1295 2018 2821 2190 Sie weilt inmitten uns'rer Au'n,
1297 2180 3001 2314 Drum prangt der Wald im grünen Kleid
1305 2358 2908 2473 So frisch noch zu Spätsommerszeit.
1297 2484 2996 2659 Das glaub' ich wohl! Verwelkter Klee
731 2494 1145 2643 England.
1297 2625 2592 2803 Erblühet neu in ihrer Näh'!
1315 2780 3009 2934 Sie ist der Frühling selbst, indeed!
1305 2937 3127 3086 Doch sieh', ver dort die Strasse zieht!
1297 3086 2756 3245 Der ist mir völlig unbekannt? -
1307 3266 2955 3410 Trägt einen Strauss in seiner Hand,
736 3238 1132 3421 Thalhof.
1305 3402 3001 3567 Den Schnurrbart hat er keck gedreht,
1310 3580 3088 3727 Der Hut schief auf dem Kopf ihm steht.
1315 3740 2937 3876 Und die Kravatte! schau' doch nur!
1315 3868 3042 4033 Und -bringing! Sechser! Velch Frisur!
731 3871 1148 4049 England.
1941 4018 2427 4195 /:Walzer:
1323 4144 2973 4352 Servas mit Linz! Ich hab' die Ehr'!
767 4195 1024 4373 Wien:
1320 4334 3109 4483 Na san ma' s? Kommt sonst Niemand mehr?
1328 4486 2883 4671 Sö san ja a, dös g'spann i schon,
1315 4638 2862 4885 Nur aussag' ruckt zur Gratulation.
