4216 5560
542 980 3688 1448 Sie Manneswigt aus tüsser Obristischlade -
275 1399 3495 1826 Ma. hirvenl - man sind zurück - es ist doch schach
304 1657 3143 2113 Von all den neu heraufbeschmercen Geistere
271 1883 3257 2412 Mer konnt haut nach sein Roll massen
230 2232 3024 2753 Die eine mußte sterben vor der Zeit.
308 2568 3417 2962 de andre mard mit frawen -. die dritt' ist weil
328 2892 3536 3216 Von meilen weiß man nicht kmal zu legen.
283 3216 3430 3586 marum. Was man es selbst vor langer Tagen
336 3479 3483 3918 Lebenst schrift wäre durch der Schreibnath im
390 3807 3147 4246 Wir eine blieb im Brief ihr Welt dißert
353 4115 3651 4587 der daher Spiel nicht galt. Der Heut'uhs überreichte
431 4480 3729 4985 but I fomminy great - t-res fauteurs
2429 4985 2609 5333 P.
