4152 5512
1367 1068 2760 1288 Denn der Natur Heldseligkeit,
1375 1336 3213 1451 Die sie hier ausstrahlt weit und breit,
1380 1495 2603 1600 Von Evelinens Reiz allein
1385 1618 2857 1752 Ist sie ja nur der Widerschein.
820 1755 1317 1969 Schönheit.
1380 1783 3072 1901 Nur lächelnd tret' ich ein bei Buch,
1385 1922 3491 2058 Ihr kennt mich nicht, kannt nicht mein Reich.
1380 2077 3171 2215 Ich komme, Euren Streit zu schlichten,
1357 2265 3030 2359 Euch Allen rath' ich zu verzichten;
1393 2407 2545 2501 Von Evelinens Heimatland
1370 2561 2894 2661 Bin ich die Einz'ge ausgesandt -
1372 2692 3381 2820 still, England, nicht will ich Dir rauben,
1367 2886 3059 2991 Dass ihre Wiege dort stand, glauben,
1370 3027 3059 3124 Dass dort das Kind zum Mädchen ward,
1370 3177 2938 3273 Zur Jungfrau von so seltener Art.
1377 3245 3203 3486 still Dn auch, Wien; - ja, ihr Geschick
1364 3452 2857 3582 Beschied ihr dort das Eheglück.
1375 3611 3140 3761 Genius des Thalhofs, schweig' auch Du;
1375 3776 2799 3912 Was Du gesprochen geb' ich zu,
1372 3878 2923 4083 Der ganze Streit mir wohlgefällt,
1370 4072 3030 4242 Denn ich bin nicht von dieser Welt -
1375 4193 2826 4373 Ich komme aus entfernten Gau'n,
1364 4352 2993 4517 Nach meinem lieben Kind zu schau'n,
1351 4502 2778 4729 Das wir der Erde nur gelieh'n
1364 4677 2810 4900 Aus einer Welt der Phantasie'n,
