4152 5560
753 1357 1740 1509 Thalhof schlummernd.
1323 1514 2832 1615 Aus ferner Gegend komm' ich her,
748 1520 1165 1698 England.
1310 1649 3011 1771 Durchwandelt hab' ich Land und Meer,
1341 1828 2936 1921 Um mir mein liebes Kind zu finden,
1323 1931 3399 2058 Ihr Glückwunsch, Sehnsucht, Gruss zu künden.
1323 2118 2762 2224 0 schnöde Ischler Sommerfahrt,
1328 2291 2840 2376 Durch die sie mir genommen ward!
1333 2459 2705 2534 Nun muss ich wandern überall,
1333 2498 3062 2708 Such' sie in Stadt und Land und Thal,
1341 2736 2726 2855 Um ihr am heutigen Festestage
1323 2915 3031 3000 Zu melden Englands Freud' und Klage.
1333 3034 2599 3174 Und wie ich müde allgemach
1323 3220 2858 3352 Herschreite heut' von Payerbach,
1333 3365 2964 3482 Erblick' ich durch ein Fensterlein
1341 3510 3042 3650 Ein schönes Weib, das muss sie sein!
1338 3655 3119 3769 Und wie wenn mir die Sonn' erschienen,
1346 3824 3091 3914 Schliess' ich das Aug' vor Evelinen.-
1341 3974 3339 4101 Doch sieh! Wer liegt hier, weich gebettet
1333 4111 3016 4230 Das ist, sechs gegen eins gewettet,
1341 4277 2643 4388 Des Thalhofs lieber Genius!
1346 4455 3081 4546 Wie der sein Glück verschlafen muss!
1351 4567 3184 4709 Und ich muss wach sein und muss leiden.
1346 4732 3070 4888 Wach' auf - und lasse Dich beneiden!
