5225 4200
3469 454 4596 621 Votre sérieuse et l'auteur ses mêmes.
1203 493 1366 627 1:10:8
747 484 1031 634 1/1.„ „ —„
1671 486 1897 625 1
2518 489 3092 621 1 : ̃ •
2386 693 3248 817 Z.Z. Klosterneuburg, Elisabethgarn 10
2654 789 3128 900 Donnerstag 17.7.30
1664 973 2484 1110 Verehrter New Doctor Schnitzler,
1794 1078 3233 1186 He hatte die grosse Güte wir zu antworten. Der Brief ging an
1626 1161 3297 1299 meine Bestiner Wusse, in die leere Wohnung, und ist er ist zu tezien
1645 1289 3318 1408 dieser Worte, als ich, etwas streppigirt von einer Wurzeltütengündung, hir
1649 1363 3275 1494 antere, zugestellt worden. So kann ich noch erst zu spät melden, denn
1649 1459 3322 1615 nun nach sie schon unterwegs, und aus, um Stein für Stadtung
1681 1600 2100 1722 Herzen zu dankn.
1794 1611 3344 1792 Ich hoffe sie noch keiner wiedersahm zu diesen. Im Septembre oder Ottote
2511 2023 3303 2168 Berlin-Charlottenburg Richtstrasse f
1873 2085 2044 2196 M
2819 2129 3058 2232 15.8 30
1782 2290 2565 2467 Verehrter Neu Doctor Schwitzler
1775 2405 3440 2569 Soe hatten die güte, aus aus Smikt Morsy zu schonom. Ich habe
1737 2533 3450 2676 die Mitte August, in der Sie nach wien zurückkehrten wollen abzückstet.
1745 2669 2240 2795 um Stein zu danken.
1910 2740 3474 2859 Nun ich aber nur etwa eine Noche in Klosterneitung und sey ist dem
1769 2827 3388 2983 2d. Juli aus weder her, das sie beim rasten Secken saig, so
1801 2945 3472 3068 noch neuer in Wien aufsuchen zu dürfen. Bezwischen habe ich hier den
