5192 4184
3696 356 3985 526 V. P.
4142 393 4449 561 Vonständigkeitet sekä huw.
1564 624 3254 816 werde ich wir erleben, den 2. Band Stad zigeten zu lassen. Was er auf
1562 740 3230 923 einer grossem Zahl von Leiten über dessen Schritfer enthält, kam nicht
1564 854 3290 1040 wagen, Stein irgendetens über sie vorzulegen, was, was für Sie wäre
1581 975 3254 1126 Aber es soll eingehender Bericht" (zud vielleicht auch als dass
1592 1143 2026 1269 für andere sein.
2173 1141 3180 1329 In herzlicher Verehrung und mit allen
1633 1307 2630 1487 guten Wünsche für sie und Ihren Sohn
2688 1359 3061 1493 ganz der Sta
2734 1463 3092 1579 Paul Wiegler
1821 1853 3064 2037 inim Fichrissen Steckerei. Jochen. P.D. J.
1620 1985 3357 2095 Gegentlich ist geschrieben sein, wenn er sich
1683 2082 3396 2183 und Band meines Buches fertiggestellt und auch Sie Seiten 713 - 728 revi¬
1696 2168 3295 2300 Kast, die von Rthür Schritzler und seiner Werken handeln, der Hand¬
1700 2293 3338 2391 kommt vermutlich gegen Mitte Osterin heraus und wird Stein dann sofort
1700 2388 3381 2518 geschikt werden. ich hoffe, daß er in Ganzen vor Seren Urteil bestehen kann.
1791 2464 3392 2598 Noch habe ich ire Frage, verehrter Herr Doctor: die „Müsseits“
1722 2563 3422 2712 zeitung“ möchte, mit Text von mir Pastor von Dichtern bringen, die eines „Neben
1717 2641 3417 2811 "beruf" hatten oder Leben: Strindberg als Rechter etc., und die bedaktion hätte
1722 2751 3409 2893 gers in Bild: A. T. as Arzt. Talle das nött ein Einbruch in Schre. Verwührlich¬
1715 2828 3402 2960 Heitsopfäre ist, so würde ich die bitten, wir ein solches Gott aus ihrer Kedigier
1711 2869 3405 3072 get zu leiten. Die Unutzung wurde ohne Verlegung des Geschmacks erfragen. Bitte
