3384 4056
2561 285 2734 435 22
529 446 2808 696 85. S.urs. Wienerwald-Ausflug mit Wohlschein
532 610 2748 823 und Thilda. Gleiches Wirtshaus wie mit C.T.
541 797 2581 958 Wie ged ern. Gedanken, auch dass gestern
547 909 2731 1125 Franz wieder um Geld geschickt hatte. (Sie
558 1091 2843 1280 sendet 30 statt 100). Wiesengespräch. Reiche
564 1301 1401 1447 Frühlingsstunde.
576 1370 2860 1588 86. S.600. Mit Wohlscheins und Herrn Verkade
578 1537 2892 1752 Oper und Pestaurant. Thilda ist mit V. verlobt
590 1698 2276 1902 Therese nimmt es Wohlschein übel,
584 1836 2878 2037 Franz zieht wieder bei Therese ein. Sein Kum-
601 2020 1844 2201 pan Delikatessenhändler.
604 2118 2685 2339 87. S.609. Thilda spricht nichts von der
596 2288 2803 2509 Hochzeit. Sie findet im Stillen statt. The
607 2463 2797 2670 rese allein. Auch Franz wieder fort,da sie
624 2607 2843 2800 es ihm verwiesen Frauenzimmer mitzubringen.
622 2765 2903 2964 Unnütze Tage. Romane lesend. Sehnsucht Land.
630 2921 2342 3111 Besuch bei der Mutter wegen Geld.
639 3013 2952 3257 88.S.621. In Enzbach. Verändert das Wirthaus,
645 3266 1473 3439 Unruhe, Heimkehr.
650 3303 2860 3626 89. S. 630. Begegnung Wohlschein.Theaterbe-
