3432 4136
709 454 1981 648 Wohnung bei Frau Kausig.
706 607 2556 791 Neuerlicher Besuch bei Frau Ruhsam.
772 791 2974 974 Sie wohnt weiter bei Frau Kausig,Anpassung
722 949 1571 1119 an die Umgebung.
725 1081 2058 1275 Ihr Blick in den Spiegel.
769 1220 2304 1434 Der Spaziergang in die Stadt.
720 1382 2829 1541 Frau Kausig kündigt ihr die Wohnung auf.
728 1541 1995 1705 Suche nach einem Zimmer.
731 1675 2818 1836 Frau Nebling,die alte Operettensängerin.
731 1847 2780 2025 Sie sieht ihren Bruder vom Fenster aus.
736 2000 2164 2173 Geburt des Kindes im April.
733 2153 1888 2350 Der Arzt (The ato rarzt)
742 2282 2736 2493 Junge kinderlose Frau, die sie besucht.
742 2449 2903 2621 Die Bäuerin mit der siebenjährigen Agnes.
750 2638 2463 2766 Lügnerische Briefe an die Mutter,
747 2766 2424 2928 Fahrt auf die Bahn mit dem Kind.
750 2922 1658 3100 Sie sieht Alfred.
744 3035 2263 3240 Ensbach, Gehöft, brave Bäuerin.
758 3226 2225 3390 per Mann, der vom Feld kommt.
763 3385 2389 3571 Ohne das Kind nach Wßen zurück.
742 3522 2378 3749 Besuch in Ensbach bei dem Kind.
