3368 4184
2788 327 2925 472 12
545 487 1217 724 Er erkrankt.
557 690 2870 857 Therese verzweifelt zu Alfred, der nun nichts
551 830 1886 999 mehr von ihr wissen will?
560 1002 2822 1147 Der Sohn bei einer Hehlerbande eingesperrt,
572 1163 1838 1326 verschwindet eine Weile.
569 1320 2834 1447 Therese atmet auf, sie hofft beinahe, dass er
572 1447 972 1620 tot ist
566 1599 2967 1768 Ein letztes kurzes Glück mit einem jungen Men-
578 1744 2843 1953 schen. (Bruder einer Schülerin). Seine Mutter
584 1944 960 2077 zu ihr.
584 2019 3018 2234 Der Sohn kommt auf eine Stunde. Geld. Das wieder-
584 2255 2991 2377 holt sich.Er droht, er muss einen Mord begehen.
581 2377 2915 2510 Sie gibt, was sie hat.Sie will sich von ihrem
587 2537 2582 2691 Bruder ausleihen. (Die Mutter ist tot).
593 2673 2664 2840 Alfred hilft ihr aus.Endlich nicht mehr.
596 2840 2722 2988 Eine Begegnung mit Kasimir.Er ist so amü-
606 2952 3040 3136 sant wie einst.Sie lacht viel.Es gibt Menschen,
606 3152 1626 3321 die ändern sich nie
602 3300 3028 3463 Endlich das Letzte.Sie wagt nicht mehr in ihre
602 3457 2879 3654 Häuser zu gehen, der Sohn kundschaf tet alles
606 3606 3015 3766 aus,will Geld für sie, benützt es zu Erpressun-
624 3809 842 3984 gen.
