9144 4344
219 398 508 637 Ao/9.15
668 570 2621 775 Nach der Geburt des Kindes. Frau Nebli
682 735 2615 943 durch das Kind wie erlöst,spricht sie
674 932 2596 1094 erzählt Theresen konfus ihre Lebensg
696 1086 2582 1243 te, hat auch ein Kind gehabt,es ist g
690 1257 920 1406 ben.
1010 1218 1291 1406 même mais
693 1361 2593 1549 Frau Nebling kümmert sich um das Wei
693 1529 2590 1709 ein alter humoristischer Arzt ersche
685 1661 2599 1866 Sieschreibt an Leute auf dem Land,di
688 1852 2262 2029 Kind in Pflege nehmen sollen,
710 1962 2554 2211 Sie fährt selbst aufs Land,bringt N
710 2161 963 2352 ten.
707 2298 1990 2489 Bauern stellen sich vor,
716 2450 2531 2613 Therese schreibt ihrer Mutter eine
724 2627 2568 2803 stische Geschichte.Sie war irgendwo
735 2770 2562 2944 Leuten auf dem Land,ging wieder for
730 2913 2526 3095 Therese möchte selbst mit dem Kind
741 3081 1658 3272 Land.Warum nicht?
760 3208 2279 3404 (Der alte Doktor rät ihr ab).
738 3387 2054 3595 Die Wahl wird getroffen.
741 3522 2498 3749 Eine Frau, die bisher ein Kind bei
738 3676 2585 3906 te, das nun die Eltern zu sich nahm.
777 3859 2660 4016 (Es ist eigentlich gestorben.There
3295 530 4080 718 ihrt es später.
3331 606 5419 817 e sie mit dem Kind zur Bahn fahren (FRau
3325 791 5368 991 bling ist mit) sieht sie Alfred,zum er-
3331 965 5366 1131 en Mal, es macht sie ganz glücklich oder
3351 1103 4417 1313 ter„denkt sie sich.
3356 1291 5391 1456 eldsorgen.Kleider etc., um eine Stellung
3337 1420 4832 1614 sehen, wieder zu Frau Eppich?
3314 1583 3741 1757 inoncen.
3309 1743 5200 1894 eud Schwierigkeiten: Ihre Schönheit.
3317 1838 5483 2040 tilles Haus zuerst. Zwei Buben und ein Mäd-
3303 2004 5298 2200 hen.Man ist gut zu ihr, aber fremd.Alle
3295 2203 5360 2346 erzehn Tage aufs Land.Sommer.Köstlich.
3278 2332 5503 2503 Der Bub entwickelt sich vortrefflich. Es ist
3272 2500 4002 2694 ein Geheimnis.
3252 2615 5388 2857 Sie begegnet zufällig den Bruder.Er fragt
3250 2809 5360 2980 sie,ob sie denn gelesen habe? Seine Rede
3278 2944 5371 3132 auf einem Kommers. Er spielt eine Rolle.
3300 3084 5464 3325 Ind was machst du? Alfred hat nach dir ge-
3300 3309 3598 3480 fragt.
3283 3353 5534 3592 Sie war glücklich, auch der Unterricht macht
3295 3558 5009 3744 ihr Vergnügen. Männer? 1 - Nichts.
3289 3744 5424 3909 Der Winter neue Freuden. Wenn das Haus im
6401 648 7024 803 Schnee lag.
6132 690 6322 878 G.H.F.P.
6409 721 8666 974 In der Familie erzählt sie, dass ihre Tante
6401 943 8419 1092 auf dem Lande wohnt, man glaubt es ihr
6409 1075 8104 1252 Zu Weihnachten zwei Tage Urlaub,
6418 1209 8567 1482 Sie liebt das Kind unsäglich. Wie schreck-
6409 1389 8478 1566 lich, wenn man es mit einem Vater teilen
6409 1535 8562 1793 müsste. Sie will nicht mehr, dass Frau Neb-
6418 1684 7361 1886 ling hinausfährt.
6409 1779 8548 2029 Sie besucht Frau M. zuweilen,die im Thea-
6418 2009 7630 2220 ter komische Alte gibt.
6398 2099 8562 2352 Und dieses Kind hab ich umbringen wollen.
6404 2310 8579 2486 Zwei Jahre im Haus, dann gibt man sie weg,
6404 2455 8610 2728 weil man eine fertige Engländerin braucht.
6404 2621 7265 2812 Bruder zuweilen.
6409 2716 8419 2952 Nun wieder eine schlimme Zeit, als wäre
6404 2918 8520 3137 die Hölle los. Oder bekam sie nur offene
6409 3078 8649 3311 Augen? Oder war es ein Zufall? Dreimal hin-
6429 3261 7888 3483 tereinander verwüstete Ehen.
6418 3398 8539 3643 Iggendwo die Frau des Hauses zärtlich zu
6404 3539 8579 3730 ihr und der Mann.Anderswo ist das Haus in
6404 3696 8618 3965 Verfall, der Mann flieht, man bleibt ihr das
