3384 4168
495 618 2887 775 30. S.175. Rendez-vous. Frühlingstag. Kursalon.
2742 763 2859 941 1o
549 823 2274 977 Atelier. Sie wird seine Geliebte.
507 917 2838 1077 31. S.184. Kleine Hotels. Casimirs Groheiten.
507 1056 2802 1252 Wiener Wald. Steinrigel. Erste Anzeichen der
507 1261 1354 1421 Schwangerschaft.
510 1387 2932 1587 32. S. 193. pas alte Haus, etwa Domgasse. Casimir
510 1565 2760 1692 holt Essen. Armseligkeit des Kofferinhalts.
516 1710 2847 1837 Rührung Theresens. Mitteilung ihres Zustands.
519 1831 2920 2066 33. S.199. Mit Eppichs Ischler Villa. Die Mäd-
522 1994 2832 2166 chen fröhlich. Der Liebhaber der Frau. Ausfli-
576 2175 2796 2304 ge. Berta schliesst sich Theresen an. Casi-
522 2301 2878 2455 mirs Briefe bleiben aus. Mutter lädt sie nach
534 2452 2938 2609 Salzburg ein. Allgemeiner Ausflug. Bei der Mut-
531 2663 2057 2772 ter in Salzburg. Fremde Frau.
531 2760 2724 2950 34. S.207. Ischl. steigende Unruhe. Erster
537 2935 2558 3083 Gedanke dem zustand ein Ende zu machen.
540 3061 2902 3233 35. S.210. Abreise nach Wien. Suche nach Casi-
540 3212 2841 3378 mir. Domgase, „telier. Gasthof.Sohnsucht nach
540 3375 2944 3547 C.T. Plötzlich noch am selben Abend nach Ischl
552 3580 926 3707 zurück.
