3496 4344
2385 87 2490 187 Deine
2706 208 3035 271 * * * * ^ *
2388 584 2777 713 9/VII 98.
853 761 2417 929 Der Sohn - nach der alten Skizze.
856 895 2893 1082 Sie ist Bonne in einem Hause bei 2 Kindern.
885 1058 2998 1237 Von einem jungen Menschen, vielleicht Student
892 1224 2888 1390 vielleicht Künstler, wird sie verführt und
892 1379 2885 1553 schwanger. Sie muss es der Frau des Hauses
900 1561 2369 1714 gestehen; die schickt sie fort.
911 1680 3014 1859 Ja, wenn meine Kleine nicht beinah erwachsen
921 1930 1322 2038 wäre -!
885 1993 2972 2180 Nun geht sie zu ihm; es ist das Einzige, was
937 2164 2930 2335 sie tun kann. Sie findet ihn nicht, er hat
906 2330 2459 2493 ihr einen falschen Namen gesagt
956 2475 2812 2646 Sie hat noch 60 Gulden. Wohin soll sie?
958 2672 2322 2798 Sie nimmt ein kleines Zimmer.
992 2759 2959 2935 "Hier können Sie aber nur bis zu Ihrer Ent
985 2938 2985 3112 bindung bleiben, nicht länger! :Ein armes
1006 3162 1708 3293 junges Ehepaar:
995 3185 3056 3530 Dann kommt sie zu einer Person, die ihr da
1014 3462 1827 3578 Findelhaus anrät.
1019 3607 1882 3749 Ja, aber was dann?
1021 3712 2883 3888 Sehr einfach: ich kenne einen alten Her¬
