6728 4344
4365 176 5297 521 Do. 9 21
5956 600 6148 735 M:t 554
448 673 670 862 G.C.F.P
4122 729 5500 881 Vergnügungslokale mit ihm.
4136 891 6313 1032 Vorstädtisches Variété.Sie traut ihren Au¬
4125 1062 6224 1210 ges nicht, in dem kläglichen Orchester Ca¬
4111 1213 5764 1359 simir Tobisch als Cellospieler.
4122 1361 6261 1521 per Eabrikant will sie heiraten. Sie wehrt
4100 1507 6256 1669 sich anfangs dagegen, möchte das Schicksal
4087 1661 4954 1813 nicht versuchen.
4138 1829 5773 1969 Sie gibt weiter ihre Lektionen.
4082 1953 5724 2129 Von Franz hört sie nichts mehr.
4082 2120 6240 2288 Ihr Bruder eines Tags empört zu ihr. Franz
4065 2296 6175 2437 wollte Geld von ihm. Er mutet ihr zu, dass
4057 2455 6153 2601 sie selbst den Buben hinauf geschickt.Be¬
4057 2569 6126 2744 nützt die Gelegenheit, um sie auch wegen
4057 2739 6126 2898 ihres Verhältnisses mit dem wabrikanten
5286 2863 5497 3020 sraat
4055 2890 4868 3039 zu beschimpfen.
4038 3039 6186 3198 Reise mit dem Fabrikanten an die Nordsee.
4082 3233 6062 3393 pr wird sie heiraten,Tag der Hochzeit
4033 3368 4654 3477 steht fest.
4976 3355 5416 3547 [illegible]
4011 3509 6105 3701 Am irgend einen Tag will er sie abholen
4028 3685 6180 3898 wegen Einkäufen.Er kommt nicht, ist in der
