3480 4360
270 580 369 658 a
896 711 2992 909 nen seltsamen Blick. Der Fabrikant giebt ihr
914 896 2291 1011 eine kleine Summe u.heiratet.
904 1032 2949 1168 Sie begegnet dem Vater des Kinds, lässt ihn
914 1217 2925 1324 nicht einsperren, hat gar keinen Zorn, wun-
874 1377 2532 1481 dert sich. Er lebt nicht mehr hier.
914 1481 2901 1663 Sie wird die Geliebte eines jungen Arztes;
925 1655 2965 1791 der hat sie wirklich gern. Ihm entdeckt sie
928 1797 3056 1944 sich, teilt ihm ihre Angst mit, dass das Kind
938 1965 2917 2091 von ihrem Mordversuch wisse und sie hasse.
930 2069 2997 2299 Er lacht über sie. Sinnesverwirrung. :Viel-
938 2297 3086 2414 leicht setzt die Novelle an dieser Stelle ein
973 2446 2524 2569 - Der Arzt verlässt sie :Marine:
944 2612 2936 2722 Nun lernt sie einen Buchhalter kennen, der
947 2767 3005 2901 sie heiraten will. Alles ist schon so weit,
952 2941 1872 3035 da stirbt der Mann.
949 3043 3075 3190 Das Kind in der Schule schlimm. Ewige Selbst-
968 3219 3091 3393 vorwürfe der Mutter. Sie lebt nun allein, nur
971 3409 3043 3564 der Erziehung des Kindes gewidmet; ganz ver-
965 3588 1366 3690 geblich.
973 3684 3040 3869 Er kommt in eine Lehre, bestiehlt als 13jäh-
981 3845 3051 4061 riger Bursch den Meister; wieder zur Mutter.
