6696 4328
652 646 1424 824 Geld schuldig.
664 780 2952 969 Dann besseres, aber die Weiber waren hässlich
661 961 2757 1135 oder hatten Liebhaber.Sie als Vertraute.
670 1089 2827 1307 Sie selbst wurde gut behandelt. Eine Weihe
681 1269 2658 1441 über ihr. Zwei Jahre wie eine Heilige.
681 1397 2949 1613 Sie sehnt sich nach niemandem, zuweilen nach
675 1575 1066 1761 Alfred.
664 1723 3004 1892 Die Mutter kommt einmal nach Wien. Sie spricht
687 1854 2958 2073 von dem statthalter,er ist gestorben und hat
670 1985 2885 2195 der Schauspielerin viel hinterlassen. (Oder
690 2163 1700 2355 hat sie geheiratet)
690 2312 2751 2524 In einem Roman ihrer Mutter ihre Briefe.
672 2466 2611 2678 Sie soll ihr erzählen, was sie erlebt.
681 2638 2731 2815 Nun in einem Haus, wo ein junger Bursch,
690 2754 2809 2984 der nachts zu ihr kommt.Man entlässt sie,
693 2967 2763 3130 ohne ihr den Grund zu sagen. Sie merkt,
687 3103 2204 3278 dass seine Freunde es wissen.
684 3231 2780 3429 Im nächsten Haus der Ehemann,während die
693 3418 1857 3607 Frau auf dem Land ist.
675 3537 2772 3729 wald kümmert sie sich nicht um das Kind,
670 3706 1607 3889 bald sehnsüchtig.
681 3869 2940 3988 Ein hübscher eleganter Herr auf der Strasse
4009 472 6265 731 spricht sie an.Mit ihm in einem schlechten
4020 707 4352 885 Hotel.
4012 806 6315 1031 Nun wird sie wild vor Sehnsucht,ohre Plätze
4026 1007 4510 1156 wechseln.
4012 1130 6288 1342 Wenig Zeit für den Buben.Die kargen Ausgän-
4026 1310 6143 1493 ge braucht sie für ihre Liebesaventüren.
4020 1441 6227 1648 Im nächsten Winter (ihr Bub spricht schon)
4032 1595 6233 1817 fährt im gleichen Coupé ein sehr eleganter
4050 1773 6125 1927 junger Mensch.er hält sie für eine junge
4044 1942 6128 2087 Frau. Absteigquartier.Herrliche Zeit.Sie
4020 2082 6073 2265 kommt in die Hoffnung. Noch einmal, nein.
4020 2198 6271 2431 Sagt ihm gar nichts, lässt sich das Kind ab-
4038 2396 4463 2591 treiben.
4050 2547 6146 2751 Die Liebe schwindet wie sie gekommen.Bas
4032 2710 5246 2894 macht sie sehr traurig.
4032 2804 6274 3063 Neue Stellung,beinahe Gesellschafterin, bei
4032 2958 6309 3153 einem blinden Arzt. Eine Tochter.Er spricht
4038 3153 6111 3342 mit ihr sehr salbungsvoll,sie soll sich
4029 3284 6329 3494 nicht fortwerfen, sie merkt er hat es auf sie
4038 3464 6268 3662 abgesehen.Sie hat ein Verhältnis mit einem
4038 3622 5828 3793 ganz jungen Burschen,Freiwilligen.
4020 3782 6216 3968 Begegnung mit Alfred,er wird bald fertig,
