3464 4344
926 856 1750 1029 umbringen wollen.
926 1153 3059 1331 Theresens Geschichte: Ihr Vater war Major; er
891 1345 2932 1480 wird pensioniert mit 56, sie gehen von Wien
923 1517 3000 1628 nach Salzburg, wo sie sehr eingezogen leben.
932 1679 2921 1823 Ausser Therese ist noch ein 채lterer Bruder
929 1836 3024 1963 namens Karl da, sehr solider, aber innerlich
937 1936 2954 2128 bequemer, ja feiger Mensch. Therese ist 10,
932 2138 2916 2257 Karl 19 Jahre; bleibt in Wien, wird Notar.
1018 2271 3027 2454 Kurz nach der Uebersiedlung stirbt die Mut-
940 2470 1156 2608 ter.
950 2557 3021 2724 Vielleicht bittet sie ihre Tochter, die noch
945 2738 2984 2902 ein Kind ist, die Briefe zu verbrennen, die
937 2905 2973 3035 da liegen. Die Mutter war eine Italienerin.
929 3051 2967 3226 Der Vater hat sie nach der Geburt Kalte ge-
932 3218 1393 3380 heiratet.
891 3332 2932 3545 Therese soll etwas lernen. Sie wird Kinder-
942 3548 2978 3656 g채rtnerin, hat viel Talent zu Handarbeiten.
1042 3669 3027 3826 Fr체he Sinnlichkeit. Gef채hrliches Spiel mit
905 3864 3075 4069 einem Freund Karls. Endlich wird sie von einem
