3464 4344
882 854 2962 1051 Oberleutnant verführt, der ihr gleich darauf
893 1010 2924 1174 zuwider wird, weil sie erfährt, dass er mit
895 1182 2929 1365 der Sentimentalen von Salzburg eine Laison
890 1387 1122 1496 hat.
901 1450 2929 1682 Es ist ihr ganz Recht, wie sich Gelegenheit
906 1663 2995 1783 bietet, von Hause wegzugehen; sie bekommt ei-
904 1805 2951 1930 ne Bonnenstelle in Wien bei einem Advokaten
906 1933 3017 2151 namens Ronnegg; sin Sohn im Hause, zwei klei-
912 2110 1955 2274 ne Tächter, Zwillinge.
871 2222 3066 2427 Sonntags darf sie ausgehen. Anfangs benützt si¬
923 2424 2861 2563 das Recht nicht; endlich einmal, weil der
923 2561 3006 2749 Sohn des Hauses ihr nachstellt. Da lernt sie
934 2746 3014 2943 einen kennen, der jung und frech ist und des-
925 2905 1979 3044 sen Geliebte sie wird.
923 2973 2891 3243 Der Sohn des Hauses, wie die Sache heraus-
928 3104 3082 3407 kommt: Bin ich froh, dass es mir damals nicht
934 3361 2921 3557 geglückt ist. Das ging jetzt sicher an mir
934 3541 1166 3735 aus!
