3496 4168
1867 564 2467 708 Therese
573 738 2881 846 Theresens. Der Professor schüttelt ihr wieder
576 837 2959 1029 die Hand.Man bittet sie bald wieder zu kommen.
558 999 2863 1176 S. 496 Die Einladungen beim Bruder.Einmal die
576 1149 1618 1351 Mutter.Familienfest.
564 1333 2863 1489 S.est97 Auf dem Heimweg der Professor über die
570 1519 1681 1651 Carriere des Bruders.
570 1636 2977 1774 S. 508 Mehr von der Nacht, inder Franzl zur Welt
570 1810 2980 1942 kam. Aufsteigenaus Vergessenheit.Wichtige Stel-
579 1951 2896 2137 ele. Ihre Angst, dass Franzl etwas weiss. Unsin
567 2137 795 2260 nig.
615 2251 1894 2434 S. 506-510 neu schreiben.
561 2380 2617 2557 S. 571 Mehr über den Prokuristen und die
558 2584 1705 2716 Schwester Wohlscheins
570 2716 2827 2863 S.714 Begräbnis später.Sie weiss schon,dass
576 2863 1732 3079 sie nichts me erbt hat.
