6712 4344
5932 443 6146 591 „ 629
3946 617 6059 773 Vor Weihnachten wird sie doch jedesfalls
3943 758 5477 909 beim Vater sein. Ihn besuchen
3943 880 5159 1045 Sehnsucht nach Arbeit.
3929 1065 5512 1227 Nach Wien zurück.Herbst, Regen,
3940 1187 5547 1337 Keinerlei Nachricht von Thilda.
3920 1335 5344 1494 Auch Franz ist verschollen.
3929 1494 5347 1676 cie besucht die Schwägerin.
3923 1662 4725 1809 Ganz ohne Sinn.
3917 1798 5599 1974 Sie versucht Alfred zu sprechen.
3934 1934 6117 2110 Soll sie zu Wohlschein? Sie hat eine selt-
3914 2122 4814 2264 same Angst davor.
3914 2270 6204 2438 Zufällige Begegnung mit ihm auf der strasse.
3902 2461 6210 2632 Er spricht gleich von Thilda. Hat nur selten
3917 2594 6071 2730 nachrichten von ihr. Ich soll Sie von Ihr
3905 2788 6227 2898 grüssen. (Warum hat er mir das nicht gleich
3885 2889 4594 3043 geschrieben?
3885 3040 5503 3222 wie sie ihre Abende verbringt?
3905 3222 4366 3358 Theater?
3905 3355 4945 3512 Da komm ich nie hin.
3862 3541 6065 3706 Fr lädt sie ein. Einmal zusammen in einem
3897 3630 4713 3827 Vorstadttheater.
