6680 4392
4285 308 5194 581 21 0. 0. 41
5742 554 5954 721 a 557
4037 746 6246 920 Franz kommt immer wieder Geld von ihr ver¬
4043 884 4447 1041 langen.
4089 1066 6157 1187 Endlich wie sie einmal notgedrungen ihm
4034 1242 5879 1380 das Geld verweigert, bedroht er sie.
4020 1371 6157 1537 Das nächste Mal erschlägt er sie beinahe.
4029 1542 6168 1691 Leute dazu, Franz wird verhaftet.Der Poli¬
4029 1677 6218 1862 zeiarzt.Sie besteht darauf, dass Alfred ge¬
4018 1828 4610 1961 holt werde.
4062 1947 6215 2195 Dem Polizeiarzt erklärt, dass ihr Sohn ei¬
4018 2159 6036 2288 gentlich unschuldig sei,er tue nur, was
4009 2291 5455 2451 sie an ihm habe tun wollen.
4012 2456 6152 2622 visionär die Erinnerung an die Nacht sei-
4004 2583 4604 2729 ner ce burt.
4043 2776 6149 2891 Elfred kommt.Sie spricht zu ihm, als wäre
4001 2919 6053 3037 er der Vater des Kinds.Er fühlt,dass es
3982 3062 5009 3227 irgendwie wahr ist.
5034 3126 5557 3307 Alfred & - Nov
4004 3205 4439 3373 Ihr Tod.
4310 3354 5287 3533 zo    eepei thin
4472 3459 6182 3646 Ce ce de ceux du il s'agissent sou¬
4624 3613 6320 3767 is in die agatite aen Lebende med... at de Torte.
4552 3693 5224 3850 das ihr geleit hat
