3448 4168
2643 341 2784 502 13
490 493 2781 768 ger Knabe. Mutter lieber mit dem Buen allein.
493 703 2356 912 Therese viel freie Zeit.Stadtbummel.
419 825 2754 1079 4 Liebhaber: der Krauskopf. Lustig udd frech.
562 1023 1767 1217 Verabschiedet sie bald.
517 1181 1776 1337 Tröstet sich in Enzbach.
517 1271 2894 1507 Kann den Einfluss auf ihren Zöbling nicht wie-
532 1477 1636 1630 dergewinnen. Kündigt.
798 1600 1369 1719 Stellung:
538 1597 2945 1842 61.S.366. Fabrikant. Heitere Frau.Zwei Mädchen.
544 1725 2766 1935 Therese akkomodiert sich jetzt immer rasch.
556 1875 2784 2099 Liebhaber. Reise nach Enzbach.Bekanntschaft
547 2066 2873 2269 mit dem Ministerialsekretär Ring. Ihre Lügen.
559 2213 2736 2425 Materieller Zuschuss. Egoismus des Mannes.
562 2362 2808 2556 Kommt in die Hoffnung,macht dem Zustand ein
565 2500 2763 2745 Ende. Ihre Stellung wird unhaltbar, Versuch
577 2667 2769 2864 sich mit Ring auszusprechen. Kündigung von
577 2838 2960 3020 Seite des wabrikanten. Sie anmet auf. Enzbach.
598 2990 2885 3187 1901. Leutnerischer Einfluss. Briefe, auch an
601 3098 2835 3337 ihre Mutter, He offiziell immer noch nichts
613 3271 2888 3483 von Franz weiss. Vom Ministerialrat hört sie
643 3489 1298 3654 nichts mehr.
