3368 4120
2494 329 2639 508 16
593 525 2786 735 Nimmt Franzl nach Wien. Zu einem Schneider
596 704 2508 882 meister in Kost. Alfred Sekundarartzt.
604 905 2364 1056 1904. Franzl zu einer Lehrerwitwe.
599 1022 2835 1197 Erkrankung der Frau Bauer. Ihre Hoffnungen.
610 1183 2718 1353 Kündigung. Verzwefelte Aussprache mit Al
621 1331 2491 1493 fred. Er bleibt kühl, sie fühlt: aus.
633 1453 2832 1646 68. S.44. Reise nach Salzburg. Mutter bra¬
627 1612 2786 1793 ve, harmlose Frau. Schlägt ihr vor die Lie-
630 1776 2880 1978 besszenen in den pomanen zu schreiben. Nach
636 1915 2673 2108 Enzbach mit dem Buben. Mit Alfred Reise
641 2083 2735 2259 steirische Alpen. Zurück. Franzl kleine
658 2239 2874 2409 wiebstähle. Agnes, in Wien bedienstet, frech,
658 2403 2718 2579 gleich auf gleich.Scheinbare Versöhnung.
664 2523 2846 2715 69.S. 451. (28.stellung) Bankdirektor,müde
661 2687 2903 2883 Frau, zwei Mädchen, Therese will nicht wieder
678 2826 2920 3030 ihre Seele hergeben. Empörung,dass nie Rück
692 2954 2971 3172 sicht auf sie genommen wird. Beklagt sich zu
687 3178 2341 3343 Alfred. Er beruhigt sie. Streit.
690 3311 2798 3499 Franzl wieder zu einem Schneider im Lieb-
692 3482 1674 3663 hartstal. Lehrling.
