3432 4328
2947 376 3037 643 11
671 599 2490 761 sie heiraten.Das Kind hindert ihn.
664 767 2832 916 Sie war fast entschlossen es fortzugeben.
680 854 3062 1136 Fahrt mit dem Buben in eine fremde Stadt.Dort
683 1077 2903 1251 findet sie Max als Major wieder.Er erkennt
686 1208 3018 1369 sie, sie gibt sich als Witwe aus, erzählt eine
692 1372 2291 1549 sonderbare erlogene Geschichte
683 1521 3176 1702 Zurück wie befreit, aber es geht nicht, sie gibt
699 1695 2956 1851 dem Mann den Abschied,holt ihr Kind zurück.
692 1851 2953 2028 Der Bub, nun dreizehn,läuft zu seinem Onkel,
711 1987 2912 2149 leiht sich dort Geld aus für seine Mutter,
705 2161 3055 2335 der Bruder empört, verbietet sucht dergleichen,
696 2319 2962 2481 hat immer Angst, dass man das gegen ihn aus-
705 2478 1431 2633 nützen könnte.
708 2580 3083 2810 Alfred wird ein berühmter Arzt,therapeutische
717 2773 1298 2968 Entdeckung.
705 2885 2847 3108 Die Mutter geizig,wie sie krank wird ver-
717 3065 2453 3232 schenkt sie beinahe all ihr Geld.
717 3180 3046 3384 Der Sohn gehört einer kleønen Diebsbande an,
730 3353 3124 3580 wird vorläufig der häuslichen Züchtigung zuge-
723 3530 3108 3701 führt. Sie fleht ihn auf den Knieen an sich zu
720 3673 2990 3881 bessern.Er braucht Geld, wird aus der Schule
733 3841 2794 4046 hinausgeworfen, läuft mit Dirnchen herum
