3368 4088
2531 341 2681 540 18
646 505 2892 669 Sie scheidet aus dem Haus des Bankdirektors.
637 643 1421 778 Privatlektönen.
643 760 2898 904 73. S. 491. Wohnt mit W Franzl. Vielleicht hat
640 896 2543 1063 ihm nur das gefehlt. Brief an „lfred.
640 1045 2784 1213 74. S. 493. Einladung zum Bruder. Der stot-
634 1192 2734 1345 tornde Arzt und Professor Willnus. Schwä¬
640 1380 2760 1542 gerin hat ein Kind. Politisches Geschwätz
634 1518 1260 1700 des Bruders.
637 1656 2795 1835 Richard und die Andern. Sie verliert sich.
640 1820 2857 1967 Oefters Bruder, Professor galant. Bruder rät
637 1961 2725 2117 Werbung anzunehmen. Das Kind kann ja aus
640 2141 2842 2302 geschiedener Ehe stammen. Theresens Aufleh-
631 2296 2740 2417 nung, dann loise Sehnsucht nach legitimem
637 2443 957 2590 Glück.
661 2552 2878 2734 Stilles Beisammensein mit Richard, dann ein
640 2751 1166 2904 fideleres.
640 2883 1991 3042 Lederner Brief von Alfred.
661 3004 2687 3224 75.S. 506. Mit Franz zufrieden. Ueberra-
643 3151 2795 3341 schend schlechtes Zeugnis. Erkundigug AUs-
652 3300 2781 3529 künfte des Lehrers. Therese stellt Franz
646 3494 2848 3659 zur Rode. Seine Frechheit, sein Blick. Erin-
634 3685 2998 3811 nerung an jene wacht. Weiss or? Opfer bringen,
