3480 4328
2302 399 2412 507 1.
265 536 375 683 1
2503 606 2584 772 †
852 761 2961 949 Er geht durch. 15 jährig. Er wird mit andern
863 959 2865 1093 halbwüchsigen Mädeln u.Buben aufgegriffen.
935 1115 2945 1219 Letztes Verhältnis der Mutter. Sie altert.
898 1276 2830 1474 Sie giebt ihr ganzes Geld dem Sohn. Sie
884 1415 2742 1619 fängt an zu fürchten, dass er es weiss.
970 1597 1844 1755 Sie geht beichten.
892 1707 3047 1932 Sie geht zu jenem Arzt, der längst verheiratet
895 1938 1107 2082 ist.
892 2050 2913 2246 Sie wird immer verzweifelter, dem Wahnsinn
911 2200 3061 2396 nah. Sie traut sich ihm kein böses Wort zu sa¬
903 2409 1126 2559 gen.
909 2500 2857 2688 Mit 16 wird er der Liebhaber einer Dirne.
919 2616 3058 2854 Eine Zeitlang hat die Mutter Ruhe. Dann kommt
938 2857 1399 2967 er wieder.
925 3002 1745 3173 Alles wird ärger.
938 3141 2897 3275 Endlich einmal kommt er schon am nächsten
895 3288 3018 3479 Tag. Die Mutter hat nichts mehr. Er erschlägt
938 3449 2471 3580 sie. Sie sch reit, ruft um Hilfe.
895 3513 2897 3736 Leute kommen; er lässt sich ruhig fesseln.
935 3752 3082 3878 Sie sagt dem Arzt: Er ist unschuldig, ich hab
962 3910 3007 4071 es nicht anders verdient. Ich hab' ihn auch
