3480 4360
2781 606 2858 703 2.
873 825 1787 919 sucht Haushälterin.
882 930 2930 1079 Ah, wenn ich ihm irgendwo begegne, ich lass
887 1133 1624 1247 ihn einsperren!
882 1226 2984 1384 Sie nimmt ein kleines Zimmer in Lerchenfeld.
887 1421 2925 1541 In der Nacht wird sie von Wenen überrascht.
895 1573 2917 1696 Sie will das Kind mit Decken ersticken. In
855 1702 2906 1857 der Frühe fragt sie sich: was soll ich tun?
914 1891 2014 1998 wird man mir's glauben?
908 2046 2679 2161 Zu inrer Ueberraschung lebt das Kind.
924 2172 2978 2316 Nun kommt eine ungeheure Liebe für das Kind
876 2329 3024 2476 über sie. Sie beschliesst, ihr Leben ganz dem
922 2492 2936 2631 Kind zu widmen. Es sieht sie so merkwürdig
938 2722 1106 2802 an.
938 2818 3027 2949 Sie wird nähen, sie geht in ein Konfektions-
938 2976 3002 3115 geschäft. Sie liefert ihre Sachen pünktlich
954 3187 1117 3270 ab.
956 3275 3059 3409 Bekanntschaft mit xxxxxx einem Fabrikanten
972 3457 2898 3569 von 40 Jahren. Freund des Geschäftsmanns
916 3612 2068 3726 Sie wird seine Geliebte.
970 3761 2994 3873 Während dieses Verhältnisses wird das Kind
983 3919 2992 4036 drei Jahre alt. Es ist nicht schön, hat ei¬
