3400 4136
2664 374 2793 657 11
428 516 1280 708 1900. 53. S.329.
443 645 2771 833 Erste beste Stellung zu drei ungezogenen Kin-
506 821 2793 978 dern. Unmögliches Haus, Flucht nach Enzbach.
447 893 2793 1110 Schuldgefühl gegenüber dem Sohn.Anschaffungen
450 1079 2799 1271 der Frau Leutner. Therese kein Geld.Rm Leiht
453 1267 2645 1428 sich von der Mutter aus. Ungenügend. Fort.
459 1412 2717 1617 54. S.330 c. Stellung. Zwei Mädchen.Mutter
462 1566 2862 1755 auswärts Bureau. Vater durchgegangen. Eines der
513 1727 2843 1931 Mädchen kränklich. Fort.Gasthof.Armselig. Wie-
481 1849 2893 2051 der Gedamke sich zu verkaufen. Abgenütztes Mut-
528 2041 2607 2192 terherz.Schneiderin. Kostüm auf Kredit.
544 2167 2680 2346 55. S.337. Stellung. Professorswitwe. Zwei
478 2327 2796 2500 Mädchen von 10 und 12 Jahren. Thesese bildet
497 2494 2941 2683 sich selbst weiter aus. Kärglichkeit. Kündigung
500 2673 1113 2840 im Frühjahr.
500 2799 2620 2997 56. S.340. Schuldgefühl wegen Kündigung,
387 2950 2878 3180 19 Stellung. Hutmacher.Sibenjähriger schöner Bub.
503 3110 3029 3287 Fröhliche Familie. Wacht am Bett des kranken Kin-
500 3230 2975 3422 des.Liebe zu ihm. Man kündigt ihr, weil die frü-
509 3428 2525 3573 here Erzieherin kommt. Innere Empörung
550 3563 3007 3799 Flucht nach Enzbach. Unbehagen Widerwille gegen
