3432 4328
2945 501 3093 684 13
650 590 3081 805 Er kommt einmal mit einer Geliebten zu ihr,ei-
647 775 2929 936 ner Dirne.Die spricht von ihren Krankheiten
629 906 3069 1085 u.s.w., sie muss das ja wissen, der Sohn hat oft
641 1021 2969 1264 von ihr so gesprochen, als wäre auch sie eine
632 1188 1377 1392 Dirne gewesen.
629 1352 3030 1556 Endlich eines Abends (sie hat Ahnungen vorher)
617 1522 3048 1735 will er wieder Geld,erschlägt sie.Er wird ver-
617 1693 3027 1890 haftet.Sie lässt Alfred holen.Der Polizeiarzt,
608 1838 2938 2033 Der Sohn ist unschuldig. (im Delirium). Er tat
620 1987 2978 2164 ihr nur, was sie ihm getan hat. Auch sie wollte
617 2158 2978 2316 ihn töten. Sie spricht Alfred als seinen Vater
602 2309 2966 2519 an.(Manche glauben es) Dein Kind,unser Kind.
605 2461 2176 2650 In der Nacht darauf starb sie.
