3368 4056
2531 316 2675 429 20
598 378 2847 643 77. S.531. Erkrankung Franz. Bruder als Arzt.
581 561 2816 765 Seelische Besserung. Dann schlimmer als je.
584 745 1588 945 Nachts ausser Haus.
607 846 2861 1075 Tho roso fühlt sich altern. Sylvie ist fort.
601 1018 2849 1202 Schwägerin erwartet zweites Kind, ist klüger
609 1171 2378 1363 als sonst.Nach Geburt wieder dumm.
615 1323 2818 1529 78. S. ob 535. Begegnung mit Alfred. Er ist ver-
604 1464 2646 1662 heiratet. Sie verliebt sich neu in ihn.
609 1614 2779 1811 Koketterie mit dem Bruder einer Schülerin.
629 1803 2720 2006 Wegen Franz in die Schule beschieden. Er
623 1941 2765 2139 kommt nie. Szone mit ihm. Er will Matrose
623 2096 2838 2288 werden. Sein Freund, der Hochaufgeschossene
629 2243 2830 2432 Macht ausser Haus. Sie zur Polizei beschie
643 2429 2813 2607 den. Franzens rohe Ausdrücke. Seine offen-
640 2556 2830 2751 heit ihr gegenüber entfremdet sie ihm noch
646 2787 920 2943 mehr.
666 2813 2734 3030 79.S.541. Angst wieber wieder ausbleibt.
666 3002 2703 3188 Wie er kommt Erbitterung. Er höhnt sie,
663 3205 1916 3380 beschimpft sie unflätig.
671 3284 2940 3524 Schreibt Alfred,Besuch bei ihm.Seine Diagno-
683 3402 2864 3665 se Moral insanity. Ihr Bild im Wandspiegel
