3496 4200
1163 336 2008 576 nuen
791 564 2788 842 Seite 45:..die es für sie keineswegs
486 752 1954 893 waren... finde ich ganz gut.
803 848 2851 1046 Seite 52:...lehnte sich dagegen auf"...
444 962 2428 1103 scheint mir das dagegen überflüssig.
815 1052 2974 1232 Seite 61:.. nach Salzburg“... einfach weg.
519 1193 2929 1415 Auch Seite 62 habe ich so geändert: -Dann - so
522 1283 2773 1478 schien es ihr in dieser trüben Morgendämmer
525 1361 2857 1550 stunde - blieb ihr nur mehr die Strafe übrig.
839 1472 2926 1715 Seite 64:-Im Ton eines leichten vorwurfs
1652 1589 2944 1721 die letzten drei Worte wä
537 1670 1529 1801 gegen sich selbst.
483 1721 1849 1861 ren direkt gegen den einn.
899 1798 2941 1990 Seite 64:...Nicht von zuhause“, sondern
486 1975 1538 2086 einfach „von Hause.
908 2023 2815 2263 Seite 65: habe ich vor "unbehaglicher
498 2176 1858 2320 das Wort „noch eingefügt.
929 2266 2905 2461 Seite 65: „Wie sie die in Wirklichkeit
2377 2338 2980 2494 das -hatte
567 2380 2314 2545 eigentlich niemals gesehen hatte“
564 2545 842 2635 fort.
932 2533 2944 2752 Seite 62: „Zu Spaziergängen und, selten
1930 2629 3063 2818 soll so bleiben,nicht:
585 2716 1769 2851 zu einem Theaterbesuch
576 2827 1223 2947 doch selten.
950 2848 2854 3054 Seite 91: „Angabe geleistet" ist bes¬
534 3024 1957 3159 ser und soll daher bleiben.
959 3039 2968 3282 Seite 106: Nach „Freude bereiten würde
546 3252 2119 3411 Andrufungs-nicht Fragezeichen.
959 3270 3027 3543 Seite 120: „Lag Therese“ - soll bleiben
980 3465 2851 3696 Seite 125: „Verlor sich in den Wald"
561 3636 1274 3804 soll bleiben.
