3496 4360
384 497 628 694 16.1
297 788 2908 1182 Muttersschächen. Er, da Elende wir vermöhnt
197 1022 2771 1492 zehntshalt von seinen Mutter..benhebte die
244 1239 2828 1683 Zack gegen sie auf und Wiese. Nun sind wir
214 1462 2901 1853 quelle... (Sie erzählte eben Doktor). Ich ist ein
217 1719 2855 2123 Kind der Liebe. Sie hat ihr gleich nach der Gebiet,
257 1957 2821 2384 umbringen wollen. Sie sich die Rechten darüber
317 2220 2851 2618 gebreitet. Aber erlebte... Sie konnte ihn
230 2471 2721 2848 nicht im Gesichtschein.. denn so hat ich
280 2678 2905 3132 se ermorden wollen.... M iſt er? Dokbr.
270 2971 2915 3369 Zur Kerker... Ich sagen die, dass man ihn entlasse
337 3319 1776 3713 Ich haben ja verdient.
2915 3926 3168 4100 " "
611 3903 798 4123 A.
