6728 4344
5885 544 6080 713 631
3968 682 6165 877 sei diesem wittagessen merkt Thilda natür-
3939 877 6240 1054 lich, wie es zwischen ihrem Vater und Therese
3937 1008 4298 1155 steht.
3951 1157 6114 1344 Thilda: Warum heiratest du sie eigentlich
3939 1326 4312 1467 nicht?
3937 1481 5572 1630 Wohlschein erzählt es Theresen.
3939 1645 5475 1796 Therese ab^r hat Angst davor.
3931 1808 5879 1951 Sie will weiter ihre Lektionen geben.
3945 1931 6025 2137 Im Grunde bleibt sie ihm fremd. Denkt an
3934 2114 4363 2235 pichard.
3937 2200 5458 2407 tumpfsinnige Abende mit ihm.
3928 2407 5604 2581 Einmal mit ihm in einem Variété.
3916 2584 6022 2725 Krchester ein ziemlich alter Mann, der
3919 2739 5799 2874 cello spielt.Es ist Kasimir Tobisch.
3896 2891 5750 3028 Das Herz krampft sich ihr zusammen.
3908 3014 6171 3177 ner Bruder besucht sie, empört. Franz hat ihm
3908 3200 5948 3372 um Geld geschrieben,fast erpresserisch.
3899 3355 5982 3481 Er beschimpft sie,dass sie die Maîtresse
3894 3492 4902 3670 von Wohlschein ist.
