3352 4088
2500 346 2629 479 19
1893 387 1982 502 8
555 555 2623 741 Professor Wilnus Werbung. Man könnte das
560 661 2676 867 Kind anderswohin geben. Sie wehrt sich.Er
555 845 2634 1056 will den Buben kennen lernen. Besuch bei
574 1009 1689 1182 Therese. Prüft Franzl
555 1157 2643 1349 Sylvie bringt die Nachricht von Richards
569 1352 1547 1500 Tod. Das Begräbnis,
577 1436 2542 1594 76. S.520. Lebt ganz dem Beruf. Franzl
580 1603 2682 1806 scheinbar brav. Bruder meldet sich nicht.
574 1748 2601 1976 Sylvie alternd. Schülerin auf dem Land.
577 1915 2604 2088 Spiel der Sommerlüfte. Sie unbsteiligt.
583 2088 2707 2277 Frühe Rückkehr. Beamtenswitwe über Franz.
591 2233 2746 2431 Szene mit Therese. Sie schlägt ihn. Er zu
602 2433 864 2567 rück.
599 2500 2629 2704 Sie schreibt Alfred von ihrer Angst. Er
613 2682 2735 2843 rät Franz wegzugeben,hat sich in Tübingen
608 2893 1012 3036 verlobt
610 2997 2854 3203 Der Bruder Wilnus, Verräterei. Ueber die Mut-
613 3153 2682 3348 tor. Sie sollte zu Karl ins Haus ziehen.
619 3253 2813 3482 Begegnung mit Agnes.Vorkäuferin.Ihr Besuch
613 3490 1257 3677 bei Therese.
