6680 4392
4331 213 5190 529 Do. 0 41
5833 771 6029 921 956
4058 916 5912 1098 Franz, ein paar Monate im Gefängnis.
4126 1101 6245 1209 (Die Mutter hat in der Krankheit ihr gan¬
4052 1240 5167 1399 zes Geld verschenkt.)
4047 1374 6140 1536 Ein Wiedersehen mit ihrem Verführer (ist
4052 1533 4746 1701 jetzt Major).
4089 1675 6151 1823 Ein letztes kurzes Glück mit einem ganz
4052 1871 6128 1991 jungen Menschen, Bruder einer Schülerin.
4041 2028 6276 2161 Franz auf kurze Zeit bei ihr wohnend.
5562 2138 6381 2343 sans toute - seraient
4047 2161 5261 2309 plötzlich wieder davon.
4084 2332 6228 2460 Eine letzte zufällige Begegnung mit Casi¬
4041 2483 6188 2648 mir Tobisch. Sie hat das Bedürfnis ihm die
4035 2642 6145 2784 Zusammenhänge klar zu machen.Er versteht
4047 2776 6319 2963 gar nichts davon.Nicht einmal die Mitteilung
4041 2915 6327 3140 dass er der Vater ihres Kindes ist,wirkt auf
4849 3071 5352 3248 here kiffiter
4041 3117 4260 3222 ihn
4331 3165 4516 3293 hat
4072 3211 6131 3415 Sie fühlt das Bewusstsein der ungeheue-
4035 3421 4834 3586 ren Finsamkeit.
4072 3572 6202 3776 Erinnem ingen an den Besuch beim Vater im
4035 3725 4567 3893 Arrenhaus
