3400 4152
2824 416 2916 580 9
657 610 1853 780 47.S.290. Stellensuche
493 687 2975 940 /o Stellung: 7jähriges Mädchen.Kaufmann, phlegma-
616 869 3012 1020 tische Frau. Wie sie einmal Ausgang verschieben
623 1017 1523 1187 soll, kündigt sie.
549 1144 2854 1369 " Stellung.Familie began. Arzt. 2 Mädchen 10,
632 1310 2916 1461 8, Knabe 10 Jahre, Langweile bei Leutner. Mit
629 1452 2925 1624 negans Semmering. Gleichgültigkeit gegen Kur
620 1624 2765 1754 macher. September wieder Wien. Herbst-und
632 1754 2389 1905 Wintertage auf dem Land. Frühjahr.
663 1911 2928 2065 (1893-96). 48. s. 297. Doppelleben als Mutter
638 2084 2882 2219 und Erzieherin. Wechselnde Stimmungen. Frau
644 2216 2978 2377 Fabiani als pesuch bei Regans. Bruder Student
644 2367 2549 2562 und Kommersredner. Begegnung mit ihm.
644 2521 2312 2685 Sie glaubt einmal C.T. zu sehen.
638 2688 2935 2824 Unerwartete Kündigung durch Regans. Fräulein
644 2814 2938 2999 steinbauer hetzt sie auf. Ausgenützt. Verbit
647 3015 1236 3153 tert. Fort.
663 3101 2808 3311 49. S.309. Enzbach.Stoitzner als Bewerber.
644 3298 2990 3459 Gedanke in Enzbach sich anzusiedeln. Brutaler
641 3409 2854 3585 Angriff Stoitzner. Sie verlässt wieder Enz-
647 3628 934 3788 bach.
