<?xml version="1.0" encoding="UTF-8" standalone="yes"?>
<PcGts xmlns="http://schema.primaresearch.org/PAGE/gts/pagecontent/2013-07-15" xmlns:xsi="http://www.w3.org/2001/XMLSchema-instance" xsi:schemaLocation="http://schema.primaresearch.org/PAGE/gts/pagecontent/2013-07-15 http://schema.primaresearch.org/PAGE/gts/pagecontent/2013-07-15/pagecontent.xsd">
    <Metadata>
        <Creator>prov=READ-COOP:name=TrHtr:version=2.1.0:model_id=51170:date=14_08_2023_17:38</Creator>
        <Created>2023-05-10T14:33:36.129+02:00</Created>
        <LastChange>2023-08-14T17:38:35.118+02:00</LastChange>
        <TranskribusMetadata docId="1428641" pageId="55421408" pageNr="13" tsid="132818976" status="IN_PROGRESS" userId="64420" imgUrl="https://files.transkribus.eu/Get?id=FDWMGIYFTSIRGESUFRADOZJT&amp;fileType=view" xmlUrl="https://files.transkribus.eu/Get?id=ZZSYGEYWMICLVUYZCVNRZZDM" imageId="44695490"/>
    </Metadata>
    <Page imageFilename="1428641_0013.jpg" imageWidth="6696" imageHeight="4344">
        <ReadingOrder>
            <OrderedGroup id="ro_1711817414810" caption="Regions reading order">
                <RegionRefIndexed index="0" regionRef="tr_2"/>
                <RegionRefIndexed index="1" regionRef="tr_1"/>
            </OrderedGroup>
        </ReadingOrder>
        <TextRegion id="tr_2" custom="readingOrder {index:0;}">
            <Coords points="620,630 2971,630 2971,3995 620,3995"/>
            <TextLine id="tr_2_tl_1" custom="readingOrder {index:0;}">
                <Coords points="700,688 739,694 759,682 776,700 796,694 822,705 850,694 919,700 930,688 970,694 970,609 944,606 904,623 867,606 828,611 816,623 799,609 768,609 742,586 700,594"/>
                <Baseline points="716,680 805,680 895,680 978,680"/>
                <TextEquiv>
                    <Unicode>Pläne</Unicode>
                </TextEquiv>
            </TextLine>
            <TextLine id="tr_2_tl_2" custom="readingOrder {index:1;}">
                <Coords points="603,791 2724,754 2724,640 2599,631 606,694"/>
                <Baseline points="620,751 674,757 763,757 853,757 942,757 1032,757 1121,757 1211,757 1300,751 1390,751 1479,751 1569,751 1658,751 1748,751 1837,745 1927,745 2016,745 2106,745 2195,745 2285,745 2374,745 2464,739 2553,739 2643,739 2732,745"/>
                <TextEquiv>
                    <Unicode>Pkäne eventuell ein Institut zu gründen.</Unicode>
                </TextEquiv>
            </TextLine>
            <TextLine id="tr_2_tl_3" custom="readingOrder {index:2;}">
                <Coords points="677,947 742,978 950,907 1007,953 1055,930 1135,967 1203,944 1311,981 1453,927 1507,958 1507,828 1422,842 1311,793 1192,836 1086,819 1049,850 876,850 830,816 742,845 677,816"/>
                <Baseline points="692,906 781,912 871,912 960,906 1050,912 1139,912 1229,906 1318,906 1408,906 1497,912 1515,912"/>
                <TextEquiv>
                    <Unicode>Eine gute Zeit.</Unicode>
                </TextEquiv>
            </TextLine>
            <TextLine id="tr_2_tl_4" custom="readingOrder {index:3;}">
                <Coords points="682,1089 2804,1095 2844,956 1123,1007 685,947"/>
                <Baseline points="698,1068 787,1062 877,1062 966,1062 1056,1062 1145,1062 1235,1062 1324,1062 1414,1062 1503,1062 1593,1056 1682,1056 1772,1056 1861,1050 1951,1050 2040,1050 2130,1044 2219,1044 2309,1044 2398,1044 2488,1050 2577,1044 2667,1044 2756,1038 2846,1044"/>
                <TextEquiv>
                    <Unicode>Sie kommt in das Haus,wo Franziska war zu</Unicode>
                </TextEquiv>
            </TextLine>
            <TextLine id="tr_2_tl_5" custom="readingOrder {index:4;}">
                <Coords points="688,1220 2474,1237 2807,1209 2852,1106 688,1166"/>
                <Baseline points="704,1217 710,1217 799,1217 889,1217 978,1217 1068,1211 1157,1211 1247,1211 1336,1211 1426,1211 1515,1211 1605,1211 1694,1211 1784,1205 1873,1205 1963,1205 2052,1199 2142,1199 2231,1199 2321,1199 2410,1199 2500,1193 2589,1193 2679,1187 2768,1187 2858,1187"/>
                <TextEquiv>
                    <Unicode>einem Bankier. Dort lernt sie einen Fabri</Unicode>
                </TextEquiv>
            </TextLine>
            <TextLine id="tr_2_tl_6" custom="readingOrder {index:5;}">
                <Coords points="682,1445 1012,1379 2232,1365 2394,1428 2815,1374 2815,1300 2642,1240 2042,1317 1811,1248 1302,1314 685,1265"/>
                <Baseline points="698,1372 763,1372 853,1372 942,1366 1032,1366 1121,1366 1211,1366 1300,1366 1390,1366 1479,1366 1569,1366 1658,1360 1748,1360 1837,1360 1927,1354 2016,1354 2106,1354 2195,1354 2285,1348 2374,1348 2464,1348 2553,1348 2643,1348 2732,1342 2822,1336"/>
                <TextEquiv>
                    <Unicode>kanten kennen,Witwer,zwei Kinder,Verhält-</Unicode>
                </TextEquiv>
            </TextLine>
            <TextLine id="tr_2_tl_7" custom="readingOrder {index:6;}">
                <Coords points="688,1538 2781,1578 2784,1430 691,1462"/>
                <Baseline points="704,1527 733,1527 823,1527 912,1527 1002,1527 1091,1521 1181,1521 1270,1521 1360,1521 1449,1521 1539,1521 1629,1515 1718,1515 1808,1515 1897,1509 1987,1509 2076,1509 2166,1503 2255,1503 2345,1503 2434,1503 2524,1503 2613,1497 2703,1497 2792,1497"/>
                <TextEquiv>
                    <Unicode>nis. Er ist geneigt sie zu heiraten trotz</Unicode>
                </TextEquiv>
            </TextLine>
            <TextLine id="tr_2_tl_8" custom="readingOrder {index:7;}">
                <Coords points="700,1684 919,1726 1197,1678 1405,1723 1601,1672 1914,1723 1914,1592 1871,1581 1513,1601 1416,1567 1277,1612 1095,1550 933,1624 700,1587"/>
                <Baseline points="716,1676 757,1676 847,1676 936,1676 1026,1676 1115,1676 1205,1676 1294,1676 1384,1676 1473,1676 1563,1670 1652,1670 1742,1664 1831,1664 1921,1670"/>
                <TextEquiv>
                    <Unicode>ihres Kindes.Er stirbt.</Unicode>
                </TextEquiv>
            </TextLine>
            <TextLine id="tr_2_tl_9" custom="readingOrder {index:8;}">
                <Coords points="688,1834 2215,1894 2414,1817 2776,1843 2818,1723 688,1738"/>
                <Baseline points="704,1831 763,1831 853,1831 942,1831 1032,1831 1121,1831 1211,1825 1300,1825 1390,1825 1479,1825 1569,1825 1658,1819 1748,1819 1837,1819 1927,1819 2016,1819 2106,1819 2195,1819 2285,1819 2374,1813 2464,1813 2553,1808 2643,1808 2732,1802 2822,1802"/>
                <TextEquiv>
                    <Unicode>Nun hat sich das Schicksal gegen sie ent-</Unicode>
                </TextEquiv>
            </TextLine>
            <TextLine id="tr_2_tl_10" custom="readingOrder {index:9;}">
                <Coords points="708,1996 967,2039 1055,2002 1169,2039 1260,2011 1305,2050 1672,2016 1729,2045 1860,2008 1857,1891 1686,1931 1126,1874 1072,1908 1010,1880 705,1914"/>
                <Baseline points="722,1987 811,1987 901,1987 990,1987 1080,1981 1169,1987 1259,1987 1348,1987 1438,1992 1527,1998 1617,1998 1706,1998 1796,1992 1867,1998"/>
                <TextEquiv>
                    <Unicode>schieden, sie fühlt es</Unicode>
                </TextEquiv>
            </TextLine>
            <TextLine id="tr_2_tl_11" custom="readingOrder {index:10;}">
                <Coords points="688,2153 2653,2173 2935,2138 2963,2042 1035,2079 691,2002"/>
                <Baseline points="704,2136 727,2136 817,2136 906,2136 996,2136 1086,2136 1175,2136 1265,2136 1354,2130 1444,2130 1533,2130 1623,2130 1712,2130 1802,2130 1891,2124 1981,2124 2070,2124 2160,2124 2249,2118 2339,2118 2428,2118 2518,2112 2607,2112 2697,2118 2786,2112 2876,2112 2965,2106"/>
                <TextEquiv>
                    <Unicode>Mit jenem Fabrikanten einmal in einem Nacht-</Unicode>
                </TextEquiv>
            </TextLine>
            <TextLine id="tr_2_tl_12" custom="readingOrder {index:11;}">
                <Coords points="705,2320 2852,2323 2884,2204 708,2212"/>
                <Baseline points="722,2297 739,2291 829,2291 918,2291 1008,2291 1097,2291 1187,2291 1276,2285 1366,2285 1455,2285 1545,2279 1634,2279 1724,2279 1813,2279 1903,2279 1992,2273 2082,2273 2172,2273 2261,2273 2351,2273 2440,2273 2530,2273 2619,2273 2709,2267 2798,2267 2888,2273"/>
                <TextEquiv>
                    <Unicode>lokal.Da sieht sie Kasimir als Musikanteh.</Unicode>
                </TextEquiv>
            </TextLine>
            <TextLine id="tr_2_tl_13" custom="readingOrder {index:12;}">
                <Coords points="711,2463 2474,2494 2798,2440 2801,2340 714,2343"/>
                <Baseline points="727,2440 745,2446 835,2446 924,2446 1014,2440 1103,2446 1193,2446 1282,2440 1372,2440 1461,2440 1551,2440 1640,2440 1730,2434 1819,2434 1909,2428 1998,2428 2088,2428 2177,2428 2267,2428 2356,2422 2446,2422 2535,2422 2625,2416 2715,2416 2804,2416"/>
                <TextEquiv>
                    <Unicode>(Cellist).Sie muss nur lachen.Er geniert</Unicode>
                </TextEquiv>
            </TextLine>
            <TextLine id="tr_2_tl_14" custom="readingOrder {index:13;}">
                <Coords points="700,2625 754,2633 776,2616 833,2613 847,2625 856,2616 893,2628 907,2616 958,2636 995,2633 995,2511 924,2534 839,2514 802,2491 751,2517 700,2497"/>
                <Baseline points="716,2601 805,2601 895,2601 984,2601 1002,2601"/>
                <TextEquiv>
                    <Unicode>sich.</Unicode>
                </TextEquiv>
            </TextLine>
            <TextLine id="tr_2_tl_15" custom="readingOrder {index:14;}">
                <Coords points="700,2764 2921,2787 2966,2653 702,2639"/>
                <Baseline points="716,2744 733,2750 823,2750 912,2750 1002,2750 1091,2750 1181,2744 1270,2744 1360,2738 1449,2738 1539,2744 1629,2738 1718,2738 1808,2738 1897,2732 1987,2738 2076,2732 2166,2732 2255,2732 2345,2726 2434,2726 2524,2726 2613,2726 2703,2720 2792,2726 2882,2720 2971,2720"/>
                <TextEquiv>
                    <Unicode>Die Mutter wohnt in Wien. Bittet ihre Tochter</Unicode>
                </TextEquiv>
            </TextLine>
            <TextLine id="tr_2_tl_16" custom="readingOrder {index:15;}">
                <Coords points="700,2915 2906,2935 2960,2790 702,2849"/>
                <Baseline points="716,2905 727,2905 817,2905 906,2899 996,2899 1086,2899 1175,2894 1265,2899 1354,2894 1444,2894 1533,2894 1623,2894 1712,2894 1802,2894 1891,2894 1981,2888 2070,2882 2160,2882 2249,2882 2339,2882 2428,2882 2518,2876 2607,2876 2697,2876 2786,2876 2876,2876 2965,2882"/>
                <TextEquiv>
                    <Unicode>ihr Liebesszenen zu schreiben (zu erzählen?)</Unicode>
                </TextEquiv>
            </TextLine>
            <TextLine id="tr_2_tl_17" custom="readingOrder {index:16;}">
                <Coords points="700,3111 2892,3063 2892,2983 2676,2935 700,2983"/>
                <Baseline points="716,3061 751,3061 841,3061 930,3055 1020,3055 1109,3049 1199,3055 1288,3049 1378,3049 1467,3043 1557,3043 1646,3049 1736,3043 1825,3043 1915,3043 2004,3043 2094,3037 2183,3037 2273,3037 2362,3037 2452,3037 2541,3037 2631,3031 2720,3031 2810,3031 2899,3037"/>
                <TextEquiv>
                    <Unicode>Ein Brief von draussen.Der Bub unmöglich</Unicode>
                </TextEquiv>
            </TextLine>
            <TextLine id="tr_2_tl_18" custom="readingOrder {index:17;}">
                <Coords points="705,3230 2224,3228 2227,3120 705,3140"/>
                <Baseline points="722,3210 799,3210 889,3210 978,3210 1068,3210 1157,3210 1247,3204 1336,3204 1426,3204 1515,3204 1605,3198 1694,3198 1784,3198 1873,3198 1963,3192 2052,3192 2142,3198 2231,3198"/>
                <TextEquiv>
                    <Unicode>bösartig. (Er ist neun Jahre).</Unicode>
                </TextEquiv>
            </TextLine>
            <TextLine id="tr_2_tl_19" custom="readingOrder {index:18;}">
                <Coords points="694,3401 2699,3401 2753,3270 694,3273"/>
                <Baseline points="710,3365 787,3365 877,3365 966,3365 1056,3365 1145,3365 1235,3359 1324,3359 1414,3353 1503,3353 1593,3353 1682,3347 1772,3347 1861,3347 1951,3347 2040,3347 2130,3347 2219,3347 2309,3341 2398,3341 2488,3341 2577,3341 2667,3341 2756,3341"/>
                <TextEquiv>
                    <Unicode>Mit ihm zusammenziehen- aber die Leute.</Unicode>
                </TextEquiv>
            </TextLine>
            <TextLine id="tr_2_tl_20" custom="readingOrder {index:19;}">
                <Coords points="688,3549 1621,3506 1763,3580 1959,3575 2130,3518 2130,3424 1095,3421 813,3467 688,3432"/>
                <Baseline points="704,3520 793,3520 883,3520 972,3520 1062,3514 1151,3514 1241,3514 1330,3508 1420,3508 1509,3508 1599,3502 1688,3502 1778,3502 1867,3502 1957,3502 2046,3496 2136,3508"/>
                <TextEquiv>
                    <Unicode>Doch noch einmal versuchen.</Unicode>
                </TextEquiv>
            </TextLine>
            <TextLine id="tr_2_tl_21" custom="readingOrder {index:20;}">
                <Coords points="691,3720 2790,3671 2790,3583 2690,3543 694,3549"/>
                <Baseline points="710,3681 739,3681 829,3675 918,3669 1008,3669 1097,3669 1187,3669 1276,3663 1366,3663 1455,3663 1545,3657 1634,3657 1724,3657 1813,3657 1903,3657 1992,3651 2082,3651 2172,3651 2261,3645 2351,3645 2440,3645 2530,3645 2619,3645 2709,3645 2798,3645"/>
                <TextEquiv>
                    <Unicode>Also zu Handwerksleuten in die Vorstadt.</Unicode>
                </TextEquiv>
            </TextLine>
            <TextLine id="tr_2_tl_22" custom="readingOrder {index:21;}">
                <Coords points="700,3868 1041,3893 1246,3833 1541,3839 1661,3893 1772,3865 1774,3731 1629,3703 1479,3757 1294,3720 978,3754 893,3720 830,3757 702,3728"/>
                <Baseline points="716,3830 793,3830 883,3830 972,3830 1062,3824 1151,3824 1241,3824 1330,3818 1420,3818 1509,3818 1599,3812 1688,3812 1778,3824"/>
                <TextEquiv>
                    <Unicode>Auch dort unmöglich.</Unicode>
                </TextEquiv>
            </TextLine>
            <TextLine id="tr_2_tl_23" custom="readingOrder {index:22;}">
                <Coords points="711,4021 1339,4106 1774,3973 2835,4004 2892,3913 714,3913"/>
                <Baseline points="727,3985 751,3985 841,3985 930,3980 1020,3980 1109,3980 1199,3980 1288,3974 1378,3974 1467,3968 1557,3968 1646,3968 1736,3968 1825,3968 1915,3968 2004,3962 2094,3962 2183,3956 2273,3956 2362,3956 2452,3956 2541,3950 2631,3950 2720,3950 2810,3956 2899,3956"/>
                <TextEquiv>
                    <Unicode>Geheime Laster des Kindes; auch stiehlt es.</Unicode>
                </TextEquiv>
            </TextLine>
        </TextRegion>
        <TextRegion id="tr_1" custom="readingOrder {index:1;}">
            <Coords points="3771,606 6289,606 6289,3942 3771,3942"/>
            <TextLine id="tr_1_tl_1" custom="readingOrder {index:0;}">
                <Coords points="4018,719 6265,728 6282,566 5568,512 5275,614 4018,594"/>
                <Baseline points="4033,674 4051,674 4141,668 4230,668 4320,668 4409,668 4499,668 4588,668 4678,668 4767,668 4857,668 4946,668 5036,668 5125,668 5215,668 5304,668 5394,668 5483,668 5573,668 5662,668 5752,668 5841,668 5931,662 6020,662 6110,656 6199,656 6289,662"/>
                <TextEquiv>
                    <Unicode>Sie muss ihn wie der aufs Land geben. Diesmal</Unicode>
                </TextEquiv>
            </TextLine>
            <TextLine id="tr_1_tl_2" custom="readingOrder {index:1;}">
                <Coords points="3751,776 3828,776 3845,768 3870,779 3890,768 3907,779 3919,771 3936,776 3953,603 3890,597 3870,614 3853,611 3831,623 3808,600 3794,606 3785,594 3768,594"/>
                <Baseline points="3771,727 3860,716 3950,710"/>
                <TextEquiv>
                    <Unicode>Vide</Unicode>
                </TextEquiv>
            </TextLine>
            <TextLine id="tr_1_tl_3" custom="readingOrder {index:2;}">
                <Coords points="4050,890 5867,904 5952,879 5955,754 4052,774"/>
                <Baseline points="4069,823 4081,823 4170,823 4260,823 4349,823 4439,823 4528,823 4618,829 4707,823 4797,823 4887,823 4976,823 5066,823 5155,823 5245,823 5334,817 5424,817 5513,823 5603,817 5692,817 5782,817 5871,817 5961,805"/>
                <TextEquiv>
                    <Unicode>weiter weg.drei Stunden von Wien.Sie</Unicode>
                </TextEquiv>
            </TextLine>
            <TextLine id="tr_1_tl_4" custom="readingOrder {index:3;}">
                <Coords points="3995,1041 6285,1027 6285,862 6216,847 5690,916 3998,901"/>
                <Baseline points="4015,990 4051,984 4141,978 4230,972 4320,978 4409,978 4499,978 4588,978 4678,978 4767,972 4857,978 4946,972 5036,972 5125,972 5215,972 5304,972 5394,972 5483,972 5573,972 5662,972 5752,972 5841,978 5931,972 6020,972 6110,972 6199,966 6289,966"/>
                <TextEquiv>
                    <Unicode>glaubt sich von ihm zu emanzipieren. Sie hat</Unicode>
                </TextEquiv>
            </TextLine>
            <TextLine id="tr_1_tl_5" custom="readingOrder {index:4;}">
                <Coords points="4018,1228 5932,1223 6270,1157 6270,1021 4018,1061"/>
                <Baseline points="4033,1127 4039,1127 4129,1133 4218,1133 4308,1133 4397,1133 4487,1133 4576,1133 4666,1133 4755,1133 4845,1133 4934,1133 5024,1133 5113,1133 5203,1133 5292,1133 5382,1133 5471,1127 5561,1127 5650,1133 5740,1133 5829,1133 5919,1127 6008,1127 6098,1121 6187,1115 6277,1121"/>
                <TextEquiv>
                    <Unicode>eine Art Hass gegen ihn. Sie will sich nicht</Unicode>
                </TextEquiv>
            </TextLine>
            <TextLine id="tr_1_tl_6" custom="readingOrder {index:5;}">
                <Coords points="4004,1371 4123,1356 4214,1391 4476,1354 4519,1382 4638,1337 4826,1388 5059,1345 5059,1248 4789,1189 4624,1237 4476,1192 4411,1240 4175,1197 4004,1231"/>
                <Baseline points="4021,1282 4111,1282 4200,1288 4290,1288 4379,1282 4469,1282 4558,1282 4648,1282 4737,1282 4827,1288 4916,1288 5006,1288 5066,1288"/>
                <TextEquiv>
                    <Unicode>mehr um ihn kümmern.</Unicode>
                </TextEquiv>
            </TextLine>
            <TextLine id="tr_1_tl_7" custom="readingOrder {index:6;}">
                <Coords points="3993,1513 6057,1504 6265,1459 6268,1339 3995,1399"/>
                <Baseline points="4009,1444 4033,1444 4123,1438 4212,1444 4302,1438 4391,1444 4481,1438 4570,1444 4660,1438 4749,1438 4839,1438 4928,1438 5018,1438 5107,1444 5197,1444 5286,1438 5376,1438 5465,1438 5555,1438 5644,1438 5734,1438 5823,1438 5913,1438 6002,1438 6092,1438 6181,1426 6271,1432"/>
                <TextEquiv>
                    <Unicode>Sie ist in einer guten ruhigen Stellung, wie</Unicode>
                </TextEquiv>
            </TextLine>
            <TextLine id="tr_1_tl_8" custom="readingOrder {index:7;}">
                <Coords points="4018,1664 6108,1658 6108,1527 5924,1484 4018,1527"/>
                <Baseline points="4033,1593 4123,1593 4212,1593 4302,1593 4391,1593 4481,1593 4570,1593 4660,1593 4749,1593 4839,1593 4928,1593 5018,1593 5107,1593 5197,1593 5286,1593 5376,1593 5465,1587 5555,1587 5644,1587 5734,1587 5823,1587 5913,1587 6002,1587 6092,1593 6116,1599"/>
                <TextEquiv>
                    <Unicode>eine Witwe, eine Zeitlang ohne Geliebten.</Unicode>
                </TextEquiv>
            </TextLine>
            <TextLine id="tr_1_tl_9" custom="readingOrder {index:8;}">
                <Coords points="4018,1837 6174,1823 6222,1669 4021,1661"/>
                <Baseline points="4033,1748 4081,1748 4170,1748 4260,1748 4349,1748 4439,1748 4528,1748 4618,1748 4707,1748 4797,1754 4887,1748 4976,1748 5066,1748 5155,1748 5245,1748 5334,1748 5424,1742 5513,1742 5603,1742 5692,1742 5782,1742 5871,1742 5961,1742 6050,1742 6140,1736 6229,1724"/>
                <TextEquiv>
                    <Unicode>Ihr Bruder hat geheiratet, spielt eine poli</Unicode>
                </TextEquiv>
            </TextLine>
            <TextLine id="tr_1_tl_10" custom="readingOrder {index:9;}">
                <Coords points="4018,1985 5241,1948 5841,2011 6205,1982 6205,1829 4018,1834"/>
                <Baseline points="4033,1903 4063,1903 4153,1903 4242,1903 4332,1903 4421,1903 4511,1903 4600,1903 4690,1909 4779,1909 4869,1909 4958,1909 5048,1903 5137,1897 5227,1897 5316,1897 5406,1897 5495,1897 5585,1897 5674,1897 5764,1891 5853,1891 5943,1891 6032,1897 6122,1891 6211,1891"/>
                <TextEquiv>
                    <Unicode>tische Rolle.Sie kommt zu ihm ins Haus.Das</Unicode>
                </TextEquiv>
            </TextLine>
            <TextLine id="tr_1_tl_11" custom="readingOrder {index:10;}">
                <Coords points="4013,2138 4192,2124 4234,2153 4294,2121 4496,2141 4613,2113 4814,2161 4905,2130 4905,2002 4874,1985 4524,1976 4445,2011 4013,1988"/>
                <Baseline points="4027,2052 4117,2058 4206,2058 4296,2058 4385,2058 4475,2058 4564,2058 4654,2058 4743,2058 4833,2058 4910,2058"/>
                <TextEquiv>
                    <Unicode>Kind des Bruders.</Unicode>
                </TextEquiv>
            </TextLine>
            <TextLine id="tr_1_tl_12" custom="readingOrder {index:11;}">
                <Coords points="4004,2298 5870,2309 5870,2136 5776,2124 4004,2141"/>
                <Baseline points="4021,2213 4087,2213 4176,2207 4266,2213 4355,2213 4445,2213 4534,2213 4624,2213 4713,2213 4803,2213 4892,2213 4982,2207 5071,2207 5161,2207 5250,2213 5340,2213 5430,2207 5519,2207 5609,2207 5698,2207 5788,2207 5877,2201"/>
                <TextEquiv>
                    <Unicode>Er blickt sie sonderbar an,wie sie</Unicode>
                </TextEquiv>
            </TextLine>
            <TextLine id="tr_1_tl_13" custom="readingOrder {index:12;}">
                <Coords points="4004,2446 4075,2457 4118,2434 4260,2474 4470,2434 4641,2446 4641,2289 4544,2278 4462,2312 4425,2286 4325,2320 4197,2286 4160,2312 4089,2281 4004,2323"/>
                <Baseline points="4021,2368 4111,2368 4200,2368 4290,2368 4379,2368 4469,2368 4558,2368 4648,2368"/>
                <TextEquiv>
                    <Unicode>Kind spielt.</Unicode>
                </TextEquiv>
            </TextLine>
            <TextLine id="tr_1_tl_14" custom="readingOrder {index:13;}">
                <Coords points="4715,2448 4729,2448 4746,2466 4783,2466 4851,2426 4871,2440 4883,2431 4920,2429 4920,2309 4891,2312 4866,2332 4849,2326 4837,2338 4826,2326 4783,2360 4743,2332 4715,2338"/>
                <Baseline points="4731,2410 4821,2410 4910,2410 4928,2416"/>
                <TextEquiv>
                    <Unicode>Sw.n.</Unicode>
                </TextEquiv>
            </TextLine>
            <TextLine id="tr_1_tl_15" custom="readingOrder {index:14;}">
                <Coords points="4004,2625 6091,2579 6262,2559 6265,2409 4004,2448"/>
                <Baseline points="4021,2524 4027,2524 4117,2524 4206,2524 4296,2524 4385,2524 4475,2518 4564,2518 4654,2518 4743,2524 4833,2518 4922,2518 5012,2518 5101,2512 5191,2512 5280,2512 5370,2512 5459,2512 5549,2512 5638,2512 5728,2512 5817,2512 5907,2506 5996,2506 6086,2506 6175,2506 6265,2506"/>
                <TextEquiv>
                    <Unicode>Sehnsucht nach ihrem Buben, der sich nun bes</Unicode>
                </TextEquiv>
            </TextLine>
            <TextLine id="tr_1_tl_16" custom="readingOrder {index:15;}">
                <Coords points="4013,2764 4348,2761 4416,2733 4502,2767 4581,2727 4741,2764 4814,2733 4814,2628 4678,2585 4576,2585 4547,2613 4431,2588 4334,2616 4160,2594 4013,2619"/>
                <Baseline points="4027,2685 4105,2679 4194,2673 4284,2679 4373,2679 4463,2673 4552,2673 4642,2673 4731,2673 4821,2679"/>
                <TextEquiv>
                    <Unicode>ser entwickelt.</Unicode>
                </TextEquiv>
            </TextLine>
            <TextLine id="tr_1_tl_17" custom="readingOrder {index:16;}">
                <Coords points="4013,2926 5946,2872 6199,2963 6202,2716 4013,2764"/>
                <Baseline points="4027,2834 4057,2834 4147,2834 4236,2834 4326,2834 4415,2828 4505,2828 4594,2828 4684,2828 4773,2828 4863,2828 4952,2828 5042,2828 5131,2828 5221,2828 5310,2828 5400,2828 5489,2822 5579,2822 5668,2816 5758,2816 5847,2816 5937,2816 6026,2816 6116,2810 6205,2816"/>
                <TextEquiv>
                    <Unicode>dix Eine Depesche sie muss ihn sofort abhør</Unicode>
                </TextEquiv>
            </TextLine>
            <TextLine id="tr_1_tl_18" custom="readingOrder {index:17;}">
                <Coords points="4015,3066 4078,3060 4104,3043 4138,3063 4166,3057 4183,3071 4203,3057 4240,3066 4234,2938 4197,2946 4169,2921 4098,2929 4075,2906 4055,2918 4010,2918"/>
                <Baseline points="4027,2989 4117,2989 4206,2995 4242,3001"/>
                <TextEquiv>
                    <Unicode>len.</Unicode>
                </TextEquiv>
            </TextLine>
            <TextLine id="tr_1_tl_19" custom="readingOrder {index:18;}">
                <Coords points="4015,3219 6182,3225 6185,3066 4018,3063"/>
                <Baseline points="4033,3138 4045,3138 4135,3144 4224,3144 4314,3138 4403,3138 4493,3138 4582,3138 4672,3132 4761,3138 4851,3132 4940,3132 5030,3132 5119,3132 5209,3132 5298,3132 5388,3126 5477,3126 5567,3126 5656,3126 5746,3126 5835,3126 5925,3126 6014,3126 6104,3126 6193,3126"/>
                <TextEquiv>
                    <Unicode>Entschluss mit dem Buben zusammenzuziehen</Unicode>
                </TextEquiv>
            </TextLine>
            <TextLine id="tr_1_tl_20" custom="readingOrder {index:19;}">
                <Coords points="4013,3381 5420,3339 5966,3390 5966,3211 4013,3225"/>
                <Baseline points="4027,3305 4093,3299 4182,3299 4272,3299 4361,3299 4451,3293 4540,3293 4630,3293 4719,3287 4809,3287 4898,3287 4988,3287 5077,3287 5167,3287 5256,3281 5346,3287 5435,3281 5525,3281 5614,3281 5704,3281 5793,3287 5883,3287 5973,3275"/>
                <TextEquiv>
                    <Unicode>Sie gibt Lektionen.Es geht anfangs ga</Unicode>
                </TextEquiv>
            </TextLine>
            <TextLine id="tr_1_tl_21" custom="readingOrder {index:20;}">
                <Coords points="4004,3467 4041,3469 4058,3486 4089,3486 4101,3475 4135,3492 4158,3484 4189,3509 4212,3492 4229,3504 4254,3501 4260,3393 4220,3398 4183,3373 4132,3390 4095,3367 4050,3390 4007,3376"/>
                <Baseline points="4021,3466 4081,3466 4170,3460 4260,3460"/>
                <TextEquiv>
                    <Unicode>gut.</Unicode>
                </TextEquiv>
            </TextLine>
            <TextLine id="tr_1_tl_22" custom="readingOrder {index:21;}">
                <Coords points="5116,3512 5278,3504 5324,3526 5383,3501 5434,3529 5611,3501 5690,3518 5750,3492 5810,3512 5810,3356 5116,3367"/>
                <Baseline points="5131,3484 5221,3490 5310,3490 5400,3484 5489,3484 5579,3484 5668,3484 5758,3484 5817,3484"/>
                <TextEquiv>
                    <Unicode>a  e  e e</Unicode>
                </TextEquiv>
            </TextLine>
            <TextLine id="tr_1_tl_23" custom="readingOrder {index:22;}">
                <Coords points="4018,3694 5972,3688 6111,3663 6114,3540 4971,3552 4573,3444 4450,3535 4021,3529"/>
                <Baseline points="4033,3616 4063,3610 4153,3610 4242,3610 4332,3604 4421,3604 4511,3604 4600,3604 4690,3604 4779,3598 4869,3598 4958,3592 5048,3598 5137,3598 5227,3592 5316,3592 5406,3592 5495,3598 5585,3592 5674,3592 5764,3592 5853,3592 5943,3592 6032,3586 6122,3586"/>
                <TextEquiv>
                    <Unicode>Ein Gelitert,Arzt aus Berlin, der sie be-</Unicode>
                </TextEquiv>
            </TextLine>
            <TextLine id="tr_1_tl_24" custom="readingOrder {index:23;}">
                <Coords points="4001,3865 4541,3802 5844,3845 5895,3666 4004,3708"/>
                <Baseline points="4021,3771 4111,3771 4200,3765 4290,3765 4379,3759 4469,3759 4558,3759 4648,3753 4737,3759 4827,3753 4916,3753 5006,3753 5095,3753 5185,3747 5274,3747 5364,3747 5453,3747 5543,3747 5632,3747 5722,3747 5811,3741 5901,3753"/>
                <TextEquiv>
                    <Unicode>sucht, sie lebt fast wie verheiratet.</Unicode>
                </TextEquiv>
            </TextLine>
            <TextLine id="tr_1_tl_25" custom="readingOrder {index:24;}">
                <Coords points="4013,4001 4374,4052 4635,3978 5867,3973 6043,4032 6046,3853 5474,3802 4015,3862"/>
                <Baseline points="4027,3932 4081,3926 4170,3926 4260,3926 4349,3926 4439,3920 4528,3920 4618,3914 4707,3920 4797,3908 4887,3908 4976,3908 5066,3902 5155,3902 5245,3902 5334,3902 5424,3896 5513,3896 5603,3896 5692,3896 5782,3902 5871,3902 5961,3902 6050,3902"/>
                <TextEquiv>
                    <Unicode>Sie begegnet zuweilen Schülerinnen, die</Unicode>
                </TextEquiv>
            </TextLine>
        </TextRegion>
    </Page>
</PcGts>
