3400 4168
2418 404 2919 560 Therese 2
714 543 2700 711 Abreise Karls. Spaziergänge mit Alfred.
703 731 1772 890 Mönchsberg Leutnant.
714 888 2845 1019 8. S. 28. Karls endgültiger Abschiedsbrief.
708 1024 2836 1166 Deklasierung der Frau Fabiani. Graf Benk
708 1218 996 1394 heim.
714 1314 2999 1477 9. S.32. Die Mutter über den Grafen. Spazier
717 1494 1932 1664 gänge mit Alfred. Kuss.
728 1661 2771 1826 10:S.37. Stimmungen gegen Alfred. Etwas
725 1818 1605 1977 nicht in Ordnung.
728 1926 2899 2091 11. S. 41. Entschuldigungsbrief Alfreds. Be¬
731 2085 2831 2239 such Benkheims. Zureden der Mutter. Empö
734 2256 2990 2407 rung Theresens. Absicht eine Stelle anzuneh-
731 2450 956 2563 men.
737 2560 2908 2694 12.S.49. Sehnsucht nach Klosterstille. Al
734 2711 2509 2851 fred. Seine Familie. Liebe zu ihm.
839 2842 1087 2945 S. 54.
743 2839 3019 3004 13. Bessere Abende. Der gedruckte poman der
734 3001 2916 3175 Mutter. Mit Alfred im Hotelgarten. Der Of-
737 3189 1727 3354 fizier in der Nähe.
737 3334 2689 3525 14. S.61. Blumen des Grafen. Leutnant
737 3497 2928 3704 stellt sich Theresen vor.Geht auf Manöver.
