6712 4328
630 581 2765 888 Gespräch über den Bruder, der eine politi-
627 766 2845 1004 sche Rolle spielt, auch über die Mutter, die
647 916 2737 1214 viel Geld verdient.Soll sie Alfred etwas
638 1180 1066 1313 sagen?
652 1205 2896 1446 Nun in ein Haus, wo die Frau Schauspielerin,
652 1370 2694 1611 hysterisch, auf Reisen, zu zwei Töchtern.
675 1583 2771 1767 Verhältnis mit dem Mann. Fast heiratet er
664 1693 2916 1900 sie. Sie weiss viel von der Frau,war mit ihr
667 1861 2300 2073 auf dem Land, aber sie schweigt.
689 2008 2144 2226 Ihr Bub entwickelt sich gut.
689 2147 2944 2374 Sie ist in einem Haus, wo die Frau sich sehr
689 2295 2938 2550 gütig nach ihrem Kind erkundigt. Woher weiss
689 2516 2879 2731 sies? Sie erkennt es aus der Art,wie The-
709 2615 2794 2833 rese zu ihrem Zöbling spribht.Sie bringt
703 2740 2890 3006 ihren Buben ins Haus mit und fängt den an-
706 2899 2890 3154 dern zu hassen an, der es um so viel besser
706 3151 936 3304 hat.
698 3194 2919 3449 Sie trifft Sylvie wieder, manversteht sich,
715 3358 2839 3633 sie gehen zusammen in den Prater,erleben
732 3554 1846 3792 eine Orgie im Freien.
720 3659 2984 3917 Ihr Bub ist boshaft, verändert sich,die Leu-
737 3837 2306 4104 te beklagen,es vergeht wieder.
4062 499 6226 701 Sie trifft Alfred,er ist Sekundararzt, sie
4098 675 6245 882 wird die Seine. Sie schämt sich zum ersten
4067 854 6325 1044 Mal. Sie erzählt ihm, dass sie ein Kind hat.
4073 984 5999 1146 Sie träumt davon Alfred zu heiraten.
4064 1134 6243 1344 Stellung in einem Haus, wo sie den Zöbling
4084 1296 6175 1481 mehr zu lieben glaubt als ihren eigenen
4101 1495 6302 1648 Sohn.Es ist ihr selbst rätselhaft,Sehr an-
4098 1631 6055 1770 ständige Menschen.Er Journalist? Auch
4104 1810 6203 1971 hier darf sie ihr Kind herbringen. Die Bu
4110 1923 6180 2130 ben befreunden sich, der ihrigeentwickelt
4104 2113 4771 2272 sich besser.
4115 2232 6214 2397 Während die ser ganzen Zeit mit Alfred, den
4110 2405 6223 2570 sie nur von Tobisch und einem ganz erfun
4115 2561 6058 2706 denen Dritten erzählt,sozusagen einen
4098 2694 5721 2890 Durchschhitt aus allen Andern.
4110 2867 5959 3015 Eine ganz minimale Differenz bringt
4121 3026 5996 3202 hin, dass man ihr kündigt,sie geht fa
4113 3199 5976 3384 gebrochenem Herzen, sie wird irre an
4127 3361 4408 3491 Welt.
4115 3460 6399 3619 Alfred war mit ihr auf dem Land. Alfred wird
4132 3659 6367 3812 heiraten ganz selbstverständlich (eine Pro-
4124 3781 5627 3993 fessorstochter).
