3432 4136
605 543 2599 708 Nachmittagsvorstellung im Carlthaater.
608 675 2584 887 Raudez-vous mit Casimir in Stadtpark.
608 881 1621 1078 Bei ihm im Atelier.
611 934 2352 1230 We itere Rendez-vous,Aus reden, etc.
611 1125 2666 1377 Ausflug mit Casimir in den Wiener Wald.
669 1310 3016 1500 Lötztes Rendez-vous vor dem Sommeraufenthalt.
617 1456 2361 1633 Mit ihm im altertümlichen Zimmer.
620 1633 1785 1829 Mit Bopichs in Ischl.
675 1729 2270 1982 Der Liebhaber der Frau Eppieh.
631 1953 1533 2135 Brief an Casimir.
637 2052 1970 2308 Sie fühlt sich schwanger.
631 2208 2951 2449 Ausflug nach Salzburg mit Eppichs, Besuch bei
652 2428 1239 2593 der Mutter.
646 2537 2029 2722 Die Freundinnen von einst.
655 2646 2971 2922 Wieder in Ischl. Wachsende Unruhe. Plötzliche
655 2810 3016 3083 Reise nach Wien, sie sucht Casimir vergeblich.
702 2995 2716 3177 Eins in Gast hof, Rückreise nach Ischl.
669 3165 2819 3368 Der Konzipient, der ihr den Hof macht. Ihre
725 3327 1638 3503 Neigung zu lügen.
675 3456 3001 3679 George.Ihr Plan,ihn zum Vater ihres Kinds zu
684 3662 1072 3844 machen.
