3384 4040
2564 274 2715 427 23
575 395 2939 643 such mit ihm. Restaurant. Erzähltihm von Franz
566 622 2880 799 Ueber Thilda. Er sendet ihr allerlei zum Es-
584 772 2880 973 sen. Ausflug Semmering Gegend. Sie wird Wohl-
590 967 1483 1111 scheins geliebte.
598 1073 2968 1250 90. S. 651. Franz erscheint wieder. Will bei ihn
601 1226 2906 1406 wohnen. Sie weist ihn fort.Frzählt W.nichts
607 1382 2918 1574 Erst beim nächsten Besuch Franzess.W.will sie
607 1536 2411 1704 unterstützen, anfängliche Weigerung.
610 1659 2894 1866 91. S. 656. Thilda zu Besuch. W.'s verändertes
610 1810 2673 2034 Benehmen. Thildas Geschenke. Ihre Kühle.
625 1995 2930 2169 92. S. 667. W. bei Therese. Thilda schon fort.
613 2140 2909 2317 Habe ihn gefragt:.Warum heiratest du Therese
619 2273 2927 2497 nicht?“ Wechselnde Stimmungen, Lektbnen weni-
643 2505 843 2650 ger.
648 2588 2835 2768 93. S. 673. Franz verlangt Geld,unter Deck
631 2721 2838 2956 namen gesandt. W.'sAnerbieten ihn nach Ame
643 2906 2877 3104 rika zu senden. Therese wehrt sich anfangs.
640 3065 2847 3228 Geschäftsreise W. s Rückkehr. Erzählt, dass
657 3213 2726 3393 Franz im Gefängnis. Therese erschüttert.
660 3387 2290 3537 Nimmt sich vor ihn zu besuchen.
