3368 4088
2451 447 2580 623 1 7
643 567 2725 766 Alfred geht nach Tübingen. Briefwehsel.
643 752 2781 945 Bankdirektors Sommervilla. Bub vom Schnei
643 889 2823 1040 der wegen Unarten fort. Rat de Lehrers ihn
637 1054 2778 1230 aus der Schule nehmen. Tiefer Groll gegen
648 1191 2761 1356 m.T. Gedanke Franzl adoptieren zu lassen.
634 1356 2843 1501 Dann wieder Reue. Redet Franz ins Gewissen.
637 1548 2728 1660 Seine hässlichen Worte. Quartier für ihn
632 1677 2854 1822 bei einem kinderlosen Ehepaar. Sommervilla.
629 1836 1107 1970 Erholung.
643 1956 2759 2121 70. S.463 a. Frau Fabiani nach Wien Karl
629 2141 2725 2256 hat gehe iratet. Familienessen. Franz vor
632 2286 2728 2409 hält sich besser. Sie selbst wird wieder
632 2457 1048 2580 ruhiger.
626 2541 2868 2725 71.S. 467. Wiederbogegnung mit Sylvie,Stadt
626 2703 2848 2845 park. Partie zu Viert, Praber. Sie wird die
607 2851 2798 3021 Geliebte Pichards. (9.Liebhaber). Heimfahrt
604 3010 1166 3142 mit Sylvie.
620 3136 2680 3354 72. S. 485. Wird zu Mauerhold beschieden.
601 3320 2848 3452 Hausdiebstähle Franzls. Unarten. Wen um Rat
604 3457 2817 3620 fragen? Mutter? Alfred? Sylvie hilfsbereit.
598 3606 1126 3754 Auch Geld.
