3352 4168
2621 393 2710 593 4
610 573 1082 752 heiraten.
599 706 2924 862 22. S.113. Saisonschluss. Die Schauspielerin.
613 905 2803 1030 Thereses Mis trauen. Sie findet die Mutter
602 1053 2858 1197 in ihren Ladenwühlen. Entschluss Max zu ei¬
596 1200 2762 1357 ner Heirat zu bestimmen. Entdekung des Be¬
599 1380 1906 1536 trugs. Abfahrt nach Wien.
1354 1507 2051 1663 Zweites Buch.
584 1660 2612 1808 23. S.112. Wien. Gasthof. Stellensuche.
590 1814 2140 2005 Erste Stelle Beamter, 4 Kinder.
581 1970 2664 2184 2. Stelle: Witwe,2 Kinder, wie Dienstbote
587 2135 1111 2253 behandelt.
578 2262 2488 2418 3. Stelle. Unreinlichkeit der Umgebung.
662 2383 819 2467 witt
593 2409 2195 2586 4. Zudringlichkeit des Hausherrn.
581 2597 2725 2751 Dann noch einige nicht näher geschilderte
596 2722 1576 2849 Stellen. ihme 5. 6. +
578 2884 2687 3008 Ihre trüben Gedanken. Armselige Existenz.
576 3046 2673 3164 Versuch des Praterspaziergangs mit einem
2722 2976 2956 3185 Frän-
581 3199 2739 3352 lein, das sich als unanständig decouvriert.
567 3338 2678 3457 24. S. 126. Nachrichten aus Salzburg. Be-
570 3506 2768 3650 such beim Bruder Karl. Seine Lektionen. sei
570 3682 2875 3807 ne Klagen über die Verjudung der Universität.
