3272 4008
1241 159 2272 311 Mai Hm Rokant.)
519 382 2557 528 Die flaschen Mörder nach einem Feuilleton.
535 538 2924 694 Ein Beisel wo zum Hautgout der Aristokraten ein paar
532 658 2914 833 gute arme Teufel die bösen Buben spielen. Einer aber
545 801 2917 982 behagt sich in der Rolle. Er erzählt eines Qbends
541 979 2933 1144 eine schauerliche Geschichte. Er hat die Tat wirklich
548 1173 982 1280 begangen.
587 1287 2823 1400 Wie er aufspringt. Ja meine Herren pas ist wahr.
541 1429 1984 1556 Draussen vor der Türe liegt er.
545 1553 2768 1711 Dieser kann eventuell zufällig da herein kommen.
548 1621 3154 1854 Er s lbst weiss nicht wohin er gerät. Wundert sich, dass
554 1883 2544 2010 die andern so frei ihre Mordtaten erzählen.
554 2029 1624 2155 Fr wird hinaus geworden.
567 2191 1621 2301 Wirthgutnütig. Tochter.
567 2285 3011 2460 Muss im Zusammenhang stehen mit Gästen, die das Lokal
580 2512 1018 2619 hesuchen.
619 2496 3112 2755 Zum P. hat dieser Nörder die Frau eines der Aussokraten
587 2836 1040 2917 erstochen
587 2963 1024 3073 Heb'eles.
