3149 4248
300 548 1313 816 Jose eoher kommst Du?
284 778 1396 972 Ich hab wen umgebracht.
296 918 1173 1122 Ah natürlich, wen?
290 1061 1536 1281 Den Herzog von Cumbarland.
296 1240 940 1441 Das ist nett,
303 1265 2859 1530 Es war mir ein Vergnügen. Oh Fräulein Dinora, sind Sie
316 1482 2652 1712 auch da? Dinora war bis vorgestern die Geliebe
328 1594 2818 1836 des Herezogs, denn Mr. Cinlin trägt nur, was der Her-
319 1836 1119 2046 zog abgelegt hat
328 1995 797 2183 Also wie?
373 2021 2728 2317 Ich war beim Theater. Meine Frau verschwand plötz
354 2231 1591 2477 lich. Der Herzog ihr nach.
341 2407 1463 2626 Der Wirt zu ihm: Flieht
354 2563 1559 2776 Oh nein vorher absammeln.
360 2633 2690 2910 Der Wirt: Meine Herren ich kann mir das Geschäft
373 2741 2850 3073 nicht so verderben lassen. Der Herr ist wirklich ein
373 2923 2942 3210 Mörder. Die Geschichte ist wahr. Er hat den Herzog von
389 3168 1361 3369 Cumberland ermordet.
392 3274 2340 3500 Der Herzog kommt. Das ist sehr sonderbar,
