2923 4328
187 406 2384 649 Henry: Wissen Sie wer jeden Tag drin ist, wenn
243 552 2565 802 meine Frau spielt. Der Herzog. Ja aus der Ferne
212 739 2471 961 sollen sie alle lieben. Aber wenn er sie spricht
209 924 1045 1123 bring ich ihn um.
206 980 2399 1276 Den Henry haben sie aus d/m Theater hinausge -
278 1254 627 1416 worfen.
228 1332 1298 1572 Henry und Leocadie ab.
231 1438 2515 1688 Zwei junge Leute vom Adel sehen sie noch wie sie
240 1685 608 1878 kommen.
256 1738 2664 1994 Wer ist das? Leocadie die Frau von Henry, sie kommt
256 1978 889 2178 heute wieder.
324 1984 2674 2303 Bald darauf der Herzog. War Henry da? Ein feiner
303 2175 2577 2427 Kerl. Wär ich nicht der Herzog, so möcht ich Ko-
290 2365 1716 2586 mödiant sein. Ich kome wieder.
303 2496 2468 2727 Zwei Drinen kommen, die der Herzog küsst. Sie
303 2680 1975 2883 setzten sich zu den zwei Adelgen.
349 2680 2774 3048 Ein besoffener Clown kommt. Erzählt er habe soeben
312 3017 1179 3198 Häuser angezündet
318 3042 2830 3317 Noch ein Marquis mit seiner Geliebten, Schauspielerin
334 3279 1529 3485 an einem grossen Theater.
349 3410 2346 3707 Wie Marquis Du bringst Deine Geliebte mit?
