3304 4120
2263 523 2644 691 einer Fr.
714 497 1997 754 h fand ihn in der Garderobe
676 827 3003 1081 Oh, Tragen Sie das nicht. Ich hab ihn in den Nack
630 971 2769 1170 hineingestossen und er war tot Vielleicht auch
627 1092 2272 1344 nicht. Er lag dort schwer verwundet
644 1260 2769 1474 Wirt: Um Himmelswillen lachen Sie nicht meine
644 1494 1220 1653 es ist wahr.
685 1610 2679 1803 Anfangs erschrecken die Leute. Dann kommen
2326 1688 2904 1896 ja vortreffl
662 1769 2312 1971 drauf, es ist nicht möglich. Es ist
653 1928 1526 2101 Das ist das peste.
662 2032 2037 2280 Nein, ich schwöre es ist whr.
662 2141 2598 2419 Ich weiss ja, dass der Herzog ein Verhält
2624 2272 2965 2428 zusamme
682 2355 2491 2552 ocadie hat. Der Kleine da hat sie gest
685 2428 2584 2708 herausgehen gesehen. Es ist wahr, sag nu
696 2587 2430 2844 Der Herzog kommt, man will ihn retten
699 2795 1607 3008 Henry ersticht ihn.
751 2977 1462 3182 Leocadie kommt
722 3040 2228 3292 Polizei will das Ganze aufheben.
772 3182 2659 3456 Ein Gendamtsagt: die Spässe sind zu arg
734 3335 2390 3630 Der Philosoph: Spielt der auch mit?
