3416 4152
185 350 1552 592 3. Seavot un Jule Noveur
235 572 1646 784 landt sich verhängert; erzähl. Seit
235 777 1571 972 Lade. Mein  sont recht sa
231 933 1667 1230 ihn rt v̄ hollschreicke verkommt.
226 1406 1068 1603 4. Keem - Leor
249 1530 1470 1778 kam mit Balmerin h
244 1715 1500 2065 haffes auch als d heute (
247 1937 1459 2247 Adligat - in zuem cnt &
313 2240 693 2384 in Stale.
304 2350 1031 2560 mit sie sorgen.
357 2417 1692 2732 40 wir in bess Zeit entrehe. -
