2915 4280
159 642 608 813 Der Wirt :
171 743 1831 951 wirft zwei anständige Leute hinaus,
180 856 2253 1088 Ja, wenn Ihr euch als Verbrechen verkleidet.
217 1061 1232 1263 nimmt eben Leute auf.
183 1177 1666 1422 Bei Tag anständiges Restaurant.
180 1287 2461 1562 Nimmt e nenz ganz jungen Burschen auf, der gerade
190 1443 2651 1706 aus dem Zuchthaus kommt. Wegen Schändung eines ju
208 1584 2525 1871 gen Mädels. Ich höre man kann bei Euch ein gutes
202 1825 1220 1997 Stück Geld verdienen.
211 1984 1085 2180 Zeig Deine Künste.
272 2125 1327 2339 Ganz banal erzählt er.
281 2156 2140 2446 Das ist nichts, das muss besser werden.
232 2354 2556 2590 Henry und Lokadie kommen, hören noch die letzte
260 2581 804 2761 Geschichte.
315 2657 2394 2895 Henry: Heut werd ich was Wunderbares leisten
278 2749 2672 3064 Wirt zum jungen Menschen: Sehen Sie, das ist einer.
336 2889 2516 3183 Henry führt Locadie zum Theater. Heute soll sie
294 3165 1532 3351 nach dem Theater herkmmen.
352 3213 2712 3476 Wirt zu Leocadie: Gib acht dummes Luder. Mein Sohn
303 3382 2226 3651 hat Dich gestern mit dem Herzog gesehen.
