3432 4136
171 273 2015 591 1. Wirkt. der zwar auftöremt Bürger
1598 478 3019 748 Com Geer. - Y to't
314 502 1100 779 somme erste.
2182 628 3104 919 und ansehen -
161 707 2216 1018 2. Wirth nimmt großweise den jungen
236 943 2029 1212 Nacht auf - it am jetzt bey. -
191 1158 2029 1369 3. Henri u. Suocadie Unman¬
246 1383 1714 1619 der Rechte erkannt si rade¬
321 1506 2114 1742 Herrn wiederbaren leisten¬
335 1694 1171 1926 Ul d Gavoy. -
324 1858 2291 2114 Wirth: Gib anst: „Krohl wählt
229 2063 2923 2288 4. Zwa iusbaut Allin in François - Alkürte er
246 2309 2988 2551 sind. - Zwei ist als alles auf der kopfüllt. Um sie am
290 2541 888 2756 n/menl i
246 2698 2350 2944 5. Harp. M. ist Keinei-tarar?
410 2875 1605 3186 Wirth wäret ihn -
263 3056 2927 3350 6. Eine können kommen. Alt: der meckler
294 3268 2879 3562 Herrn – Get auf – Ich (al a Verfallen mit – ich
369 3524 1093 3739 kosten E.
482 3569 3077 3917 No/ 3 Colleg - unterle -, in Am je ihm
