3148 4392
212 622 1007 805 Der Wirt. Jones.
238 583 2779 922 Jones: Ich tue nicht mehr mit, der Wein ist nicht gut.
231 928 1072 1108 Tausend für euch.
300 948 2573 1218 Soll den Tagediehen den Wurstel machen, ah nein.
264 1127 2525 1381 James kommt. in Maskerade  ich habe heut was
261 1228 2785 1551 Neues. ich, ich habe eine Geschichte, da wird euch das
290 1489 1121 1694 Gruseln ankommen.
296 1599 1951 1850 Jone, ich nicht mher ich habs satt.
306 1681 2769 2016 Heut noch. Es soll der Herzog von Cumberland komen,
326 1932 1551 2153 dem man davon erzählt hat.
378 2020 2551 2297 Tobby der Sohn des Wirts, der Medizin studiert
345 2274 987 2463 kommt zurück.
378 2398 3003 2753 Der Wirt erklärt ihm, Dich kann ich auch gleich brauchen
397 2427 977 2622 Was ist das
388 2635 2613 2915 Aag Du hast auf der Landstrasse wen umgebracht.
397 2727 2870 3059 Tobby-Wenn der Mann eine Ahnung hätte, dass der Her¬
417 2958 2261 3238 zog mit seiner Frau ein Verhältnis hat.
423 3029 2883 3378 Der Wirth ein alter Komödiant der die Stimme verloren
508 3352 2378 3687 Lord Cleveland und Dord Mintosh kommen.
443 3349 674 3528 hat.
453 3577 1609 3886 Hier ist es sehr lustig.
