3065 4280
213 565 1664 791 Der verzog geht gleich wieder.
270 753 1243 970 Es ist noch so früh.
282 935 738 1108 Ja heute.
289 1064 1259 1252 Weder ein Abenteuer
239 1227 1199 1390 Er lächelt und geht.
242 1347 1824 1579 Dann entwickelt sich das Treiben.
245 1500 1733 1729 noch junge Aristokraten kommen.
254 1607 2778 1824 Lord Cinlin kommt mit seiner Geliebten, die auch beim
257 1777 2762 1984 Theater ist. Das erstemal das s eine Dame mit kömmt.
270 1990 1372 2159 Geschichten der Mörder.
270 1990 2762 2285 Ein Mörder kommt mit einer Dirne, die früher die Mai-
279 2219 2100 2492 tresse von Cinlin war oder Schwester
273 2357 2677 2633 Sie erzählen, der eine hat die Geliebte umgebädht.
292 2533 1799 2790 Einmal der Wirt. Ja es ist wahr.
286 2712 1299 2928 Das ist xje anständig.
308 2866 1127 3089 Aber blutig Herr,
323 2906 2837 3230 Was tun wir zunächst. Allen diesen verfluchten Aristo
317 3151 1616 3374 kraten das Genick umdrehen.
383 3346 901 3569 Jone kommt
386 3462 1356 3688 Wirt sehr froh.
