3336 4136
2504 377 2598 587 6
697 565 2306 754 Ja sie soll das auch einmal sehen,
644 682 3044 876 Ein ganz Zerlumpter kommt, der selbst ein Graf ist.
644 810 3047 1062 Hier ist alles auf den Kopf gestellt. So was Wirres.
663 971 3022 1187 Ja so wie die Wahrheit ist. Zufall macht zur Dirne
657 1115 3097 1354 die eine, zur anständigen Frau die andre. ein jun-
700 1272 3022 1464 ger-Dichter spricht so, der von den jungen Leuten
666 1407 3163 1646 mit genommen wird und mit der Schauspielerin schäkert
672 1567 2108 1787 Sie war früher seine Geliebte.
669 1643 3041 1900 Zwei betrunkene Taschendiebe erzählen eine frivole
675 1838 2896 2061 Geschichte. Sie werden zum Schweigen verwiesen.
682 2014 3047 2227 Einer mit seiner Dirne, die erzählt, wie sie einen
694 2152 3000 2381 schönen jungen Mann an sich gelockt. Es wird sehr
697 2409 1062 2538 schwül.
700 2431 2551 2698 Es kommt der schlechte Neuau genommene.
704 2632 2321 2833 Der Wirt bittet um Entschuldigung.
700 2620 3239 3009 Henry sitzt ja schon lang da. Heut hat er was Grosse
716 2859 3119 3122 vor. Es ist wunderbar. Als wenn er ein grosses Ver-
735 3066 1596 3295 brechen begangen.
732 3192 2965 3418 Ist das ein Verbrechen, ich habe den Herzog von
735 3380 1655 3600 Chartre umgebracht
741 3556 1762 3770 Es ist ja ein Scherz.
