5208 4200
365 467 516 635 G.C.P.
584 370 868 658 '   ̃
1188 1195 2556 1380 Meine Frau reiste Hals über Kopf ohne
1197 1363 2536 1575 sich einen Augenblick Ruhe zu gönnen
1194 1506 2488 1675 hin, um Sie zu holen und als sie mit
1181 1652 2534 1846 ihr nach Wien kam fand ich es für
1197 1785 2500 1970 tringend gekoten, ohne Aufenthalt
1188 1925 2441 2096 nach Hause zurückzukehren. Am
1168 2047 2430 2238 tienstag hoffte ich Sie wenigstens
1172 2209 2508 2392 allein noch aufsuchen zu können,
1194 2331 2497 2520 aber auch dazu fehlte mir buch.
1161 2441 2518 2673 täblich die Zeit. So muß ich Ihnen
1172 2603 2423 2779 meinen herzlichen stank für die
1170 2727 2488 2914 liebens würdige Aufmerksamkeit
2761 1177 4201 1393 die Sie für meine Arbeit übrig hatten,
2804 1341 4111 1522 nun schriftlich aussprechen. Diese
2792 1483 4183 1650 Gelegenheit kann ich aber nicht vorbei¬
2799 1620 4140 1790 gehen lassen ohne Ihnen zu sagen, daß ich
2786 1738 4125 1913 Ihnen die reichsten, künstlerisch höchsten
2797 1868 4149 2044 Genüsse verdanke, die uns die deutsche
2792 1981 4093 2171 Gewäche seit zwanzig Iphren bietet,
2781 2146 4070 2312 und daß ich für viele Ihrer Werke
2774 2274 4143 2437 die bedingungslose Verehrung fühle,
2797 2387 4070 2554 die ich sonst nur für Vergangnes
2770 2491 4127 2673 aufbringen kann. So viel ich weiß
2786 2642 4159 2792 kennen wir uns seit bald zehn Jahren
2788 2774 4113 2943 uns haben uns in diesen zehn fahren
