3560 3960
3183 109 3349 236 23
566 200 3138 412 winkel des früheren Verführers ist eben doch
556 338 3085 542 größer als dieser Mut, ist stärker als Liebe.
563 485 1921 665 Glaube und Vertrauen.
609 591 3261 739 dieses Schauspiel, technisch vielleicht eines der
552 704 3257 893 schwächsten von Schmitzler, behandelt ein alles
570 834 3268 988 Problem, und auch seine Kunst mehr zu sehen,
538 985 3356 1104 als bleste Naturwahrheit bietet, hat ihn hier nach
549 1041 3299 1207 im Niche gelassen, denn es ist konventirnell
531 1164 3310 1301 und grau und wahr wie des Leben selbst, und
528 1280 3349 1439 ebenso gewöhnlich - aber auch dieses erste Schaune
531 1414 3278 1562 spiel zeigt ja schon die seine späteren Werke
471 1488 3201 1685 charakterisierende Absicht, sich mit Problemen
542 1615 3310 1801 zu befassen, welche die Übergangsegechen zu neuen
549 1776 3370 1938 Gesichtspunkten für die Freiheit der Liebe- und Ehe
535 1854 3257 2061 kennzeichnen. Darum bringt nicht Schnitzler in
552 1963 3342 2167 dem Freund des Helden eine Art skeplischer, ru¬
552 2072 3022 2258 higer Kritik gleich mit auf der Bühne an.
651 2255 3415 2413 Einen bedeutenden Sprung zur Verliefung die¬
605 2315 3275 2487 ser Probleme und zur Veredlung sowohl der
591 2462 3370 2592 Spreche, als des Inhaltes, zeigen seine weiteren
612 2571 3415 2723 Schauspiele - insbesondere das jetzt wohl aktuellste
601 2645 3257 2849 des „Zwischenspiel“, welches Schnitzler den
623 2779 3356 2965 Grillparzerpreis eingetragen hat. Zeit war es sie
556 2920 3352 3078 daß dieser von einem österreichischen Dichter ge¬
535 3078 3345 3222 stiftete Preis endlich einmal in Österreich blieb,
545 3190 3271 3324 und Schnitzler hat ihn längst, nicht erst jetzt
573 3321 3377 3468 verdient. Er hat uns mehr gegeben als mancher
573 3394 3349 3553 andere dichter - nicht bloße dichtung - sondern
587 3553 3401 3686 Wahrheit und Leben veredelt durch seine Dichteri¬
630 3630 1375 3799 sche Kunst.
