<?xml version="1.0" encoding="UTF-8" standalone="yes"?>
<PcGts xmlns="http://schema.primaresearch.org/PAGE/gts/pagecontent/2013-07-15" xmlns:xsi="http://www.w3.org/2001/XMLSchema-instance" xsi:schemaLocation="http://schema.primaresearch.org/PAGE/gts/pagecontent/2013-07-15 http://schema.primaresearch.org/PAGE/gts/pagecontent/2013-07-15/pagecontent.xsd">
    <Metadata>
        <Creator>prov=READ-COOP:name=TrHtr:version=2.1.0:model_id=51170:date=15_08_2023_13:51</Creator>
        <Created>2023-05-10T15:29:28.634+02:00</Created>
        <LastChange>2023-08-15T13:51:17.582+02:00</LastChange>
        <TranskribusMetadata docId="1429071" pageId="55436604" pageNr="157" tsid="132859241" status="IN_PROGRESS" userId="64420" imgUrl="https://files.transkribus.eu/Get?id=VSOXRBHWNGAWLWVQTUFMAYSY&amp;fileType=view" xmlUrl="https://files.transkribus.eu/Get?id=LIJCSSCEMLKKDLYQEKKLRYAP" imageId="44710593"/>
    </Metadata>
    <Page imageFilename="1429071_0157.jpg" imageWidth="4296" imageHeight="5400">
        <ReadingOrder>
            <OrderedGroup id="ro_1711798255545" caption="Regions reading order">
                <RegionRefIndexed index="0" regionRef="tr_2"/>
                <RegionRefIndexed index="1" regionRef="tr_1"/>
            </OrderedGroup>
        </ReadingOrder>
        <TextRegion id="tr_2" custom="readingOrder {index:0;}">
            <Coords points="669,517 3524,517 3524,2172 669,2172"/>
            <TextLine id="tr_2_tl_1" custom="readingOrder {index:0;}">
                <Coords points="712,627 730,631 755,613 809,656 826,648 894,677 937,677 958,467 926,456 916,467 855,467 826,445 784,449 734,428"/>
                <Baseline points="734,591 776,585 866,573 955,567"/>
                <TextEquiv>
                    <Unicode>1, 1</Unicode>
                </TextEquiv>
            </TextLine>
            <TextLine id="tr_2_tl_2" custom="readingOrder {index:1;}">
                <Coords points="1963,638 2031,638 2038,645 2073,616 2155,620 2155,467 2130,474 2063,445 2031,463 1999,435 1981,449 1963,449"/>
                <Baseline points="1983,585 2072,579 2162,585"/>
                <TextEquiv>
                    <Unicode>44</Unicode>
                </TextEquiv>
            </TextLine>
            <TextLine id="tr_2_tl_3" custom="readingOrder {index:2;}">
                <Coords points="1671,809 1813,816 1906,787 1966,805 2052,762 2116,762 2162,794 2276,777 2316,762 2319,584 2063,645 1934,613 1788,670 1674,656"/>
                <Baseline points="1690,746 1702,740 1792,740 1881,740 1971,740 2060,740 2150,734 2240,734 2329,728"/>
                <TextEquiv>
                    <Unicode>Südungsmittel.</Unicode>
                </TextEquiv>
            </TextLine>
            <TextLine id="tr_2_tl_4" custom="readingOrder {index:3;}">
                <Coords points="648,951 3359,901 3506,880 3513,727 652,816"/>
                <Baseline points="669,937 740,931 830,931 919,925 1009,925 1099,919 1188,919 1278,913 1367,913 1457,907 1547,907 1636,901 1726,901 1815,896 1905,890 1995,896 2084,890 2174,884 2263,884 2353,878 2443,878 2532,872 2622,866 2711,866 2801,866 2891,860 2980,860 3070,854 3159,848 3249,848 3339,842 3428,842 3518,842"/>
                <TextEquiv>
                    <Unicode>Die leise Knuspfung des Konflikts, die fuer die grosse Anzahl der Schnitz</Unicode>
                </TextEquiv>
            </TextLine>
            <TextLine id="tr_2_tl_5" custom="readingOrder {index:4;}">
                <Coords points="666,1129 3046,1058 3406,937 670,980"/>
                <Baseline points="686,1093 728,1087 818,1087 907,1081 997,1081 1087,1075 1176,1075 1266,1069 1355,1069 1445,1069 1535,1063 1624,1057 1714,1057 1803,1051 1893,1045 1983,1045 2072,1045 2162,1039 2251,1033 2341,1033 2431,1027 2520,1027 2610,1021 2700,1021 2789,1021 2879,1015 2968,1009 3058,1009 3148,1003 3237,1003 3327,997 3416,997"/>
                <TextEquiv>
                    <Unicode>lerschen Dramen festgestellt wurde, schliest eine leise Hebung des Vor-</Unicode>
                </TextEquiv>
            </TextLine>
            <TextLine id="tr_2_tl_6" custom="readingOrder {index:5;}">
                <Coords points="673,1261 3124,1218 3438,1193 3441,1069 1108,1083 677,1172"/>
                <Baseline points="692,1242 758,1242 848,1236 937,1236 1027,1230 1117,1230 1206,1224 1296,1224 1385,1224 1475,1218 1565,1212 1654,1212 1744,1206 1833,1200 1923,1200 2013,1200 2102,1194 2192,1188 2281,1188 2371,1188 2461,1182 2550,1176 2640,1176 2729,1176 2819,1170 2909,1164 2998,1164 3088,1164 3177,1158 3267,1152 3357,1152 3446,1146"/>
                <TextEquiv>
                    <Unicode>hangs schon in sich. Oft bleibt die Buehne einen Augenblick leer, ehe je-</Unicode>
                </TextEquiv>
            </TextLine>
            <TextLine id="tr_2_tl_7" custom="readingOrder {index:6;}">
                <Coords points="656,1457 3377,1364 3452,1236 2009,1304 1699,1229 659,1336"/>
                <Baseline points="680,1397 770,1397 860,1397 949,1391 1039,1385 1128,1385 1218,1379 1308,1379 1397,1373 1487,1373 1576,1367 1666,1361 1756,1361 1845,1355 1935,1355 2025,1350 2114,1350 2204,1344 2293,1344 2383,1338 2473,1338 2562,1332 2652,1332 2741,1326 2831,1326 2921,1320 3010,1320 3100,1314 3189,1314 3279,1308 3369,1308 3458,1320"/>
                <TextEquiv>
                    <Unicode>mand auftritt, oder die Personen kommen gerade zufällig zu der Stelle,</Unicode>
                </TextEquiv>
            </TextLine>
            <TextLine id="tr_2_tl_8" custom="readingOrder {index:7;}">
                <Coords points="691,1564 3067,1550 3452,1489 3456,1368 2472,1354 1849,1464 1525,1379 1322,1489 695,1414"/>
                <Baseline points="710,1553 770,1547 860,1547 949,1541 1039,1541 1128,1541 1218,1535 1308,1535 1397,1529 1487,1529 1576,1523 1666,1523 1756,1523 1845,1511 1935,1511 2025,1505 2114,1505 2204,1499 2293,1499 2383,1493 2473,1487 2562,1487 2652,1487 2741,1481 2831,1475 2921,1475 3010,1469 3100,1469 3189,1463 3279,1463 3369,1463 3458,1457"/>
                <TextEquiv>
                    <Unicode>ueber die der Vorhang sich gerade hebt. Dann auch wieder lässt der Dich-</Unicode>
                </TextEquiv>
            </TextLine>
            <TextLine id="tr_2_tl_9" custom="readingOrder {index:8;}">
                <Coords points="691,1735 3374,1657 3434,1535 1721,1624 1393,1543 869,1642 698,1575"/>
                <Baseline points="716,1708 752,1702 842,1696 931,1696 1021,1696 1111,1696 1200,1690 1290,1690 1379,1684 1469,1678 1559,1678 1648,1678 1738,1672 1827,1672 1917,1666 2007,1660 2096,1660 2186,1654 2275,1654 2365,1648 2455,1648 2544,1642 2634,1642 2723,1636 2813,1630 2903,1630 2992,1630 3082,1624 3171,1618 3261,1618 3351,1618 3440,1618"/>
                <TextEquiv>
                    <Unicode>ter wie in einem Kinematographen ein scheinbar irgendwo im preiben der</Unicode>
                </TextEquiv>
            </TextLine>
            <TextLine id="tr_2_tl_10" custom="readingOrder {index:9;}">
                <Coords points="695,1899 3452,1824 3481,1664 698,1760"/>
                <Baseline points="716,1857 794,1857 884,1857 973,1851 1063,1851 1152,1845 1242,1845 1332,1839 1421,1833 1511,1833 1600,1833 1690,1827 1780,1821 1869,1821 1959,1815 2048,1815 2138,1809 2228,1809 2317,1803 2407,1803 2496,1803 2586,1798 2676,1792 2765,1792 2855,1786 2944,1786 3034,1780 3124,1780 3213,1774 3303,1768 3392,1768 3482,1768"/>
                <TextEquiv>
                    <Unicode>Menschen aufgenommenes Bild vor uns auftauchen, sodass man sich nur wun-</Unicode>
                </TextEquiv>
            </TextLine>
            <TextLine id="tr_2_tl_11" custom="readingOrder {index:10;}">
                <Coords points="684,2016 3003,2009 3516,1949 3523,1792 3017,1902 688,1934"/>
                <Baseline points="704,2013 746,2013 836,2013 925,2007 1015,2001 1105,2001 1194,2001 1284,1995 1373,1989 1463,1989 1553,1989 1642,1983 1732,1977 1821,1977 1911,1971 2001,1971 2090,1965 2180,1965 2269,1959 2359,1959 2449,1953 2538,1953 2628,1947 2717,1947 2807,1941 2897,1941 2986,1941 3076,1935 3165,1929 3255,1929 3345,1929 3434,1923 3524,1917"/>
                <TextEquiv>
                    <Unicode>dert, dass sich die Menschen durch die Blicke des Zuschauers so wenig ge-</Unicode>
                </TextEquiv>
            </TextLine>
            <TextLine id="tr_2_tl_12" custom="readingOrder {index:11;}">
                <Coords points="691,2194 3384,2152 3392,1981 695,2070"/>
                <Baseline points="716,2162 800,2162 890,2162 979,2156 1069,2156 1158,2156 1248,2150 1338,2144 1427,2144 1517,2138 1606,2138 1696,2132 1786,2132 1875,2132 1965,2126 2054,2120 2144,2120 2234,2120 2323,2114 2413,2114 2502,2108 2592,2108 2682,2102 2771,2102 2861,2096 2950,2096 3040,2090 3130,2084 3219,2084 3309,2084 3398,2078"/>
                <TextEquiv>
                    <Unicode>stoert fuchlen. Sie fahren in ihrer Beschaftigung fort, als ob sie uns</Unicode>
                </TextEquiv>
            </TextLine>
        </TextRegion>
        <TextRegion id="tr_1" custom="readingOrder {index:1;}">
            <Coords points="716,2178 3601,2178 3601,4496 716,4496"/>
            <TextLine id="tr_1_tl_1" custom="readingOrder {index:0;}">
                <Coords points="695,2341 3416,2305 3513,2284 3516,2148 698,2227"/>
                <Baseline points="716,2317 746,2317 836,2317 925,2311 1015,2311 1105,2311 1194,2305 1284,2299 1373,2299 1463,2293 1553,2293 1642,2287 1732,2287 1821,2281 1911,2281 2001,2281 2090,2275 2180,2275 2269,2269 2359,2269 2449,2263 2538,2257 2628,2257 2717,2251 2807,2251 2897,2246 2986,2246 3076,2240 3165,2234 3255,2234 3345,2234 3434,2228 3524,2234"/>
                <TextEquiv>
                    <Unicode>ueberhaupt nicht bemerkten. Natürlich ist es etwas fuer die Bedeutung der</Unicode>
                </TextEquiv>
            </TextLine>
            <TextLine id="tr_1_tl_2" custom="readingOrder {index:1;}">
                <Coords points="709,2508 2740,2487 2882,2401 3488,2430 3491,2305 712,2387"/>
                <Baseline points="728,2473 806,2467 896,2467 985,2467 1075,2461 1164,2461 1254,2461 1344,2455 1433,2449 1523,2449 1612,2443 1702,2437 1792,2437 1881,2437 1971,2431 2060,2431 2150,2425 2240,2425 2329,2419 2419,2419 2508,2413 2598,2413 2688,2407 2777,2407 2867,2401 2956,2401 3046,2395 3136,2389 3225,2389 3315,2389 3404,2383 3494,2389"/>
                <TextEquiv>
                    <Unicode>Handlung Untergeordnetes was uns in dieser ersten xxx vorgeführt oder</Unicode>
                </TextEquiv>
            </TextLine>
            <TextLine id="tr_1_tl_3" custom="readingOrder {index:2;}">
                <Coords points="716,2650 3349,2576 3459,2444 720,2533"/>
                <Baseline points="734,2634 776,2622 866,2622 955,2622 1045,2616 1134,2610 1224,2610 1314,2610 1403,2604 1493,2598 1582,2598 1672,2592 1762,2592 1851,2586 1941,2586 2030,2586 2120,2586 2210,2580 2299,2574 2389,2568 2478,2568 2568,2562 2658,2562 2747,2562 2837,2556 2926,2550 3016,2550 3106,2550 3195,2544 3285,2538 3375,2538 3464,2538"/>
                <TextEquiv>
                    <Unicode>gesagt wird. So hebt sich der Vorhang im "Zwischenspiel" mit Amadeus am</Unicode>
                </TextEquiv>
            </TextLine>
            <TextLine id="tr_1_tl_4" custom="readingOrder {index:3;}">
                <Coords points="716,2839 3003,2704 3477,2768 3481,2604 720,2711"/>
                <Baseline points="734,2783 794,2777 884,2777 973,2771 1063,2765 1152,2765 1242,2765 1332,2759 1421,2759 1511,2753 1600,2753 1690,2747 1780,2741 1869,2741 1959,2741 2048,2735 2138,2729 2228,2729 2317,2729 2407,2723 2496,2717 2586,2717 2676,2717 2765,2711 2855,2705 2944,2705 3034,2700 3124,2700 3213,2700 3303,2694 3392,2694 3482,2694"/>
                <TextEquiv>
                    <Unicode>Klavier und Freidericke aus "Mignon" singend: „Hahaha, ist’e wahr, iste</Unicode>
                </TextEquiv>
            </TextLine>
            <TextLine id="tr_1_tl_5" custom="readingOrder {index:4;}">
                <Coords points="720,2943 2615,2946 3317,2893 3441,2772 723,2825"/>
                <Baseline points="740,2932 758,2926 848,2926 937,2926 1027,2921 1117,2921 1206,2921 1296,2915 1385,2909 1475,2909 1565,2903 1654,2903 1744,2897 1833,2897 1923,2891 2013,2891 2102,2885 2192,2885 2281,2885 2371,2879 2461,2873 2550,2873 2640,2873 2729,2867 2819,2861 2909,2861 2998,2855 3088,2855 3177,2849 3267,2849 3357,2849 3446,2843"/>
                <TextEquiv>
                    <Unicode>wirklich wahr. Und Amadeus, die Rolle des Friedrich markierend: “Lachen</Unicode>
                </TextEquiv>
            </TextLine>
            <TextLine id="tr_1_tl_6" custom="readingOrder {index:5;}">
                <Coords points="737,3106 3452,3057 3527,2907 741,2985"/>
                <Baseline points="758,3082 848,3082 937,3076 1027,3076 1117,3076 1206,3070 1296,3070 1385,3064 1475,3064 1565,3064 1654,3058 1744,3052 1833,3052 1923,3046 2013,3046 2102,3040 2192,3040 2281,3034 2371,3034 2461,3028 2550,3028 2640,3022 2729,3022 2819,3016 2909,3016 2998,3010 3088,3004 3177,3004 3267,2998 3357,3004 3446,2998 3536,2992"/>
                <TextEquiv>
                    <Unicode>Sie nur, ich bin ein Warr, runiere mein Pferd..“ So geht die Probe wei-</Unicode>
                </TextEquiv>
            </TextLine>
            <TextLine id="tr_1_tl_7" custom="readingOrder {index:6;}">
                <Coords points="745,3263 3331,3217 3441,3196 3445,3074 748,3174"/>
                <Baseline points="764,3237 854,3237 943,3237 1033,3231 1123,3231 1212,3225 1302,3225 1391,3219 1481,3219 1571,3213 1660,3207 1750,3207 1839,3207 1929,3201 2019,3201 2108,3195 2198,3189 2287,3189 2377,3183 2467,3183 2556,3177 2646,3177 2735,3171 2825,3171 2915,3171 3004,3165 3094,3165 3183,3159 3273,3159 3363,3159 3452,3159"/>
                <TextEquiv>
                    <Unicode>ter bis das Aussichtslose eines Resultats an Amadeus schliesslich vom</Unicode>
                </TextEquiv>
            </TextLine>
            <TextLine id="tr_1_tl_8" custom="readingOrder {index:7;}">
                <Coords points="720,3399 3381,3370 3452,3220 723,3306"/>
                <Baseline points="740,3392 770,3392 860,3392 949,3386 1039,3386 1128,3380 1218,3380 1308,3375 1397,3375 1487,3369 1576,3369 1666,3363 1756,3363 1845,3357 1935,3351 2025,3351 2114,3351 2204,3345 2293,3345 2383,3339 2473,3339 2562,3333 2652,3327 2741,3327 2831,3327 2921,3327 3010,3321 3100,3315 3189,3315 3279,3309 3369,3309 3458,3303"/>
                <TextEquiv>
                    <Unicode>Klavier aufstehen laesst: "Bitten Sie doch den Direktor,er moechte die</Unicode>
                </TextEquiv>
            </TextLine>
            <TextLine id="tr_1_tl_9" custom="readingOrder {index:8;}">
                <Coords points="734,3577 3352,3530 3534,3477 3538,3359 737,3473"/>
                <Baseline points="752,3548 770,3548 860,3542 949,3542 1039,3542 1128,3536 1218,3536 1308,3530 1397,3530 1487,3524 1576,3524 1666,3518 1756,3518 1845,3512 1935,3512 2025,3506 2114,3506 2204,3500 2293,3500 2383,3494 2473,3500 2562,3494 2652,3488 2741,3482 2831,3482 2921,3482 3010,3476 3100,3470 3189,3470 3279,3470 3369,3464 3458,3464 3548,3458"/>
                <TextEquiv>
                    <Unicode>Partee mit Ihnen studieren. Was mich anbelangt, ich habe eine gewisse Ach-</Unicode>
                </TextEquiv>
            </TextLine>
            <TextLine id="tr_1_tl_10" custom="readingOrder {index:9;}">
                <Coords points="752,3709 2975,3684 3424,3648 3427,3548 755,3587"/>
                <Baseline points="770,3703 830,3703 919,3697 1009,3697 1099,3691 1188,3691 1278,3685 1367,3685 1457,3685 1547,3679 1636,3679 1726,3673 1815,3673 1905,3667 1995,3661 2084,3661 2174,3655 2263,3655 2353,3649 2443,3649 2532,3643 2622,3643 2711,3637 2801,3637 2891,3637 2980,3631 3070,3631 3159,3625 3249,3625 3339,3619 3428,3619"/>
                <TextEquiv>
                    <Unicode>tung auch vor den Leuten, die im Sommer ins Theater gehen. Sie muessen</Unicode>
                </TextEquiv>
            </TextLine>
            <TextLine id="tr_1_tl_11" custom="readingOrder {index:10;}">
                <Coords points="741,3901 3370,3826 3595,3798 3595,3712 745,3758"/>
                <Baseline points="764,3858 824,3858 913,3858 1003,3852 1093,3852 1182,3846 1272,3846 1361,3840 1451,3840 1541,3834 1630,3834 1720,3828 1809,3828 1899,3823 1989,3823 2078,3817 2168,3811 2257,3811 2347,3805 2437,3805 2526,3805 2616,3799 2705,3793 2795,3793 2885,3793 2974,3793 3064,3787 3153,3781 3243,3781 3333,3781 3422,3775 3512,3775 3601,3775"/>
                <TextEquiv>
                    <Unicode>sich nicht alles bieten lassen. Gehn Sie zum Direktor: Ich lass ihn grüssen</Unicode>
                </TextEquiv>
            </TextLine>
            <TextLine id="tr_1_tl_12" custom="readingOrder {index:11;}">
                <Coords points="752,4029 2764,3990 2900,3976 2903,3858 755,3912"/>
                <Baseline points="770,4020 848,4014 937,4014 1027,4008 1117,4008 1206,3996 1296,3996 1385,3996 1475,3996 1565,3990 1654,3990 1744,3984 1833,3978 1923,3978 2013,3978 2102,3972 2192,3972 2281,3966 2371,3966 2461,3960 2550,3960 2640,3954 2729,3954 2819,3948 2909,3948"/>
                <TextEquiv>
                    <Unicode>und ich hab was besseres zu tun.“ (Klappt die Noten zu)</Unicode>
                </TextEquiv>
            </TextLine>
            <TextLine id="tr_1_tl_13" custom="readingOrder {index:12;}">
                <Coords points="755,4186 3552,4161 3584,4004 759,4061"/>
                <Baseline points="776,4175 812,4169 901,4169 991,4163 1081,4163 1170,4163 1260,4157 1350,4151 1439,4151 1529,4151 1618,4145 1708,4139 1798,4139 1887,4139 1977,4133 2066,4133 2156,4127 2246,4127 2335,4121 2425,4121 2514,4115 2604,4115 2694,4109 2783,4109 2873,4103 2962,4103 3052,4103 3142,4097 3231,4097 3321,4091 3410,4091 3500,4091 3590,4097"/>
                <TextEquiv>
                    <Unicode>Friedericke (freundlich): Das glaub ich schon. Wie weit sind Sie denn eine</Unicode>
                </TextEquiv>
            </TextLine>
            <TextLine id="tr_1_tl_14" custom="readingOrder {index:13;}">
                <Coords points="770,4353 876,4385 980,4336 1226,4375 1404,4311 1450,4339 1642,4307 1735,4332 1738,4218 1364,4261 1037,4211 880,4261 773,4214"/>
                <Baseline points="788,4336 848,4330 937,4324 1027,4324 1117,4318 1206,4312 1296,4312 1385,4306 1475,4306 1565,4300 1654,4300 1744,4294"/>
                <TextEquiv>
                    <Unicode>gentlich mit Ihrer Oper?</Unicode>
                </TextEquiv>
            </TextLine>
            <TextLine id="tr_1_tl_15" custom="readingOrder {index:14;}">
                <Coords points="755,4507 3363,4474 3513,4464 3516,4343 2693,4261 2138,4364 759,4375"/>
                <Baseline points="776,4486 836,4486 925,4480 1015,4474 1105,4474 1194,4474 1284,4468 1373,4468 1463,4462 1553,4462 1642,4456 1732,4456 1821,4456 1911,4450 2001,4444 2090,4444 2180,4438 2269,4438 2359,4432 2449,4432 2538,4432 2628,4426 2717,4420 2807,4414 2897,4414 2986,4414 3076,4414 3165,4408 3255,4408 3345,4402 3434,4402 3524,4402"/>
                <TextEquiv>
                    <Unicode>Amadeus: Um Gootes Willen, tun Sie doch nicht, als ob Sie dergleichen in-</Unicode>
                </TextEquiv>
            </TextLine>
        </TextRegion>
    </Page>
</PcGts>
