4472 5704
1901 585 2056 709 -4-
623 848 3536 1080 II. Der junge Graf und Medardus Schwester gehen in den Tod.
693 987 3667 1247 II. Medardus schwört, dass er den God dieser Beiden rächen wird.
867 1169 3656 1348 Stolz? Nun, die Alten werden mich auf den Knieen beschwören,
879 1406 2176 1534 dass ich sie heiraten soll.
705 1510 3783 1673 III. Im Hause Berger. Der Fürst und seine Gattin, ihre Teilnahme am
891 1654 3861 1824 Sarg? Kondolenzen. (Alte Weiber, Tante, Mutter). Grosse Bewegung,
910 1770 3880 2056 wie der Fürst und seine Gemahlin (?) kommen. Gemeinschaftliches
910 2041 1417 2188 Begärbnis?
728 2149 3795 2312 IV. Friedhof. Medardus und sein Freund am Grab. Die Schwester des
914 2347 3857 2482 jungen Fürsten mit Kammerfräulein. Ich wollte erst kommen, wenn
926 2529 3346 2676 all das vorüber.Man sagt mir, Ihr geht in den Krieg.
937 2660 3683 2835 Villa in der Brühl oder In Hietzing oder in Dornbach. Der
945 2846 3849 3009 Fürst und die Fürstin. Gespräch über die Hochzeit mit dem Gra-
937 3021 3783 3148 fen X. Nein, ich will nicht; es muss ein Gewaltiger sein. Ich
953 3183 3807 3354 fühle mein kaiserliches Blut. Einer, der sein Leben einsetzt.
922 3311 1987 3497 Medardus übers Gitter.
759 3458 3872 3683 VI. Bei Bergers. Mutter und Sohn. Er wird sie rächen. Was hast du?
945 3652 3760 3849 Sein düsteres Wesen. Mir wäre lieber, du gingst in den Krieg,
937 3807 3083 3962 Nachrichten vom Krieg. Napoléon heranrückend.
759 3888 3834 4113 VII. Sie sagt ihm: ein Kind. Nun, was denkst du, sollen wir Hochzeit
926 4116 3857 4260 machen? - Ich dich heiraten? Du bist nicht übel. Ich heirate
945 4240 3830 4438 den Herzog.- Isabella! Nun fleht er sie an. Es bleibt dabei,
937 4376 2219 4558 dass er ihr Liebhaber wird.
720 4539 2138 4740 VIII. Die Ehe. Niedrigkeiten.
972 4709 3818 4934 Auf dem Grab der Beiden. Bin ich Euch so untreu worden, so
964 4841 3249 5147 meinem Plan? Nein, nun hab ich mehr zu rächen.-
