<?xml version="1.0" encoding="UTF-8" standalone="yes"?>
<PcGts xmlns="http://schema.primaresearch.org/PAGE/gts/pagecontent/2013-07-15" xmlns:xsi="http://www.w3.org/2001/XMLSchema-instance" xsi:schemaLocation="http://schema.primaresearch.org/PAGE/gts/pagecontent/2013-07-15 http://schema.primaresearch.org/PAGE/gts/pagecontent/2013-07-15/pagecontent.xsd">
    <Metadata>
        <Creator>prov=READ-COOP:name=TrHtr:version=2.1.0:model_id=51170:date=15_08_2023_13:50</Creator>
        <Created>2023-05-10T15:29:07.694+02:00</Created>
        <LastChange>2023-08-15T13:50:29.619+02:00</LastChange>
        <TranskribusMetadata docId="1429071" pageId="55435616" pageNr="10" tsid="132859087" status="IN_PROGRESS" userId="64420" imgUrl="https://files.transkribus.eu/Get?id=PGYLCDZLPFMRAHRPJAAVVYAC&amp;fileType=view" xmlUrl="https://files.transkribus.eu/Get?id=FEGTDXKGTRHOTVNUSYYQWUPG" imageId="44709606"/>
    </Metadata>
    <Page imageFilename="1429071_0010.jpg" imageWidth="4360" imageHeight="5448">
        <ReadingOrder>
            <OrderedGroup id="ro_1711797890613" caption="Regions reading order">
                <RegionRefIndexed index="0" regionRef="tr_2"/>
                <RegionRefIndexed index="1" regionRef="tr_1"/>
            </OrderedGroup>
        </ReadingOrder>
        <TextRegion id="tr_2" custom="readingOrder {index:0;}">
            <Coords points="1051,338 3990,338 3990,2716 1051,2716"/>
            <TextLine id="tr_2_tl_1" custom="readingOrder {index:0;}">
                <Coords points="1969,427 1994,423 2016,438 2035,430 2071,456 2086,434 2140,467 2180,452 2173,317 2100,314 2089,303 2071,317 2038,310 2027,317 2013,306 1987,317 1965,314"/>
                <Baseline points="1989,388 2078,388 2168,394 2186,400"/>
                <TextEquiv>
                    <Unicode>1-8-</Unicode>
                </TextEquiv>
            </TextLine>
            <TextLine id="tr_2_tl_2" custom="readingOrder {index:1;}">
                <Coords points="1510,886 1688,886 1754,937 1903,886 2534,890 2647,861 2651,747 2414,766 2264,718 2031,791 1994,762 1783,802 1717,751 1513,788"/>
                <Baseline points="1529,878 1583,878 1672,872 1762,872 1851,866 1941,866 2031,860 2120,854 2210,848 2299,848 2389,842 2479,836 2568,836 2658,842"/>
                <TextEquiv>
                    <Unicode>b) Dramatische Versuche</Unicode>
                </TextEquiv>
            </TextLine>
            <TextLine id="tr_2_tl_3" custom="readingOrder {index:2;}">
                <Coords points="1273,1243 3661,1149 3708,977 1283,1043"/>
                <Baseline points="1296,1194 1385,1188 1475,1182 1565,1182 1654,1176 1744,1176 1833,1170 1923,1164 2013,1158 2102,1158 2192,1152 2281,1152 2371,1146 2461,1146 2550,1135 2640,1135 2729,1129 2819,1123 2909,1117 2998,1117 3088,1111 3178,1111 3267,1105 3357,1099 3446,1099 3536,1087 3626,1087 3715,1093"/>
                <TextEquiv>
                    <Unicode>Weit mehr noch als in der Lyrik hatte sich der junge</Unicode>
                </TextEquiv>
            </TextLine>
            <TextLine id="tr_2_tl_4" custom="readingOrder {index:3;}">
                <Coords points="1032,1382 3165,1335 3810,1258 3818,1119 1743,1192 1542,1298 1039,1189"/>
                <Baseline points="1051,1350 1135,1356 1224,1350 1314,1344 1403,1344 1493,1338 1583,1332 1672,1326 1762,1326 1851,1320 1941,1320 2031,1314 2120,1308 2210,1308 2299,1296 2389,1296 2479,1296 2568,1290 2658,1284 2747,1278 2837,1272 2927,1272 3016,1266 3106,1260 3195,1260 3285,1254 3375,1254 3464,1248 3554,1242 3643,1236 3733,1236 3823,1236"/>
                <TextEquiv>
                    <Unicode>Schnitzler in dramatischen und erzählenden Werken versucht.</Unicode>
                </TextEquiv>
            </TextLine>
            <TextLine id="tr_2_tl_5" custom="readingOrder {index:4;}">
                <Coords points="1043,1524 3493,1458 3690,1429 3697,1287 1046,1422"/>
                <Baseline points="1063,1505 1105,1505 1194,1505 1284,1499 1373,1493 1463,1487 1553,1487 1642,1481 1732,1481 1821,1469 1911,1469 2001,1463 2090,1463 2180,1457 2270,1451 2359,1451 2449,1445 2538,1439 2628,1439 2718,1433 2807,1427 2897,1421 2986,1415 3076,1415 3166,1409 3255,1409 3345,1403 3434,1397 3524,1397 3614,1391 3703,1385"/>
                <TextEquiv>
                    <Unicode>Rein quantitativ und wohl auch qualitativen überwiegen die</Unicode>
                </TextEquiv>
            </TextLine>
            <TextLine id="tr_2_tl_6" custom="readingOrder {index:5;}">
                <Coords points="1061,1663 3737,1597 3788,1462 2753,1440 1426,1586 1065,1520"/>
                <Baseline points="1081,1654 1105,1654 1194,1654 1284,1654 1373,1648 1463,1642 1553,1636 1642,1636 1732,1630 1821,1624 1911,1624 2001,1618 2090,1612 2180,1606 2270,1606 2359,1600 2449,1594 2538,1594 2628,1589 2718,1583 2807,1583 2897,1577 2986,1571 3076,1565 3166,1565 3255,1559 3345,1559 3434,1553 3524,1547 3614,1541 3703,1541 3793,1541"/>
                <TextEquiv>
                    <Unicode>dramatischen Werke. Noch vor dem "Anatol" entstanden nicht</Unicode>
                </TextEquiv>
            </TextLine>
            <TextLine id="tr_2_tl_7" custom="readingOrder {index:6;}">
                <Coords points="1054,1838 3365,1801 3752,1754 3759,1597 1057,1732"/>
                <Baseline points="1075,1810 1164,1804 1254,1804 1344,1804 1433,1798 1523,1792 1612,1786 1702,1786 1792,1780 1881,1774 1971,1768 2060,1768 2150,1762 2240,1762 2329,1756 2419,1750 2508,1744 2598,1738 2688,1738 2777,1738 2867,1726 2956,1726 3046,1720 3136,1720 3225,1714 3315,1714 3405,1708 3494,1702 3584,1696 3673,1696 3763,1696"/>
                <TextEquiv>
                    <Unicode>weniger als dreiesig Theaterstücke und etwa halb so viele</Unicode>
                </TextEquiv>
            </TextLine>
            <TextLine id="tr_2_tl_8" custom="readingOrder {index:7;}">
                <Coords points="1061,1965 3344,1914 3541,1892 3548,1754 1065,1867"/>
                <Baseline points="1081,1959 1135,1959 1224,1959 1314,1953 1403,1953 1493,1947 1583,1941 1672,1935 1762,1935 1851,1929 1941,1929 2031,1923 2120,1917 2210,1911 2299,1905 2389,1905 2479,1899 2568,1899 2658,1893 2747,1887 2837,1881 2927,1881 3016,1875 3106,1869 3195,1869 3285,1869 3375,1857 3464,1857 3554,1857"/>
                <TextEquiv>
                    <Unicode>dramatische Fragmente, von denen die meisten in sein</Unicode>
                </TextEquiv>
            </TextLine>
            <TextLine id="tr_2_tl_9" custom="readingOrder {index:8;}">
                <Coords points="1072,2129 3464,2064 3854,2016 3861,1867 1079,1998"/>
                <Baseline points="1093,2114 1176,2108 1266,2108 1356,2102 1445,2102 1535,2096 1624,2090 1714,2084 1804,2084 1893,2078 1983,2078 2072,2072 2162,2066 2252,2060 2341,2060 2431,2054 2520,2048 2610,2048 2700,2043 2789,2037 2879,2037 2968,2031 3058,2031 3148,2025 3237,2019 3327,2019 3416,2013 3506,2007 3596,2007 3685,2001 3775,2001 3864,1995"/>
                <TextEquiv>
                    <Unicode>zwölftes und dreizehntes Lebensjahr fallen, heute aber fast</Unicode>
                </TextEquiv>
            </TextLine>
            <TextLine id="tr_2_tl_10" custom="readingOrder {index:9;}">
                <Coords points="1068,2272 3850,2202 3858,2082 1072,2202"/>
                <Baseline points="1087,2270 1176,2270 1266,2264 1356,2258 1445,2252 1535,2252 1624,2246 1714,2246 1804,2240 1893,2234 1983,2234 2072,2228 2162,2222 2252,2216 2341,2210 2431,2210 2520,2204 2610,2198 2700,2198 2789,2192 2879,2192 2968,2186 3058,2180 3148,2180 3237,2174 3327,2168 3416,2168 3506,2162 3596,2162 3685,2156 3775,2156 3864,2156"/>
                <TextEquiv>
                    <Unicode>alle verschollen sind. Es befinden sich darunter Tragödien,</Unicode>
                </TextEquiv>
            </TextLine>
            <TextLine id="tr_2_tl_11" custom="readingOrder {index:10;}">
                <Coords points="1079,2436 3982,2337 3989,2195 1083,2359"/>
                <Baseline points="1099,2419 1123,2419 1212,2419 1302,2413 1391,2407 1481,2407 1571,2401 1660,2401 1750,2401 1839,2395 1929,2389 2019,2389 2108,2383 2198,2377 2287,2371 2377,2371 2467,2359 2556,2359 2646,2353 2735,2347 2825,2347 2915,2347 3004,2341 3094,2335 3183,2329 3273,2323 3363,2323 3452,2317 3542,2311 3632,2317 3721,2317 3811,2305 3900,2305 3990,2305"/>
                <TextEquiv>
                    <Unicode>Lustspiele, Märchen, ein Fastnachtsspiel, eine Faschingsposse,</Unicode>
                </TextEquiv>
            </TextLine>
            <TextLine id="tr_2_tl_12" custom="readingOrder {index:11;}">
                <Coords points="1076,2603 3854,2512 3956,2370 1703,2512 1083,2436"/>
                <Baseline points="1099,2574 1182,2568 1272,2568 1362,2562 1451,2556 1541,2556 1630,2550 1720,2550 1810,2544 1899,2538 1989,2538 2078,2532 2168,2526 2258,2520 2347,2514 2437,2514 2526,2508 2616,2508 2706,2502 2795,2502 2885,2497 2974,2491 3064,2491 3154,2485 3243,2479 3333,2479 3422,2473 3512,2467 3602,2467 3691,2467 3781,2467 3870,2461 3960,2455"/>
                <TextEquiv>
                    <Unicode>eine Blüdete, eine Haupt- und Staatsaktion, eins Satire, u.a.</Unicode>
                </TextEquiv>
            </TextLine>
            <TextLine id="tr_2_tl_13" custom="readingOrder {index:12;}">
                <Coords points="1327,2724 3686,2673 3840,2658 3843,2501 2458,2625 2228,2563 1881,2654 1335,2611"/>
                <Baseline points="1350,2700 1427,2706 1517,2706 1606,2706 1696,2700 1786,2694 1875,2694 1965,2688 2054,2688 2144,2682 2234,2682 2323,2676 2413,2670 2502,2670 2592,2664 2682,2658 2771,2658 2861,2652 2951,2646 3040,2646 3130,2640 3219,2640 3309,2634 3399,2628 3488,2622 3578,2622 3667,2622 3757,2616 3847,2622"/>
                <TextEquiv>
                    <Unicode>Sohnitzlers erstes Werk in dramatischer Form war eine</Unicode>
                </TextEquiv>
            </TextLine>
        </TextRegion>
        <TextRegion id="tr_1" custom="readingOrder {index:1;}">
            <Coords points="1105,2721 4056,2721 4056,4890 1105,4890"/>
            <TextLine id="tr_1_tl_1" custom="readingOrder {index:0;}">
                <Coords points="1090,2906 3675,2822 3774,2793 3778,2662 1094,2797"/>
                <Baseline points="1111,2879 1182,2879 1272,2873 1362,2873 1451,2867 1541,2861 1630,2855 1720,2849 1810,2849 1899,2843 1989,2843 2078,2837 2168,2831 2258,2825 2347,2825 2437,2825 2526,2819 2616,2813 2706,2813 2795,2807 2885,2807 2974,2801 3064,2801 3154,2795 3243,2789 3333,2789 3422,2783 3512,2783 3602,2777 3691,2771 3781,2777"/>
                <TextEquiv>
                    <Unicode>Tragödie in fünf Akten und einem Vorspiel. Es hiess "Die</Unicode>
                </TextEquiv>
            </TextLine>
            <TextLine id="tr_1_tl_2" custom="readingOrder {index:1;}">
                <Coords points="1087,3059 3803,2975 3938,2950 3942,2833 1090,2943"/>
                <Baseline points="1105,3034 1170,3034 1260,3028 1350,3028 1439,3016 1529,3010 1618,3010 1708,3004 1798,2998 1887,2998 1977,2992 2066,2992 2156,2986 2246,2980 2335,2980 2425,2980 2514,2974 2604,2968 2694,2968 2783,2962 2873,2956 2962,2956 3052,2956 3142,2951 3231,2945 3321,2945 3410,2945 3500,2939 3590,2933 3679,2933 3769,2927 3859,2927 3948,2921"/>
                <TextEquiv>
                    <Unicode>Loreley" und wurde 1871-1872 geschrieben. Im folgenden Jahre</Unicode>
                </TextEquiv>
            </TextLine>
            <TextLine id="tr_1_tl_3" custom="readingOrder {index:2;}">
                <Coords points="1101,3194 3573,3147 3683,3114 3690,2979 1105,3074"/>
                <Baseline points="1123,3178 1188,3183 1278,3178 1367,3178 1457,3172 1547,3166 1636,3160 1726,3160 1816,3154 1905,3148 1995,3148 2084,3142 2174,3142 2264,3136 2353,3130 2443,3130 2532,3124 2622,3124 2712,3118 2801,3112 2891,3112 2980,3112 3070,3106 3160,3100 3249,3094 3339,3094 3428,3088 3518,3088 3608,3082 3697,3082"/>
                <TextEquiv>
                    <Unicode>beschäftigte sich der jugendliche Dramatiker mit einem</Unicode>
                </TextEquiv>
            </TextLine>
            <TextLine id="tr_1_tl_4" custom="readingOrder {index:3;}">
                <Coords points="1112,3402 3446,3304 3796,3249 3799,3172 3081,3114 1119,3274"/>
                <Baseline points="1135,3333 1206,3333 1296,3333 1385,3333 1475,3327 1565,3321 1654,3315 1744,3315 1833,3309 1923,3303 2013,3303 2102,3297 2192,3291 2281,3291 2371,3285 2461,3285 2550,3279 2640,3279 2729,3273 2819,3273 2909,3267 2998,3261 3088,3261 3178,3255 3267,3255 3357,3249 3446,3243 3536,3243 3626,3237 3715,3237 3805,3237"/>
                <TextEquiv>
                    <Unicode>Thema, in dem sich der Einfluss einer sozialistisch ange-</Unicode>
                </TextEquiv>
            </TextLine>
            <TextLine id="tr_1_tl_5" custom="readingOrder {index:4;}">
                <Coords points="1127,3511 3650,3460 3814,3438 3818,3344 3293,3263 1130,3395"/>
                <Baseline points="1146,3488 1224,3488 1314,3482 1403,3476 1493,3476 1583,3470 1672,3470 1762,3464 1851,3458 1941,3458 2031,3452 2120,3446 2210,3446 2299,3446 2389,3440 2479,3434 2568,3434 2658,3428 2747,3422 2837,3422 2927,3416 3016,3416 3106,3410 3195,3410 3285,3405 3375,3399 3464,3399 3554,3393 3643,3387 3733,3387 3823,3393"/>
                <TextEquiv>
                    <Unicode>hauchten Gouvernante seiner jüngeren Schwester auswirkte.</Unicode>
                </TextEquiv>
            </TextLine>
            <TextLine id="tr_1_tl_6" custom="readingOrder {index:5;}">
                <Coords points="1119,3646 4018,3592 4055,3365 1123,3533"/>
                <Baseline points="1140,3643 1188,3643 1278,3637 1367,3637 1457,3632 1547,3626 1636,3626 1726,3620 1816,3620 1905,3614 1995,3614 2084,3608 2174,3602 2264,3596 2353,3596 2443,3590 2532,3590 2622,3584 2712,3578 2801,3578 2891,3572 2980,3566 3070,3566 3160,3566 3249,3560 3339,3554 3428,3548 3518,3548 3608,3542 3697,3542 3787,3542 3876,3536 3966,3530 4056,3536"/>
                <TextEquiv>
                    <Unicode>Schon im Titel "Aristokrat und Demokrat" ist diese Tendenz</Unicode>
                </TextEquiv>
            </TextLine>
            <TextLine id="tr_1_tl_7" custom="readingOrder {index:6;}">
                <Coords points="1127,3825 3850,3759 3854,3632 3041,3581 2669,3679 1130,3726"/>
                <Baseline points="1146,3793 1176,3793 1266,3787 1356,3787 1445,3781 1535,3781 1624,3775 1714,3769 1804,3769 1893,3763 1983,3763 2072,3757 2162,3751 2252,3751 2341,3745 2431,3745 2520,3739 2610,3739 2700,3733 2789,3733 2879,3727 2968,3721 3058,3721 3148,3715 3237,3715 3327,3709 3416,3703 3506,3703 3596,3697 3685,3697 3775,3697 3864,3703"/>
                <TextEquiv>
                    <Unicode>angedeutet. Dass dieser Einfluss aber nicht anhaltend war,</Unicode>
                </TextEquiv>
            </TextLine>
            <TextLine id="tr_1_tl_8" custom="readingOrder {index:7;}">
                <Coords points="1127,3967 3829,3898 3836,3756 2170,3767 1386,3891 1130,3829"/>
                <Baseline points="1146,3948 1152,3948 1242,3948 1332,3942 1421,3936 1511,3936 1600,3936 1690,3930 1780,3924 1869,3924 1959,3918 2048,3912 2138,3906 2228,3906 2317,3900 2407,3900 2497,3894 2586,3894 2676,3888 2765,3882 2855,3882 2945,3876 3034,3876 3124,3870 3213,3864 3303,3864 3393,3859 3482,3859 3572,3853 3661,3853 3751,3853 3841,3853"/>
                <TextEquiv>
                    <Unicode>ist aus einigen späteren dramatischen Plänen ersichtlich.</Unicode>
                </TextEquiv>
            </TextLine>
            <TextLine id="tr_1_tl_9" custom="readingOrder {index:8;}">
                <Coords points="1134,4113 3825,4040 3905,3901 1141,3963"/>
                <Baseline points="1158,4103 1224,4103 1314,4097 1403,4091 1493,4091 1583,4086 1672,4080 1762,4080 1851,4080 1941,4074 2031,4068 2120,4068 2210,4062 2299,4056 2389,4056 2479,4050 2568,4050 2658,4044 2747,4044 2837,4038 2927,4032 3016,4032 3106,4032 3195,4026 3285,4020 3375,4020 3464,4020 3554,4014 3643,4008 3733,4008 3823,4002 3912,4008"/>
                <TextEquiv>
                    <Unicode>Im Jahre 1879 zeichnete Schnitzler "Konfuse Ideen zu einem</Unicode>
                </TextEquiv>
            </TextLine>
            <TextLine id="tr_1_tl_10" custom="readingOrder {index:9;}">
                <Coords points="1130,4273 3883,4200 3982,4186 3989,4015 1134,4186"/>
                <Baseline points="1152,4259 1218,4259 1308,4253 1397,4253 1487,4247 1577,4247 1666,4241 1756,4235 1845,4235 1935,4229 2025,4223 2114,4223 2204,4217 2293,4217 2383,4211 2473,4205 2562,4199 2652,4199 2741,4199 2831,4193 2921,4187 3010,4187 3100,4187 3189,4181 3279,4181 3369,4175 3458,4175 3548,4169 3637,4169 3727,4163 3817,4157 3906,4157 3996,4151"/>
                <TextEquiv>
                    <Unicode>sozialpolitischen Drama" auf, wo es unter anderem auch einen</Unicode>
                </TextEquiv>
            </TextLine>
            <TextLine id="tr_1_tl_11" custom="readingOrder {index:10;}">
                <Coords points="1149,4419 4004,4361 4051,4226 1152,4310"/>
                <Baseline points="1170,4408 1188,4408 1278,4408 1367,4408 1457,4402 1547,4402 1636,4396 1726,4390 1816,4390 1905,4384 1995,4384 2084,4378 2174,4378 2264,4372 2353,4366 2443,4366 2532,4360 2622,4354 2712,4354 2801,4354 2891,4348 2980,4342 3070,4342 3160,4336 3249,4336 3339,4330 3428,4330 3518,4324 3608,4318 3697,4318 3787,4318 3876,4318 3966,4313 4056,4307"/>
                <TextEquiv>
                    <Unicode>Sozialistenklub gibt, in dem diese "Volksbeglücker" Champagner</Unicode>
                </TextEquiv>
            </TextLine>
            <TextLine id="tr_1_tl_12" custom="readingOrder {index:11;}">
                <Coords points="1130,4594 3803,4518 3942,4492 3949,4376 2293,4379 1134,4503"/>
                <Baseline points="1152,4569 1176,4569 1266,4563 1356,4563 1445,4557 1535,4557 1624,4545 1714,4545 1804,4545 1893,4540 1983,4540 2072,4534 2162,4534 2252,4528 2341,4522 2431,4522 2520,4516 2610,4516 2700,4510 2789,4510 2879,4510 2968,4504 3058,4504 3148,4498 3237,4498 3327,4492 3416,4492 3506,4486 3596,4486 3685,4486 3775,4480 3864,4480 3954,4486"/>
                <TextEquiv>
                    <Unicode>auf das Wohl des armen Volkes trinken und es bedauern. Die-</Unicode>
                </TextEquiv>
            </TextLine>
            <TextLine id="tr_1_tl_13" custom="readingOrder {index:12;}">
                <Coords points="1145,4766 3898,4682 3927,4543 1152,4591"/>
                <Baseline points="1170,4725 1248,4719 1338,4719 1427,4713 1517,4713 1606,4713 1696,4707 1786,4707 1875,4701 1965,4701 2054,4695 2144,4689 2234,4689 2323,4689 2413,4683 2502,4677 2592,4677 2682,4671 2771,4671 2861,4665 2951,4665 3040,4659 3130,4659 3219,4665 3309,4653 3399,4647 3488,4647 3578,4647 3667,4641 3757,4641 3847,4641 3936,4647"/>
                <TextEquiv>
                    <Unicode>selbe kritische Einstellung findet sich in "Prinz Julian,"</Unicode>
                </TextEquiv>
            </TextLine>
            <TextLine id="tr_1_tl_14" custom="readingOrder {index:13;}">
                <Coords points="1167,4908 2115,4857 2563,4941 2760,4835 3807,4857 4004,4813 4007,4726 3621,4649 1170,4751"/>
                <Baseline points="1188,4880 1236,4880 1326,4874 1415,4874 1505,4874 1594,4868 1684,4862 1774,4862 1863,4856 1953,4856 2043,4850 2132,4850 2222,4844 2311,4844 2401,4838 2491,4838 2580,4832 2670,4832 2759,4826 2849,4826 2939,4820 3028,4820 3118,4814 3207,4814 3297,4808 3387,4808 3476,4808 3566,4808 3655,4802 3745,4796 3835,4796 3924,4790 4014,4796"/>
                <TextEquiv>
                    <Unicode>einem Fragment aus dem Jahre 1881. Während unten ein Garten-</Unicode>
                </TextEquiv>
            </TextLine>
        </TextRegion>
    </Page>
</PcGts>
