4264 5384
2017 410 2187 606 18
635 559 3330 787 eben genannten tritt das Tendenzioese der Schnitzlerschen Technik so
649 802 3446 998 stark hervor, dass dadurch vieles von den im ersten Akt gezeigten kunst-
667 965 2126 1106 lerischen reinheiten aufgehoben wird.
660 1088 3486 1313 Die Entstehung des Konflikts liegt in der Vatur der Schnitzlerschen Men-
671 1215 3493 1429 schen begruendet. Wahrend in den stuecken der ersten Periode noch die
660 1378 3573 1582 Wacht der äusseren Verhältnisse und der Gegensatz er Verhaltnisse den Bo-
667 1527 3468 1756 den fuer den Konflikt abgeben, tritt in den spaeteren Stuecken die durch
678 1730 3319 1890 den Einfluss der Zeit oder mit der Zeit (Zeit = Geschehniss) in den
671 1850 3508 2050 menschlichen selben hervorgebrachte Wandlung, mit einem Wort ihr Wachsen,
686 1991 3555 2184 in den Vordergrund der Behandlung.Auf die Entwicklung einer langen vorge-
682 2158 3406 2380 schichte, welche Erlebnisse aus der vergangenheit oder die Beziehungen
671 2332 3381 2496 der Gegenwart zur Vergangenheit vorfuehrt, verwendet Schnitzler keine
689 2488 3519 2648 Muehe.Ihn interessiert die Gegenwart, oder sagen wir das Gegenswärtige, der
693 2652 3490 2811 bewegliche Prozess und nicht die bei Ibsen in die vergangenheit hinein-
686 2797 3457 2989 ragende starve vergangenheit. Ihn beschäftigen die unter der Oberfläche
704 2949 3497 3112 des Handelns, die im Unterbewusstsein schlummernden Gedanken und Krafte.
700 3083 3501 3276 Wie die Schuld aus dem Renschen selber heraus entwickelt ist, so gibt es
700 3239 3417 3450 auch fuer die Schnitzlerschen wenschen kein Schuldig Werden an andern.
733 3348 3508 3555 "Ja, es ist meine Schuld", ruft der rostadjunkt im "Ruf des Lebens" aus,
715 3515 3508 3704 als er sieht, wie Katharina langsam abhinsiecht. "Meine,meine Schuld. 'Und
715 3733 3559 3914 diese war jung. Und ich hab sie einmal geliebt, und das hab ich aus ihr
718 3903 1088 4056 gemacht!“
733 4037 3533 4219 Da belehrt ihn der Arzt: "Nicht Sie, Herr Adjunkt,haben das aus ihr###ge-
726 4139 3577 4364 macht. Ist denn je ein Mensch eines andern Schicksal? Er ist immer nur das
