<?xml version="1.0" encoding="UTF-8" standalone="yes"?>
<PcGts xmlns="http://schema.primaresearch.org/PAGE/gts/pagecontent/2013-07-15" xmlns:xsi="http://www.w3.org/2001/XMLSchema-instance" xsi:schemaLocation="http://schema.primaresearch.org/PAGE/gts/pagecontent/2013-07-15 http://schema.primaresearch.org/PAGE/gts/pagecontent/2013-07-15/pagecontent.xsd">
    <Metadata>
        <Creator>prov=READ-COOP:name=TrHtr:version=2.1.0:model_id=51170:date=15_08_2023_13:50</Creator>
        <Created>2023-05-10T15:29:15.401+02:00</Created>
        <LastChange>2023-08-15T13:50:48.638+02:00</LastChange>
        <TranskribusMetadata docId="1429071" pageId="55435995" pageNr="66" tsid="132859145" status="IN_PROGRESS" userId="64420" imgUrl="https://files.transkribus.eu/Get?id=DSNAIRHQSRCTOYLRMFXQTWBJ&amp;fileType=view" xmlUrl="https://files.transkribus.eu/Get?id=XZOHBRUYFRLESHOOCALNUJTB" imageId="44709985"/>
    </Metadata>
    <Page imageFilename="1429071_0066.jpg" imageWidth="4424" imageHeight="5544">
        <ReadingOrder>
            <OrderedGroup id="ro_1711798011713" caption="Regions reading order">
                <RegionRefIndexed index="0" regionRef="tr_1"/>
            </OrderedGroup>
        </ReadingOrder>
        <TextRegion id="tr_1" custom="readingOrder {index:0;}">
            <Coords points="418,463 4331,463 4331,5040 418,5040"/>
            <TextLine id="tr_1_tl_1" custom="readingOrder {index:0;}">
                <Coords points="389,650 4051,546 4051,413 3762,394 398,436"/>
                <Baseline points="418,627 477,627 567,627 657,615 746,615 836,615 925,615 1015,615 1105,609 1194,603 1284,603 1374,597 1463,597 1553,591 1642,591 1732,585 1822,585 1911,585 2001,573 2090,573 2180,567 2270,567 2359,561 2449,555 2539,555 2628,555 2718,549 2807,543 2897,537 2987,543 3076,537 3166,531 3255,531 3345,525 3435,525 3524,519 3614,519 3703,513 3793,513 3883,513 3972,519 4062,525"/>
                <TextEquiv>
                    <Unicode>Die Komödie „Zwischenspiel“, das Gegenstück zu Hermann Bahrs „Konzert",</Unicode>
                </TextEquiv>
            </TextLine>
            <TextLine id="tr_1_tl_2" custom="readingOrder {index:1;}">
                <Coords points="408,731 3710,631 3914,527 408,645"/>
                <Baseline points="436,710 513,704 603,704 693,698 782,698 872,693 961,693 1051,687 1141,681 1230,681 1320,681 1409,681 1499,675 1589,669 1678,669 1768,663 1857,663 1947,657 2037,663 2126,651 2216,645 2306,639 2395,639 2485,633 2574,633 2664,627 2754,633 2843,627 2933,621 3022,615 3112,621 3202,615 3291,609 3381,609 3470,603 3560,603 3650,597 3739,597 3829,597 3919,591"/>
                <TextEquiv>
                    <Unicode>wie mir scheint, ist glaubenslos, hoffnungslos, deswegen auch lieblos.</Unicode>
                </TextEquiv>
            </TextLine>
            <TextLine id="tr_1_tl_3" custom="readingOrder {index:2;}">
                <Coords points="398,806 2960,754 4118,588 403,735"/>
                <Baseline points="424,776 454,776 543,782 633,776 722,776 812,776 902,770 991,764 1081,764 1170,758 1260,758 1350,752 1439,752 1529,746 1618,740 1708,740 1798,740 1887,734 1977,734 2067,740 2156,728 2246,722 2335,716 2425,716 2515,710 2604,710 2694,704 2783,698 2873,698 2963,698 3052,693 3142,693 3232,687 3321,687 3411,681 3500,675 3590,675 3680,681 3769,675 3859,675 3948,663 4038,657 4128,657"/>
                <TextEquiv>
                    <Unicode>Johannes Mumbauer meint einmal, es sei schon ein starkes Stück, die Ver-</Unicode>
                </TextEquiv>
            </TextLine>
            <TextLine id="tr_1_tl_4" custom="readingOrder {index:3;}">
                <Coords points="403,887 3823,816 4184,664 403,797"/>
                <Baseline points="430,860 519,866 609,860 698,854 788,854 878,848 967,848 1057,842 1147,842 1236,836 1326,836 1415,830 1505,824 1595,824 1684,818 1774,818 1863,812 1953,812 2043,812 2132,806 2222,806 2311,800 2401,794 2491,794 2580,788 2670,782 2760,782 2849,782 2939,782 3028,770 3118,770 3208,770 3297,770 3387,764 3476,764 3566,764 3656,758 3745,752 3835,746 3925,746 4014,740 4104,740 4193,746"/>
                <TextEquiv>
                    <Unicode>körperung des brutalsten Nihilismus eine, Komödie zu nennen:,menschliche</Unicode>
                </TextEquiv>
            </TextLine>
            <TextLine id="tr_1_tl_5" custom="readingOrder {index:4;}">
                <Coords points="417,977 1082,911 1959,916 2059,897 2064,830 417,887"/>
                <Baseline points="442,943 460,937 549,937 639,937 728,937 818,931 908,925 997,925 1087,914 1176,914 1266,914 1356,908 1445,908 1535,902 1624,902 1714,896 1804,890 1893,890 1983,884 2073,890"/>
                <TextEquiv>
                    <Unicode>Jammerspiel sollte sie heissen.</Unicode>
                </TextEquiv>
            </TextLine>
            <TextLine id="tr_1_tl_6" custom="readingOrder {index:5;}">
                <Coords points="830,1010 4023,949 4179,811 830,939"/>
                <Baseline points="854,997 866,997 955,997 1045,991 1135,991 1224,991 1314,985 1403,985 1493,979 1583,973 1672,973 1762,973 1851,967 1941,961 2031,961 2120,961 2210,955 2300,949 2389,949 2479,943 2568,937 2658,937 2748,931 2837,925 2927,925 3016,925 3106,925 3196,920 3285,914 3375,914 3465,908 3554,908 3644,908 3733,902 3823,902 3913,896 4002,896 4092,896 4181,890"/>
                <TextEquiv>
                    <Unicode>Der Komponist Amadeus Adams hat die Opernsängerin Cäcilie geheira-</Unicode>
                </TextEquiv>
            </TextLine>
            <TextLine id="tr_1_tl_7" custom="readingOrder {index:6;}">
                <Coords points="427,1115 3909,1020 3989,911 427,1010"/>
                <Baseline points="454,1093 495,1093 585,1093 675,1087 764,1087 854,1081 943,1081 1033,1069 1123,1069 1212,1069 1302,1063 1391,1063 1481,1057 1571,1051 1660,1051 1750,1051 1840,1045 1929,1045 2019,1045 2108,1039 2198,1033 2288,1033 2377,1027 2467,1015 2556,1015 2646,1015 2736,1009 2825,1003 2915,1003 3004,1003 3094,997 3184,997 3273,997 3363,991 3453,985 3542,985 3632,985 3721,979 3811,979 3901,973 3990,979"/>
                <TextEquiv>
                    <Unicode>tet; er hat von ihr einen fünfjährigen Buben. Beide Ehegatten haben es</Unicode>
                </TextEquiv>
            </TextLine>
            <TextLine id="tr_1_tl_8" custom="readingOrder {index:7;}">
                <Coords points="427,1195 4174,1096 4179,953 432,1115"/>
                <Baseline points="454,1176 513,1176 603,1170 693,1164 782,1158 872,1153 961,1153 1051,1153 1141,1147 1230,1147 1320,1147 1409,1135 1499,1135 1589,1129 1678,1129 1768,1123 1857,1123 1947,1117 2037,1117 2126,1111 2216,1105 2306,1105 2395,1099 2485,1099 2574,1099 2664,1099 2754,1087 2843,1081 2933,1081 3022,1081 3112,1075 3202,1075 3291,1069 3381,1069 3470,1069 3560,1063 3650,1057 3739,1057 3829,1051 3919,1057 4008,1045 4098,1045 4187,1045"/>
                <TextEquiv>
                    <Unicode>sich zur Aufgabe gemacht, immer ganz wahr gegeneinander zu sein. Das Kind</Unicode>
                </TextEquiv>
            </TextLine>
            <TextLine id="tr_1_tl_9" custom="readingOrder {index:8;}">
                <Coords points="427,1248 3472,1186 4042,1053 427,1195"/>
                <Baseline points="454,1242 465,1248 555,1248 645,1242 734,1242 824,1236 914,1236 1003,1230 1093,1224 1182,1224 1272,1218 1362,1212 1451,1212 1541,1206 1630,1206 1720,1200 1810,1200 1899,1194 1989,1194 2079,1188 2168,1188 2258,1182 2347,1182 2437,1176 2527,1176 2616,1170 2706,1164 2795,1164 2885,1158 2975,1153 3064,1153 3154,1153 3243,1153 3333,1147 3423,1141 3512,1141 3602,1135 3692,1135 3781,1129 3871,1129 3960,1123 4050,1129"/>
                <TextEquiv>
                    <Unicode>vermag sie nicht zu binden, die Liebe schwindet und Cäcilie wendet sich</Unicode>
                </TextEquiv>
            </TextLine>
            <TextLine id="tr_1_tl_10" custom="readingOrder {index:9;}">
                <Coords points="422,1338 4027,1243 4179,1110 427,1248"/>
                <Baseline points="448,1320 519,1320 609,1320 698,1314 788,1308 878,1314 967,1308 1057,1308 1147,1302 1236,1296 1326,1296 1415,1296 1505,1290 1595,1284 1684,1278 1774,1278 1863,1272 1953,1272 2043,1266 2132,1266 2222,1266 2311,1260 2401,1260 2491,1248 2580,1248 2670,1248 2760,1242 2849,1236 2939,1230 3028,1230 3118,1230 3208,1230 3297,1224 3387,1224 3476,1218 3566,1212 3656,1212 3745,1206 3835,1206 3925,1206 4014,1200 4104,1200 4193,1200"/>
                <TextEquiv>
                    <Unicode>Fürst Sigismund zu, während Amadeus mit der Gräfin Moosheim ein Verhältnis</Unicode>
                </TextEquiv>
            </TextLine>
            <TextLine id="tr_1_tl_11" custom="readingOrder {index:10;}">
                <Coords points="422,1418 3994,1224 422,1338"/>
                <Baseline points="448,1403 507,1403 597,1397 687,1397 776,1391 866,1391 955,1380 1045,1380 1135,1380 1224,1374 1314,1374 1403,1368 1493,1368 1583,1362 1672,1362 1762,1356 1851,1350 1941,1350 2031,1350 2120,1344 2210,1344 2300,1338 2389,1332 2479,1332 2568,1326 2658,1326 2748,1320 2837,1320 2927,1314 3016,1314 3106,1308 3196,1302 3285,1302 3375,1302 3465,1296 3554,1296 3644,1290 3733,1290 3823,1284 3913,1284 4002,1284"/>
                <TextEquiv>
                    <Unicode>anfängt. Nun beschliessen beide (Cäcilie u. Amadeus), Freunde zu sein.</Unicode>
                </TextEquiv>
            </TextLine>
            <TextLine id="tr_1_tl_12" custom="readingOrder {index:11;}">
                <Coords points="432,1480 3909,1404 3994,1295 436,1418"/>
                <Baseline points="460,1475 513,1481 603,1475 693,1469 782,1469 872,1463 961,1463 1051,1457 1141,1451 1230,1451 1320,1451 1409,1445 1499,1439 1589,1439 1678,1439 1768,1433 1857,1427 1947,1427 2037,1427 2126,1421 2216,1415 2306,1415 2395,1409 2485,1403 2574,1403 2664,1403 2754,1397 2843,1397 2933,1391 3022,1386 3112,1386 3202,1380 3291,1380 3381,1380 3470,1374 3560,1368 3650,1368 3739,1368 3829,1362 3919,1362 4008,1362"/>
                <TextEquiv>
                    <Unicode>Als sie sich wiedersehen, wird aus der Freundschaft die alte sinnliche</Unicode>
                </TextEquiv>
            </TextLine>
            <TextLine id="tr_1_tl_13" custom="readingOrder {index:12;}">
                <Coords points="422,1570 4217,1461 4222,1328 422,1475"/>
                <Baseline points="448,1553 460,1553 549,1559 639,1553 728,1547 818,1541 908,1541 997,1541 1087,1529 1176,1529 1266,1529 1356,1523 1445,1523 1535,1523 1624,1517 1714,1511 1804,1505 1893,1505 1983,1505 2073,1499 2162,1499 2252,1487 2341,1487 2431,1487 2521,1487 2610,1481 2700,1481 2789,1475 2879,1469 2969,1463 3058,1463 3148,1463 3237,1457 3327,1457 3417,1457 3506,1451 3596,1445 3686,1445 3775,1439 3865,1439 3954,1439 4044,1439 4134,1421 4223,1421"/>
                <TextEquiv>
                    <Unicode>Liebe. Ein "Zwischenspiel" ist die Wahrheit, die Wahrhaftigkeit; und das Ve¬</Unicode>
                </TextEquiv>
            </TextLine>
            <TextLine id="tr_1_tl_14" custom="readingOrder {index:13;}">
                <Coords points="451,1656 3838,1551 4151,1523 4156,1423 455,1565"/>
                <Baseline points="477,1636 489,1630 579,1636 669,1630 758,1624 848,1618 937,1618 1027,1613 1117,1613 1206,1601 1296,1601 1386,1601 1475,1601 1565,1595 1654,1589 1744,1589 1834,1583 1923,1583 2013,1583 2102,1577 2192,1571 2282,1571 2371,1565 2461,1565 2550,1565 2640,1559 2730,1553 2819,1547 2909,1547 2999,1535 3088,1541 3178,1535 3267,1535 3357,1535 3447,1535 3536,1523 3626,1523 3715,1523 3805,1517 3895,1517 3984,1511 4074,1505 4163,1505"/>
                <TextEquiv>
                    <Unicode>Verhältnis der Menschen untereinander ein grosser Schwindel; so und nicht</Unicode>
                </TextEquiv>
            </TextLine>
            <TextLine id="tr_1_tl_15" custom="readingOrder {index:14;}">
                <Coords points="446,1731 4132,1646 4137,1527 446,1651"/>
                <Baseline points="471,1708 561,1708 651,1708 740,1702 830,1702 920,1696 1009,1690 1099,1690 1188,1684 1278,1678 1368,1678 1457,1672 1547,1672 1636,1666 1726,1666 1816,1666 1905,1660 1995,1654 2084,1654 2174,1642 2264,1648 2353,1642 2443,1636 2533,1636 2622,1636 2712,1630 2801,1624 2891,1624 2981,1618 3070,1618 3160,1618 3249,1618 3339,1613 3429,1607 3518,1601 3608,1601 3697,1601 3787,1601 3877,1601 3966,1589 4056,1589 4146,1589"/>
                <TextEquiv>
                    <Unicode>anders muss das Resultat lauten. Das Fazit ist also im grossen und ganzer</Unicode>
                </TextEquiv>
            </TextLine>
            <TextLine id="tr_1_tl_16" custom="readingOrder {index:15;}">
                <Coords points="451,1798 4075,1599 451,1731"/>
                <Baseline points="477,1792 495,1792 585,1786 675,1786 764,1774 854,1774 943,1774 1033,1768 1123,1762 1212,1762 1302,1750 1391,1756 1481,1750 1571,1750 1660,1744 1750,1744 1840,1744 1929,1738 2019,1732 2108,1726 2198,1720 2288,1720 2377,1720 2467,1720 2556,1714 2646,1708 2736,1708 2825,1708 2915,1702 3004,1696 3094,1696 3184,1690 3273,1690 3363,1690 3453,1678 3542,1678 3632,1678 3721,1678 3811,1672 3901,1672 3990,1666 4080,1666"/>
                <TextEquiv>
                    <Unicode>eine Banalität. Dessen ungeachtet erfühlen wir, dass das zwischenspiel</Unicode>
                </TextEquiv>
            </TextLine>
            <TextLine id="tr_1_tl_17" custom="readingOrder {index:16;}">
                <Coords points="441,1883 3795,1784 4108,1765 4108,1670 446,1788"/>
                <Baseline points="471,1857 537,1863 627,1857 716,1857 806,1857 896,1851 985,1846 1075,1840 1164,1840 1254,1834 1344,1834 1433,1834 1523,1828 1613,1828 1702,1822 1792,1816 1881,1810 1971,1810 2061,1810 2150,1804 2240,1798 2329,1798 2419,1798 2509,1792 2598,1792 2688,1786 2777,1786 2867,1780 2957,1780 3046,1774 3136,1768 3226,1768 3315,1762 3405,1762 3494,1756 3584,1756 3674,1750 3763,1750 3853,1750 3942,1750 4032,1744 4122,1738"/>
                <TextEquiv>
                    <Unicode>Hebbelsche Töne anschlägt. Es wirft die Frage auf, wieweit der Konflickt</Unicode>
                </TextEquiv>
            </TextLine>
            <TextLine id="tr_1_tl_18" custom="readingOrder {index:17;}">
                <Coords points="451,1973 4023,1850 4061,1755 451,1888"/>
                <Baseline points="477,1947 567,1941 657,1935 746,1935 836,1929 925,1929 1015,1923 1105,1917 1194,1917 1284,1911 1374,1911 1463,1911 1553,1905 1642,1899 1732,1899 1822,1887 1911,1887 2001,1887 2090,1881 2180,1875 2270,1875 2359,1875 2449,1869 2539,1869 2628,1863 2718,1863 2807,1857 2897,1857 2987,1851 3076,1846 3166,1846 3255,1840 3345,1840 3435,1840 3524,1834 3614,1834 3703,1834 3793,1828 3883,1822 3972,1822 4062,1822"/>
                <TextEquiv>
                    <Unicode>des Stückes einer späteren Zeit angehört noch tragisch erscheinen wird;</Unicode>
                </TextEquiv>
            </TextLine>
            <TextLine id="tr_1_tl_19" custom="readingOrder {index:18;}">
                <Coords points="465,2073 4065,1926 4156,1831 470,1983"/>
                <Baseline points="489,2037 495,2031 585,2019 675,2013 764,2013 854,2013 943,2007 1033,2001 1123,2001 1212,1995 1302,1989 1391,1989 1481,1983 1571,1977 1660,1977 1750,1977 1840,1971 1929,1965 2019,1965 2108,1965 2198,1959 2288,1953 2377,1953 2467,1953 2556,1947 2646,1941 2736,1941 2825,1935 2915,1935 3004,1935 3094,1929 3184,1923 3273,1923 3363,1917 3453,1917 3542,1917 3632,1911 3721,1911 3811,1905 3901,1905 3990,1905 4080,1899 4169,1887"/>
                <TextEquiv>
                    <Unicode>„Das ist ja das Charakteristischste aller Übergangsepochen, dass Verwick¬</Unicode>
                </TextEquiv>
            </TextLine>
            <TextLine id="tr_1_tl_20" custom="readingOrder {index:19;}">
                <Coords points="446,2101 4113,2054 4203,1921 451,2026"/>
                <Baseline points="471,2096 543,2096 633,2096 722,2090 812,2090 902,2084 991,2079 1081,2079 1170,2073 1260,2067 1350,2067 1439,2067 1529,2061 1618,2055 1708,2055 1798,2055 1887,2043 1977,2049 2067,2043 2156,2037 2246,2037 2335,2031 2425,2031 2515,2025 2604,2025 2694,2019 2783,2019 2873,2013 2963,2013 3052,2007 3142,2001 3232,2001 3321,2001 3411,2001 3500,1995 3590,1989 3680,1989 3769,1989 3859,1989 3948,1983 4038,1983 4128,1983 4217,1977"/>
                <TextEquiv>
                    <Unicode>lungen, die für die nächste Generation vielleicht gar nicht mehr existiere</Unicode>
                </TextEquiv>
            </TextLine>
            <TextLine id="tr_1_tl_21" custom="readingOrder {index:20;}">
                <Coords points="465,2187 3771,2130 4051,2002 465,2116"/>
                <Baseline points="489,2168 567,2174 657,2168 746,2168 836,2168 925,2156 1015,2156 1105,2150 1194,2150 1284,2144 1374,2144 1463,2138 1553,2138 1642,2132 1732,2132 1822,2126 1911,2126 2001,2126 2090,2120 2180,2114 2270,2108 2359,2108 2449,2108 2539,2102 2628,2102 2718,2096 2807,2096 2897,2096 2987,2084 3076,2079 3166,2079 3255,2079 3345,2079 3435,2073 3524,2073 3614,2067 3703,2067 3793,2061 3883,2061 3972,2061 4062,2055"/>
                <TextEquiv>
                    <Unicode>werden, tragisch enden müssen, wenn ein anständiger Mensch hineingerät.</Unicode>
                </TextEquiv>
            </TextLine>
            <TextLine id="tr_1_tl_22" custom="readingOrder {index:21;}">
                <Coords points="451,2258 4203,2163 4203,2049 455,2177"/>
                <Baseline points="483,2246 543,2246 633,2246 722,2246 812,2240 902,2240 991,2234 1081,2234 1170,2228 1260,2228 1350,2222 1439,2222 1529,2216 1618,2216 1708,2210 1798,2210 1887,2204 1977,2204 2067,2198 2156,2198 2246,2192 2335,2192 2425,2186 2515,2180 2604,2180 2694,2174 2783,2174 2873,2168 2963,2168 3052,2162 3142,2156 3232,2156 3321,2156 3411,2156 3500,2156 3590,2150 3680,2144 3769,2144 3859,2144 3948,2138 4038,2138 4128,2138 4217,2132"/>
                <TextEquiv>
                    <Unicode>Oskar Walzel zeigt, dass hier noch unbedingter als bei Ibsen das Verhältni</Unicode>
                </TextEquiv>
            </TextLine>
            <TextLine id="tr_1_tl_23" custom="readingOrder {index:22;}">
                <Coords points="460,2339 3985,2249 4170,2149 465,2263"/>
                <Baseline points="489,2329 507,2323 597,2323 687,2317 776,2317 866,2317 955,2311 1045,2306 1135,2306 1224,2300 1314,2300 1403,2294 1493,2294 1583,2288 1672,2288 1762,2288 1851,2288 1941,2282 2031,2276 2120,2276 2210,2270 2300,2264 2389,2264 2479,2258 2568,2258 2658,2258 2748,2252 2837,2246 2927,2246 3016,2246 3106,2240 3196,2240 3285,2240 3375,2234 3465,2228 3554,2228 3644,2228 3733,2222 3823,2222 3913,2216 4002,2216 4092,2210 4181,2216"/>
                <TextEquiv>
                    <Unicode>von Mann und Weib im Vordergrund steht und die Fesselung des Mannes durch</Unicode>
                </TextEquiv>
            </TextLine>
            <TextLine id="tr_1_tl_24" custom="readingOrder {index:23;}">
                <Coords points="460,2429 3795,2362 4222,2215 465,2339"/>
                <Baseline points="489,2401 561,2401 651,2401 740,2395 830,2389 920,2389 1009,2383 1099,2383 1188,2383 1278,2383 1368,2377 1457,2377 1547,2371 1636,2371 1726,2371 1816,2365 1905,2359 1995,2359 2084,2353 2174,2347 2264,2347 2353,2347 2443,2341 2533,2335 2622,2335 2712,2335 2801,2329 2891,2329 2981,2323 3070,2323 3160,2323 3249,2323 3339,2317 3429,2311 3518,2311 3608,2306 3697,2306 3787,2306 3877,2300 3966,2300 4056,2294 4146,2294 4235,2288"/>
                <TextEquiv>
                    <Unicode>das Weib. Ahnliches begegnet uns in österreichischer, speziell Wiener Dich</Unicode>
                </TextEquiv>
            </TextLine>
            <TextLine id="tr_1_tl_25" custom="readingOrder {index:24;}">
                <Coords points="460,2505 697,2543 1020,2457 1836,2457 1836,2372 465,2410"/>
                <Baseline points="489,2485 501,2479 591,2479 681,2485 770,2473 860,2473 949,2467 1039,2461 1129,2461 1218,2461 1308,2455 1397,2455 1487,2449 1577,2449 1666,2443 1756,2443 1846,2437"/>
                <TextEquiv>
                    <Unicode>tung schon bei Grillparzer.</Unicode>
                </TextEquiv>
            </TextLine>
            <TextLine id="tr_1_tl_26" custom="readingOrder {index:25;}">
                <Coords points="830,2557 4099,2471 4174,2386 830,2481"/>
                <Baseline points="854,2544 866,2544 955,2539 1045,2539 1135,2539 1224,2533 1314,2527 1403,2527 1493,2527 1583,2521 1672,2521 1762,2515 1851,2515 1941,2515 2031,2509 2120,2503 2210,2503 2300,2497 2389,2497 2479,2497 2568,2497 2658,2491 2748,2497 2837,2485 2927,2479 3016,2479 3106,2473 3196,2473 3285,2467 3375,2467 3465,2467 3554,2461 3644,2461 3733,2455 3823,2455 3913,2449 4002,2449 4092,2449 4181,2449"/>
                <TextEquiv>
                    <Unicode>Es ist immer ein unnützes Unterfangen, den Mitmenschen durch Reden</Unicode>
                </TextEquiv>
            </TextLine>
            <TextLine id="tr_1_tl_27" custom="readingOrder {index:26;}">
                <Coords points="470,2656 4174,2476 470,2571"/>
                <Baseline points="495,2628 513,2628 603,2628 693,2628 782,2628 872,2622 961,2622 1051,2616 1141,2616 1230,2610 1320,2610 1409,2604 1499,2604 1589,2598 1678,2598 1768,2592 1857,2592 1947,2586 2037,2586 2126,2586 2216,2580 2306,2580 2395,2574 2485,2568 2574,2568 2664,2568 2754,2568 2843,2562 2933,2562 3022,2556 3112,2556 3202,2550 3291,2550 3381,2556 3470,2544 3560,2539 3650,2539 3739,2539 3829,2539 3919,2533 4008,2527 4098,2527 4187,2527"/>
                <TextEquiv>
                    <Unicode>verstehen zu lernen. Das innere Erfühlen und Erraten der geheimen Seelen-</Unicode>
                </TextEquiv>
            </TextLine>
            <TextLine id="tr_1_tl_28" custom="readingOrder {index:27;}">
                <Coords points="470,2728 4127,2642 4127,2552 470,2656"/>
                <Baseline points="495,2712 555,2712 645,2706 734,2706 824,2706 914,2694 1003,2694 1093,2694 1182,2688 1272,2688 1362,2682 1451,2688 1541,2682 1630,2676 1720,2676 1810,2670 1899,2670 1989,2670 2079,2664 2168,2664 2258,2658 2347,2652 2437,2652 2527,2646 2616,2646 2706,2640 2795,2640 2885,2634 2975,2634 3064,2634 3154,2634 3243,2628 3333,2628 3423,2622 3512,2622 3602,2622 3692,2616 3781,2616 3871,2610 3960,2610 4050,2604 4140,2598"/>
                <TextEquiv>
                    <Unicode>stimmungen bedeutet letztlich zum Kennen- und Verstehenlernen alles. Da-</Unicode>
                </TextEquiv>
            </TextLine>
            <TextLine id="tr_1_tl_29" custom="readingOrder {index:28;}">
                <Coords points="465,2813 4037,2713 4037,2614 465,2728"/>
                <Baseline points="489,2783 555,2789 645,2783 734,2783 824,2777 914,2772 1003,2772 1093,2772 1182,2766 1272,2766 1362,2766 1451,2766 1541,2760 1630,2754 1720,2754 1810,2748 1899,2748 1989,2742 2079,2742 2168,2736 2258,2736 2347,2730 2437,2730 2527,2724 2616,2718 2706,2718 2795,2718 2885,2712 2975,2706 3064,2706 3154,2706 3243,2706 3333,2700 3423,2700 3512,2694 3602,2694 3692,2694 3781,2688 3871,2688 3960,2682 4050,2688"/>
                <TextEquiv>
                    <Unicode>ran fehlt es nun im „Zwischenspiel“ vollkommen. Je offener Cäcilie und</Unicode>
                </TextEquiv>
            </TextLine>
            <TextLine id="tr_1_tl_30" custom="readingOrder {index:29;}">
                <Coords points="474,2889 3994,2704 474,2804"/>
                <Baseline points="501,2867 513,2861 603,2861 693,2861 782,2855 872,2855 961,2849 1051,2843 1141,2849 1230,2843 1320,2837 1409,2837 1499,2837 1589,2831 1678,2831 1768,2825 1857,2825 1947,2825 2037,2819 2126,2813 2216,2813 2306,2807 2395,2807 2485,2807 2574,2801 2664,2801 2754,2795 2843,2795 2933,2789 3022,2789 3112,2783 3202,2783 3291,2777 3381,2777 3470,2777 3560,2772 3650,2772 3739,2766 3829,2766 3919,2760 4008,2760"/>
                <TextEquiv>
                    <Unicode>Amadeus sein wollen, umso unwahrer sind sie; schliesslichscheiden sie</Unicode>
                </TextEquiv>
            </TextLine>
            <TextLine id="tr_1_tl_31" custom="readingOrder {index:30;}">
                <Coords points="455,2946 3700,2879 4132,2766 455,2870"/>
                <Baseline points="483,2945 555,2945 645,2939 734,2939 824,2933 914,2921 1003,2921 1093,2921 1182,2921 1272,2921 1362,2915 1451,2909 1541,2909 1630,2903 1720,2903 1810,2897 1899,2897 1989,2897 2079,2897 2168,2891 2258,2885 2347,2885 2437,2885 2527,2879 2616,2879 2706,2873 2795,2873 2885,2867 2975,2867 3064,2861 3154,2861 3243,2861 3333,2861 3423,2855 3512,2849 3602,2849 3692,2843 3781,2843 3871,2843 3960,2843 4050,2837 4140,2825"/>
                <TextEquiv>
                    <Unicode>nicht, weil sie sich zu spät erkennen, sondern weil die ihre Gefühle um-</Unicode>
                </TextEquiv>
            </TextLine>
            <TextLine id="tr_1_tl_32" custom="readingOrder {index:31;}">
                <Coords points="474,3036 3667,2960 4137,2846 479,2955"/>
                <Baseline points="501,3028 561,3016 651,3016 740,3010 830,3004 920,3004 1009,3004 1099,2999 1188,2999 1278,2999 1368,2993 1457,2987 1547,2987 1636,2981 1726,2981 1816,2981 1905,2975 1995,2975 2084,2975 2174,2969 2264,2963 2353,2963 2443,2957 2533,2957 2622,2951 2712,2951 2801,2945 2891,2945 2981,2945 3070,2945 3160,2945 3249,2939 3339,2933 3429,2933 3518,2927 3608,2927 3697,2927 3787,2921 3877,2915 3966,2915 4056,2909 4146,2909"/>
                <TextEquiv>
                    <Unicode>gedeutet haben, ehe sie sie aussprachen und sie sch gegenseitig Geständ-</Unicode>
                </TextEquiv>
            </TextLine>
            <TextLine id="tr_1_tl_33" custom="readingOrder {index:32;}">
                <Coords points="455,3112 4008,3027 4094,2922 455,3036"/>
                <Baseline points="483,3094 519,3094 609,3094 698,3088 788,3088 878,3082 967,3076 1057,3076 1147,3076 1236,3070 1326,3070 1415,3064 1505,3064 1595,3058 1684,3058 1774,3058 1863,3052 1953,3052 2043,3046 2132,3052 2222,3040 2311,3040 2401,3040 2491,3034 2580,3034 2670,3034 2760,3028 2849,3022 2939,3022 3028,3016 3118,3016 3208,3010 3297,3010 3387,3010 3476,3004 3566,3004 3656,2999 3745,2999 3835,2993 3925,2993 4014,2987 4104,2993"/>
                <TextEquiv>
                    <Unicode>nisse hervorloken. Man fürchtet, wahre Regungen könnten unwahr sein und</Unicode>
                </TextEquiv>
            </TextLine>
            <TextLine id="tr_1_tl_34" custom="readingOrder {index:33;}">
                <Coords points="470,3188 3989,3017 474,3117"/>
                <Baseline points="495,3172 501,3172 591,3172 681,3166 770,3160 860,3160 949,3160 1039,3154 1129,3154 1218,3154 1308,3148 1397,3148 1487,3142 1577,3136 1666,3136 1756,3136 1846,3130 1935,3130 2025,3124 2114,3124 2204,3118 2294,3118 2383,3112 2473,3112 2562,3112 2652,3106 2742,3106 2831,3100 2921,3100 3010,3094 3100,3094 3190,3088 3279,3088 3369,3088 3459,3088 3548,3082 3638,3082 3727,3076 3817,3076 3907,3070 3996,3076"/>
                <TextEquiv>
                    <Unicode>leidet lieber, als dass man die vielleicht unechten Gefühle zur Schau</Unicode>
                </TextEquiv>
            </TextLine>
            <TextLine id="tr_1_tl_35" custom="readingOrder {index:34;}">
                <Coords points="489,3273 4236,3178 4236,3060 489,3193"/>
                <Baseline points="513,3249 573,3249 663,3243 752,3243 842,3237 931,3232 1021,3232 1111,3232 1200,3226 1290,3226 1380,3220 1469,3220 1559,3220 1648,3214 1738,3208 1828,3208 1917,3208 2007,3202 2096,3202 2186,3196 2276,3196 2365,3190 2455,3190 2544,3184 2634,3184 2724,3184 2813,3178 2903,3178 2993,3172 3082,3172 3172,3172 3261,3172 3351,3166 3441,3166 3530,3166 3620,3160 3709,3154 3799,3154 3889,3154 3978,3148 4068,3148 4158,3148 4247,3160"/>
                <TextEquiv>
                    <Unicode>stellt. So müssen die Menschen sich auseinanderreden: jeder geht für sich,</Unicode>
                </TextEquiv>
            </TextLine>
            <TextLine id="tr_1_tl_36" custom="readingOrder {index:35;}">
                <Coords points="479,3330 3615,3278 4061,3169 479,3259"/>
                <Baseline points="507,3327 573,3327 663,3321 752,3321 842,3315 931,3315 1021,3309 1111,3303 1200,3303 1290,3303 1380,3303 1469,3297 1559,3291 1648,3291 1738,3291 1828,3291 1917,3285 2007,3279 2096,3279 2186,3273 2276,3273 2365,3273 2455,3267 2544,3267 2634,3261 2724,3261 2813,3255 2903,3255 2993,3255 3082,3249 3172,3243 3261,3243 3351,3243 3441,3243 3530,3249 3620,3237 3709,3232 3799,3232 3889,3232 3978,3226 4068,3226"/>
                <TextEquiv>
                    <Unicode>und beide möchten zusammengehn. Cäcilie sagt beim Abschied: Ja. Jetzt</Unicode>
                </TextEquiv>
            </TextLine>
            <TextLine id="tr_1_tl_37" custom="readingOrder {index:36;}">
                <Coords points="479,3425 4156,3340 4156,3240 484,3335"/>
                <Baseline points="507,3405 579,3405 669,3399 758,3399 848,3393 937,3393 1027,3387 1117,3387 1206,3387 1296,3381 1386,3375 1475,3375 1565,3375 1654,3369 1744,3369 1834,3369 1923,3363 2013,3363 2102,3357 2192,3351 2282,3351 2371,3345 2461,3345 2550,3339 2640,3339 2730,3339 2819,3333 2909,3333 2999,3327 3088,3327 3178,3327 3267,3327 3357,3321 3447,3315 3536,3315 3626,3315 3715,3315 3805,3309 3895,3309 3984,3303 4074,3303 4163,3297"/>
                <TextEquiv>
                    <Unicode>haben wir eben den Lohn davon, dass wir immer ehrlich gewesen sind, Ama-</Unicode>
                </TextEquiv>
            </TextLine>
            <TextLine id="tr_1_tl_38" custom="readingOrder {index:37;}">
                <Coords points="489,3487 4099,3325 489,3420"/>
                <Baseline points="513,3482 525,3476 615,3476 704,3476 794,3476 884,3470 973,3465 1063,3465 1153,3459 1242,3459 1332,3453 1421,3453 1511,3447 1601,3447 1690,3447 1780,3441 1869,3441 1959,3435 2049,3435 2138,3435 2228,3429 2317,3423 2407,3423 2497,3423 2586,3417 2676,3417 2766,3411 2855,3411 2945,3411 3034,3405 3124,3405 3214,3399 3303,3399 3393,3399 3482,3393 3572,3393 3662,3387 3751,3387 3841,3387 3930,3381 4020,3381 4110,3375"/>
                <TextEquiv>
                    <Unicode>deus. Wiw müde wären andre schon in einem solchen Augenblick von aller¬</Unicode>
                </TextEquiv>
            </TextLine>
            <TextLine id="tr_1_tl_39" custom="readingOrder {index:38;}">
                <Coords points="465,3591 3852,3491 4013,3397 470,3477"/>
                <Baseline points="495,3554 531,3554 621,3554 710,3554 800,3548 890,3548 979,3542 1069,3542 1158,3536 1248,3536 1338,3530 1427,3530 1517,3530 1607,3524 1696,3518 1786,3518 1875,3524 1965,3512 2055,3512 2144,3506 2234,3506 2323,3500 2413,3500 2503,3494 2592,3494 2682,3488 2772,3488 2861,3482 2951,3482 3040,3482 3130,3482 3220,3476 3309,3476 3399,3470 3488,3470 3578,3470 3668,3470 3757,3470 3847,3465 3936,3459 4026,3459"/>
                <TextEquiv>
                    <Unicode>lei peinlichen Ausflüchten, mühseligen Beschwichtigungen und kläglich</Unicode>
                </TextEquiv>
            </TextLine>
            <TextLine id="tr_1_tl_40" custom="readingOrder {index:39;}">
                <Coords points="493,3648 4203,3477 493,3572"/>
                <Baseline points="519,3638 543,3632 633,3632 722,3626 812,3626 902,3620 991,3620 1081,3614 1170,3614 1260,3614 1350,3614 1439,3608 1529,3608 1618,3602 1708,3602 1798,3596 1887,3596 1977,3590 2067,3590 2156,3584 2246,3584 2335,3584 2425,3578 2515,3572 2604,3572 2694,3566 2783,3566 2873,3566 2963,3560 3052,3560 3142,3560 3232,3554 3321,3554 3411,3554 3500,3548 3590,3548 3680,3542 3769,3548 3859,3548 3948,3542 4038,3536 4128,3530 4217,3536"/>
                <TextEquiv>
                    <Unicode>süssen Versöhnungen. Wie feindselig ständen sie sich vielleicht gegenüber</Unicode>
                </TextEquiv>
            </TextLine>
            <TextLine id="tr_1_tl_41" custom="readingOrder {index:40;}">
                <Coords points="493,3719 4241,3667 4246,3558 493,3648"/>
                <Baseline points="519,3709 585,3709 675,3709 764,3703 854,3697 943,3697 1033,3692 1123,3692 1212,3686 1302,3686 1391,3686 1481,3680 1571,3680 1660,3674 1750,3674 1840,3674 1929,3674 2019,3674 2108,3668 2198,3662 2288,3656 2377,3656 2467,3650 2556,3650 2646,3644 2736,3644 2825,3650 2915,3638 3004,3638 3094,3632 3184,3632 3273,3638 3363,3632 3453,3626 3542,3626 3632,3620 3721,3626 3811,3620 3901,3620 3990,3614 4080,3614 4169,3614 4259,3608"/>
                <TextEquiv>
                    <Unicode>in ihrer verspäteten Aufrichtigkeit. Wir zwei, Amadeus, werden doch wenig-</Unicode>
                </TextEquiv>
            </TextLine>
            <TextLine id="tr_1_tl_42" custom="readingOrder {index:41;}">
                <Coords points="493,3800 3681,3743 4122,3629 493,3733"/>
                <Baseline points="519,3787 543,3787 633,3787 722,3781 812,3781 902,3775 991,3769 1081,3775 1170,3769 1260,3769 1350,3763 1439,3757 1529,3757 1618,3757 1708,3757 1798,3751 1887,3751 1977,3745 2067,3745 2156,3739 2246,3733 2335,3733 2425,3733 2515,3733 2604,3727 2694,3721 2783,3727 2873,3721 2963,3715 3052,3715 3142,3709 3232,3709 3321,3709 3411,3709 3500,3709 3590,3703 3680,3709 3769,3703 3859,3697 3948,3697 4038,3697 4128,3697"/>
                <TextEquiv>
                    <Unicode>stens als Freunde scheiden.“ Diese Flucht vor der Verantwortung, dieses</Unicode>
                </TextEquiv>
            </TextLine>
            <TextLine id="tr_1_tl_43" custom="readingOrder {index:42;}">
                <Coords points="489,3876 4255,3814 4260,3714 489,3809"/>
                <Baseline points="513,3871 591,3865 681,3865 770,3859 860,3853 949,3853 1039,3853 1129,3847 1218,3847 1308,3841 1397,3841 1487,3835 1577,3835 1666,3835 1756,3829 1846,3829 1935,3829 2025,3823 2114,3823 2204,3817 2294,3817 2383,3811 2473,3805 2562,3805 2652,3805 2742,3805 2831,3799 2921,3799 3010,3793 3100,3793 3190,3793 3279,3787 3369,3787 3459,3787 3548,3781 3638,3787 3727,3787 3817,3781 3907,3775 3996,3775 4086,3775 4175,3775 4265,3763"/>
                <TextEquiv>
                    <Unicode>zarte Andeuten und Ringen wie hinter Schleiern ist in höchster psychologi-</Unicode>
                </TextEquiv>
            </TextLine>
            <TextLine id="tr_1_tl_44" custom="readingOrder {index:43;}">
                <Coords points="498,3961 4099,3876 4127,3786 498,3890"/>
                <Baseline points="525,3948 549,3948 639,3942 728,3936 818,3930 908,3930 997,3930 1087,3925 1176,3925 1266,3925 1356,3919 1445,3913 1535,3913 1624,3913 1714,3907 1804,3913 1893,3913 1983,3907 2073,3901 2162,3901 2252,3895 2341,3889 2431,3889 2521,3889 2610,3883 2700,3883 2789,3877 2879,3877 2969,3871 3058,3871 3148,3865 3237,3865 3327,3865 3417,3865 3506,3865 3596,3859 3686,3859 3775,3865 3865,3853 3954,3853 4044,3853 4134,3847"/>
                <TextEquiv>
                    <Unicode>scher Feinkunst gestaltet, ist letzlich die Dekadenzstimmung das, die an</Unicode>
                </TextEquiv>
            </TextLine>
            <TextLine id="tr_1_tl_45" custom="readingOrder {index:44;}">
                <Coords points="493,4037 2837,4032 3989,3971 4080,3866 493,3966"/>
                <Baseline points="519,4020 597,4020 687,4014 776,4014 866,4008 955,4008 1045,4008 1135,4008 1224,4002 1314,4002 1403,3996 1493,3996 1583,3996 1672,3990 1762,3990 1851,3990 1941,3984 2031,3984 2120,3978 2210,3978 2300,3978 2389,3972 2479,3978 2568,3966 2658,3960 2748,3960 2837,3960 2927,3954 3016,3954 3106,3948 3196,3948 3285,3948 3375,3948 3465,3948 3554,3942 3644,3942 3733,3936 3823,3936 3913,3936 4002,3930 4092,3936"/>
                <TextEquiv>
                    <Unicode>Hermann Baag und Eduard v. Keyserling gemahnt, und heute längst wieder</Unicode>
                </TextEquiv>
            </TextLine>
            <TextLine id="tr_1_tl_46" custom="readingOrder {index:45;}">
                <Coords points="498,4122 579,4108 607,4132 683,4122 783,4156 887,4094 1110,4089 1110,4037 982,4013 935,4032 726,4023 697,4042 498,4046"/>
                <Baseline points="525,4104 585,4098 675,4098 764,4098 854,4092 943,4086 1033,4086 1123,4080"/>
                <TextEquiv>
                    <Unicode>ferngerückt.</Unicode>
                </TextEquiv>
            </TextLine>
            <TextLine id="tr_1_tl_47" custom="readingOrder {index:46;}">
                <Coords points="863,4189 4156,4108 4160,3989 863,4099"/>
                <Baseline points="890,4158 943,4163 1033,4163 1123,4158 1212,4152 1302,4152 1391,4152 1481,4146 1571,4152 1660,4146 1750,4140 1840,4140 1929,4134 2019,4134 2108,4134 2198,4128 2288,4128 2377,4122 2467,4122 2556,4116 2646,4116 2736,4116 2825,4116 2915,4116 3004,4110 3094,4110 3184,4104 3273,4104 3363,4098 3453,4098 3542,4098 3632,4092 3721,4098 3811,4092 3901,4092 3990,4086 4080,4086 4169,4098"/>
                <TextEquiv>
                    <Unicode>Die beiden Ehegatten sind auseinander gegangen, weil sie glauben,</Unicode>
                </TextEquiv>
            </TextLine>
            <TextLine id="tr_1_tl_48" custom="readingOrder {index:47;}">
                <Coords points="489,4265 3871,4193 4032,4099 493,4156"/>
                <Baseline points="519,4253 543,4253 633,4253 722,4247 812,4247 902,4241 991,4241 1081,4235 1170,4229 1260,4235 1350,4223 1439,4229 1529,4223 1618,4223 1708,4223 1798,4217 1887,4211 1977,4211 2067,4211 2156,4205 2246,4211 2335,4205 2425,4205 2515,4199 2604,4193 2694,4193 2783,4193 2873,4187 2963,4187 3052,4187 3142,4181 3232,4181 3321,4175 3411,4175 3500,4175 3590,4169 3680,4169 3769,4169 3859,4163 3948,4163 4038,4163"/>
                <TextEquiv>
                    <Unicode>sich nicht mehr zu lieben. Amadeus trifft sich nun oft mit der Gräfin</Unicode>
                </TextEquiv>
            </TextLine>
            <TextLine id="tr_1_tl_49" custom="readingOrder {index:48;}">
                <Coords points="493,4341 4151,4288 4151,4179 498,4265"/>
                <Baseline points="519,4325 579,4331 669,4325 758,4325 848,4319 937,4319 1027,4313 1117,4313 1206,4307 1296,4307 1386,4307 1475,4301 1565,4301 1654,4295 1744,4295 1834,4295 1923,4295 2013,4289 2102,4289 2192,4283 2282,4283 2371,4283 2461,4277 2550,4277 2640,4271 2730,4271 2819,4265 2909,4265 2999,4265 3088,4265 3178,4259 3267,4253 3357,4253 3447,4253 3536,4253 3626,4247 3715,4247 3805,4247 3895,4247 3984,4247 4074,4241 4163,4235"/>
                <TextEquiv>
                    <Unicode>Friederike Moosheim. Plötzlich kommt Cäcilie zurück und beide Gatten um-</Unicode>
                </TextEquiv>
            </TextLine>
            <TextLine id="tr_1_tl_50" custom="readingOrder {index:49;}">
                <Coords points="512,4421 2889,4412 4094,4265 512,4350"/>
                <Baseline points="537,4414 609,4408 698,4402 788,4402 878,4396 967,4396 1057,4396 1147,4385 1236,4385 1326,4385 1415,4379 1505,4379 1595,4379 1684,4379 1774,4373 1863,4373 1953,4373 2043,4373 2132,4367 2222,4361 2311,4361 2401,4355 2491,4355 2580,4355 2670,4349 2760,4349 2849,4349 2939,4343 3028,4343 3118,4337 3208,4337 3297,4331 3387,4331 3476,4337 3566,4331 3656,4325 3745,4325 3835,4325 3925,4325 4014,4325 4104,4331"/>
                <TextEquiv>
                    <Unicode>armen sich „wie zum erstenmal." Aber es ist das letzte Mal. Wir waren</Unicode>
                </TextEquiv>
            </TextLine>
            <TextLine id="tr_1_tl_51" custom="readingOrder {index:50;}">
                <Coords points="493,4488 3933,4345 493,4416"/>
                <Baseline points="519,4486 537,4480 627,4486 716,4480 806,4480 896,4474 985,4468 1075,4468 1164,4462 1254,4462 1344,4462 1433,4462 1523,4456 1613,4456 1702,4450 1792,4456 1881,4456 1971,4450 2061,4444 2150,4444 2240,4438 2329,4438 2419,4438 2509,4432 2598,4432 2688,4426 2777,4426 2867,4432 2957,4420 3046,4420 3136,4414 3226,4414 3315,4408 3405,4408 3494,4408 3584,4414 3674,4408 3763,4402 3853,4402 3942,4402"/>
                <TextEquiv>
                    <Unicode>weder geschaffen, uns ewig in Treue zu lieben,“ sagt Cäcilie“ noch</Unicode>
                </TextEquiv>
            </TextLine>
            <TextLine id="tr_1_tl_52" custom="readingOrder {index:51;}">
                <Coords points="489,4592 4193,4502 4222,4397 493,4530"/>
                <Baseline points="513,4564 561,4564 651,4558 740,4558 830,4558 920,4540 1009,4546 1099,4552 1188,4540 1278,4540 1368,4534 1457,4534 1547,4534 1636,4528 1726,4528 1816,4528 1905,4528 1995,4522 2084,4522 2174,4522 2264,4516 2353,4516 2443,4510 2533,4510 2622,4504 2712,4504 2801,4504 2891,4498 2981,4498 3070,4498 3160,4492 3249,4486 3339,4486 3429,4486 3518,4486 3608,4486 3697,4486 3787,4480 3877,4480 3966,4486 4056,4480 4146,4480 4235,4480"/>
                <TextEquiv>
                    <Unicode>stark genug, um unsere F reundschaft rein zu erhalten. Andere fänden sich</Unicode>
                </TextEquiv>
            </TextLine>
            <TextLine id="tr_1_tl_53" custom="readingOrder {index:52;}">
                <Coords points="512,4654 4108,4497 512,4582"/>
                <Baseline points="537,4641 621,4641 710,4635 800,4629 890,4629 979,4623 1069,4618 1158,4618 1248,4618 1338,4612 1427,4612 1517,4612 1607,4612 1696,4612 1786,4612 1875,4600 1965,4606 2055,4600 2144,4594 2234,4594 2323,4594 2413,4588 2503,4588 2592,4588 2682,4582 2772,4576 2861,4576 2951,4576 3040,4576 3130,4570 3220,4570 3309,4570 3399,4564 3488,4564 3578,4564 3668,4564 3757,4558 3847,4558 3936,4558 4026,4558 4116,4564"/>
                <TextEquiv>
                    <Unicode>ab... ich kann es nicht.“ Sie glaubt, ein solches „Zwischenspiel“ könne</Unicode>
                </TextEquiv>
            </TextLine>
            <TextLine id="tr_1_tl_54" custom="readingOrder {index:53;}">
                <Coords points="498,4739 4141,4573 503,4668"/>
                <Baseline points="531,4713 567,4713 657,4713 746,4707 836,4701 925,4701 1015,4701 1105,4701 1194,4695 1284,4689 1374,4689 1463,4689 1553,4689 1642,4683 1732,4689 1822,4683 1911,4677 2001,4677 2090,4677 2180,4671 2270,4665 2359,4665 2449,4665 2539,4665 2628,4665 2718,4653 2807,4659 2897,4659 2987,4653 3076,4653 3166,4653 3255,4647 3345,4647 3435,4641 3524,4641 3614,4641 3703,4641 3793,4635 3883,4635 3972,4635 4062,4635 4152,4635"/>
                <TextEquiv>
                    <Unicode>immer wieder kommen und geht darum fort: Nein, ich glaub es nicht mehr</Unicode>
                </TextEquiv>
            </TextLine>
            <TextLine id="tr_1_tl_55" custom="readingOrder {index:54;}">
                <Coords points="522,4810 4174,4739 4222,4644 522,4730"/>
                <Baseline points="549,4797 561,4797 651,4791 740,4785 830,4785 920,4779 1009,4779 1099,4779 1188,4779 1278,4773 1368,4773 1457,4767 1547,4767 1636,4761 1726,4761 1816,4761 1905,4755 1995,4761 2084,4755 2174,4749 2264,4749 2353,4743 2443,4743 2533,4737 2622,4737 2712,4737 2801,4737 2891,4731 2981,4731 3070,4725 3160,4725 3249,4725 3339,4719 3429,4719 3518,4719 3608,4719 3697,4719 3787,4713 3877,4713 3966,4719 4056,4713 4146,4707 4235,4701"/>
                <TextEquiv>
                    <Unicode>(dass sie gegeneinander wahr gewesen seien). Wenn alles andere waht gewe¬</Unicode>
                </TextEquiv>
            </TextLine>
            <TextLine id="tr_1_tl_56" custom="readingOrder {index:55;}">
                <Coords points="503,4886 4108,4739 508,4810"/>
                <Baseline points="531,4874 537,4874 627,4868 716,4862 806,4862 896,4862 985,4851 1075,4856 1164,4851 1254,4851 1344,4845 1433,4845 1523,4845 1613,4845 1702,4845 1792,4833 1881,4833 1971,4833 2061,4833 2150,4827 2240,4827 2329,4821 2419,4827 2509,4821 2598,4815 2688,4815 2777,4809 2867,4815 2957,4809 3046,4803 3136,4803 3226,4797 3315,4797 3405,4803 3494,4803 3584,4791 3674,4791 3763,4791 3853,4791 3942,4791 4032,4785 4122,4785"/>
                <TextEquiv>
                    <Unicode>sen ist,- dass wir beide uns so schnell darein gefunden in jener Stunde,</Unicode>
                </TextEquiv>
            </TextLine>
            <TextLine id="tr_1_tl_57" custom="readingOrder {index:56;}">
                <Coords points="503,4962 4179,4910 4312,4791 503,4886"/>
                <Baseline points="531,4952 555,4952 645,4946 734,4940 824,4940 914,4940 1003,4934 1093,4934 1182,4928 1272,4928 1362,4928 1451,4922 1541,4922 1630,4916 1720,4916 1810,4916 1899,4910 1989,4910 2079,4904 2168,4904 2258,4904 2347,4898 2437,4898 2527,4898 2616,4892 2706,4892 2795,4886 2885,4886 2975,4886 3064,4886 3154,4880 3243,4880 3333,4880 3423,4880 3512,4874 3602,4874 3692,4874 3781,4874 3871,4868 3960,4868 4050,4868 4140,4874 4229,4868 4319,4880"/>
                <TextEquiv>
                    <Unicode>da du neben mir deine Leidenschaft für die Gräfin und ich dir meine Neigung</Unicode>
                </TextEquiv>
            </TextLine>
            <TextLine id="tr_1_tl_58" custom="readingOrder {index:57;}">
                <Coords points="512,5066 2823,5000 4065,5133 4312,5057 4317,4905 512,4971"/>
                <Baseline points="537,5030 567,5024 657,5024 746,5024 836,5024 925,5024 1015,5018 1105,5012 1194,5012 1284,5012 1374,5006 1463,5006 1553,5006 1642,5000 1732,5000 1822,5000 1911,5000 2001,4994 2090,4994 2180,4994 2270,4988 2359,4988 2449,4988 2539,4988 2628,4988 2718,4982 2807,4982 2897,4988 2987,4988 3076,4982 3166,4982 3255,4976 3345,4976 3435,4976 3524,4976 3614,4976 3703,4976 3793,4976 3883,4976 3972,4976 4062,4976 4152,4970 4241,4970 4331,4970"/>
                <TextEquiv>
                    <Unicode>für Sigismund gestand - das ist nicht Wahrheit gewesen. Hätten wir einander</Unicode>
                </TextEquiv>
            </TextLine>
        </TextRegion>
    </Page>
</PcGts>
