<?xml version="1.0" encoding="UTF-8" standalone="yes"?>
<PcGts xmlns="http://schema.primaresearch.org/PAGE/gts/pagecontent/2013-07-15" xmlns:xsi="http://www.w3.org/2001/XMLSchema-instance" xsi:schemaLocation="http://schema.primaresearch.org/PAGE/gts/pagecontent/2013-07-15 http://schema.primaresearch.org/PAGE/gts/pagecontent/2013-07-15/pagecontent.xsd">
    <Metadata>
        <Creator>prov=READ-COOP:name=TrHtr:version=2.1.0:model_id=51170:date=15_08_2023_13:50</Creator>
        <Created>2023-05-10T15:29:17.760+02:00</Created>
        <LastChange>2023-08-15T13:50:53.829+02:00</LastChange>
        <TranskribusMetadata docId="1429071" pageId="55436128" pageNr="83" tsid="132859164" status="IN_PROGRESS" userId="64420" imgUrl="https://files.transkribus.eu/Get?id=RUJMAACAWCTVPIXOPNKYRULY&amp;fileType=view" xmlUrl="https://files.transkribus.eu/Get?id=XJVAROCXVHGEWQEKPCSRECQU" imageId="44710117"/>
    </Metadata>
    <Page imageFilename="1429071_0083.jpg" imageWidth="4248" imageHeight="5512">
        <ReadingOrder>
            <OrderedGroup id="ro_1711798059608" caption="Regions reading order">
                <RegionRefIndexed index="0" regionRef="tr_1"/>
                <RegionRefIndexed index="1" regionRef="tr_2"/>
            </OrderedGroup>
        </ReadingOrder>
        <TextRegion id="tr_1" custom="readingOrder {index:0;}">
            <Coords points="668,301 3913,301 3913,2318 668,2318"/>
            <TextLine id="tr_1_tl_1" custom="readingOrder {index:0;}">
                <Coords points="1787,444 1823,436 1847,460 1879,464 1891,444 1939,464 1975,444 1999,460 2019,456 1991,248 1963,252 1939,236 1911,244 1875,220 1831,248 1791,236 1759,248"/>
                <Baseline points="1795,351 1885,351 1974,369 2016,381"/>
                <TextEquiv>
                    <Unicode>—2—</Unicode>
                </TextEquiv>
            </TextLine>
            <TextLine id="tr_1_tl_2" custom="readingOrder {index:1;}">
                <Coords points="943,524 1399,528 1399,384 1331,368 1215,444 1135,404 1091,428 1023,400 943,412"/>
                <Baseline points="966,513 1049,507 1139,513 1228,513 1318,513 1407,507"/>
                <TextEquiv>
                    <Unicode>Ideologie</Unicode>
                </TextEquiv>
            </TextLine>
            <TextLine id="tr_1_tl_3" custom="readingOrder {index:2;}">
                <Coords points="648,680 3662,668 3662,496 3490,440 648,488"/>
                <Baseline points="668,602 715,596 805,590 894,590 984,590 1073,590 1163,590 1252,590 1342,590 1431,590 1521,584 1610,584 1700,578 1789,578 1879,578 1968,584 2058,578 2147,578 2237,578 2326,578 2415,572 2505,572 2594,566 2684,566 2773,566 2863,566 2952,566 3042,566 3131,566 3221,560 3310,560 3400,560 3489,560 3579,560 3668,560"/>
                <TextEquiv>
                    <Unicode>einer xxxx hart unterworfen. Das Vaterland: einmal war es</Unicode>
                </TextEquiv>
            </TextLine>
            <TextLine id="tr_1_tl_4" custom="readingOrder {index:3;}">
                <Coords points="664,839 3502,819 3546,640 664,696"/>
                <Baseline points="686,757 691,751 781,745 870,745 960,745 1049,745 1139,745 1228,745 1318,745 1407,745 1497,751 1586,739 1676,739 1765,739 1855,739 1944,739 2034,733 2123,733 2213,733 2302,733 2392,727 2481,733 2571,727 2660,727 2750,727 2839,721 2928,721 3018,721 3107,727 3197,721 3286,721 3376,721 3465,721 3555,727"/>
                <TextEquiv>
                    <Unicode>eine Wirklichkeit, ja eine Wirlichkeit höchster Art, lebendige</Unicode>
                </TextEquiv>
            </TextLine>
            <TextLine id="tr_1_tl_5" custom="readingOrder {index:4;}">
                <Coords points="3430,963 3490,935 3554,955 3590,935 3614,951 3714,951 3738,927 3782,935 3822,907 3906,911 3910,772 3802,760 3762,796 3718,776 3646,796 3582,760 3490,819 3430,815"/>
                <Baseline points="3453,882 3465,882 3555,870 3644,864 3734,870 3823,870 3913,870"/>
                <TextEquiv>
                    <Unicode>Se Scholle,</Unicode>
                </TextEquiv>
            </TextLine>
            <TextLine id="tr_1_tl_6" custom="readingOrder {index:5;}">
                <Coords points="3262,903 3282,903 3306,879 3342,871 3374,891 3418,875 3442,875 3446,776 3426,776 3410,764 3378,772 3362,788 3346,780 3306,788 3286,768 3266,768"/>
                <Baseline points="3284,884 3376,864 3453,882"/>
                <TextEquiv>
                    <Unicode>die</Unicode>
                </TextEquiv>
            </TextLine>
            <TextLine id="tr_1_tl_7" custom="readingOrder {index:6;}">
                <Coords points="660,943 3218,955 3278,792 664,839"/>
                <Baseline points="686,912 775,906 864,906 954,900 1043,900 1133,900 1222,900 1312,900 1401,894 1491,894 1580,894 1670,894 1759,900 1849,900 1938,888 2028,894 2117,888 2207,888 2296,888 2386,888 2475,882 2565,882 2654,882 2744,882 2833,876 2923,882 3012,876 3101,888 3191,882 3284,884"/>
                <TextEquiv>
                    <Unicode>Idee, der sich zu opfern grosse wertvolle Tat war; da war</Unicode>
                </TextEquiv>
            </TextLine>
            <TextLine id="tr_1_tl_8" custom="readingOrder {index:7;}">
                <Coords points="3262,955 3286,959 3302,943 3318,951 3326,947 3354,967 3386,943 3406,943 3418,955 3442,955 3442,867 3354,875 3318,859 3262,859"/>
                <Baseline points="3284,884 3376,906 3453,882"/>
                <TextEquiv>
                    <Unicode>G.C.F.P.</Unicode>
                </TextEquiv>
            </TextLine>
            <TextLine id="tr_1_tl_9" custom="readingOrder {index:8;}">
                <Coords points="664,1135 3258,1135 3722,1095 3766,943 664,999"/>
                <Baseline points="686,1061 727,1055 817,1061 906,1055 996,1055 1085,1055 1175,1055 1264,1055 1354,1061 1443,1055 1533,1055 1622,1049 1712,1049 1801,1049 1891,1049 1980,1043 2069,1043 2159,1043 2248,1043 2338,1043 2427,1037 2517,1037 2606,1032 2696,1032 2785,1032 2875,1032 2964,1032 3054,1032 3143,1026 3233,1026 3322,1020 3412,1020 3501,1020 3591,1020 3680,1020 3770,1032"/>
                <TextEquiv>
                    <Unicode>auf der Mensch geboren wan die ihn ernährt hat, war die Landschaft,</Unicode>
                </TextEquiv>
            </TextLine>
            <TextLine id="tr_1_tl_10" custom="readingOrder {index:9;}">
                <Coords points="648,1291 3550,1263 3830,1191 3834,1051 648,1139"/>
                <Baseline points="668,1222 733,1216 823,1210 912,1210 1002,1210 1091,1210 1181,1210 1270,1205 1360,1205 1449,1210 1539,1205 1634,1212 1674,1212 1765,1205 1855,1205 1944,1199 2034,1199 2123,1199 2213,1199 2302,1193 2392,1193 2481,1193 2571,1193 2660,1193 2750,1193 2839,1193 2928,1181 3018,1187 3107,1181 3197,1181 3286,1181 3376,1181 3465,1181 3555,1175 3644,1181 3734,1175 3823,1175 3841,1175"/>
                <TextEquiv>
                    <Unicode>aus der zum ersten Male Natur sich ihm erschloss, war die Sprache, die</Unicode>
                </TextEquiv>
            </TextLine>
            <TextLine id="tr_1_tl_11" custom="readingOrder {index:10;}">
                <Coords points="652,1415 3470,1415 3866,1379 3866,1247 652,1299"/>
                <Baseline points="674,1389 715,1383 805,1372 894,1372 984,1372 1073,1372 1163,1372 1252,1366 1342,1366 1431,1366 1521,1366 1610,1360 1700,1360 1789,1360 1879,1360 1968,1360 2058,1354 2147,1360 2239,1362 2239,1362 2332,1348 2421,1354 2511,1348 2600,1348 2690,1348 2779,1342 2869,1342 2958,1342 3048,1342 3137,1336 3227,1342 3316,1342 3406,1336 3495,1336 3585,1336 3674,1330 3764,1330 3853,1330 3871,1324"/>
                <TextEquiv>
                    <Unicode>geistige Zugehörigkeit zu anderen verbürgte. Erfüllt von lebendigster</Unicode>
                </TextEquiv>
            </TextLine>
            <TextLine id="tr_1_tl_12" custom="readingOrder {index:11;}">
                <Coords points="664,1615 3582,1575 3670,1403 664,1443"/>
                <Baseline points="686,1527 721,1527 811,1527 900,1521 990,1521 1079,1521 1169,1521 1258,1521 1348,1515 1437,1515 1527,1515 1616,1515 1706,1515 1795,1515 1885,1509 1974,1509 2064,1509 2153,1509 2242,1503 2332,1503 2421,1503 2511,1503 2600,1503 2690,1503 2779,1503 2869,1503 2958,1497 3048,1497 3137,1491 3227,1497 3316,1497 3406,1491 3495,1491 3585,1485 3674,1479"/>
                <TextEquiv>
                    <Unicode>Gegenwart ist die Idee Vaterland innerhalb einer solchen Gemein-</Unicode>
                </TextEquiv>
            </TextLine>
            <TextLine id="tr_1_tl_13" custom="readingOrder {index:12;}">
                <Coords points="2327,1695 2498,1655 2706,1755 3318,1711 3546,1751 3606,1711 3726,1759 3730,1531 3118,1599 2766,1555 2331,1579"/>
                <Baseline points="2350,1682 2374,1664 2463,1658 2553,1658 2648,1659 2648,1659 2744,1658 2833,1658 2923,1652 3012,1652 3101,1652 3191,1652 3280,1646 3370,1646 3459,1646 3549,1646 3638,1640 3728,1640 3734,1646"/>
                <TextEquiv>
                    <Unicode>ihrem Machtbereich,es sei aus</Unicode>
                </TextEquiv>
            </TextLine>
            <TextLine id="tr_1_tl_14" custom="readingOrder {index:13;}">
                <Coords points="664,1775 2175,1755 2339,1731 2343,1587 664,1627"/>
                <Baseline points="686,1688 691,1688 781,1682 870,1682 960,1682 1049,1682 1139,1676 1228,1676 1318,1670 1407,1676 1497,1670 1586,1676 1676,1670 1765,1670 1855,1664 1944,1670 2034,1664 2127,1672 2127,1672 2219,1664 2308,1670 2350,1682"/>
                <TextEquiv>
                    <Unicode>schaft. Aber eine oberste Gewalt hat</Unicode>
                </TextEquiv>
            </TextLine>
            <TextLine id="tr_1_tl_15" custom="readingOrder {index:14;}">
                <Coords points="2327,1747 2406,1767 2438,1743 2474,1759 2506,1743 2530,1759 2558,1731 2578,1743 2614,1707 2642,1711 2642,1663 2578,1675 2538,1659 2526,1671 2494,1659 2466,1679 2454,1671 2434,1679 2379,1663 2343,1631 2323,1631"/>
                <Baseline points="2350,1682 2439,1706 2529,1706 2618,1700 2648,1698"/>
                <TextEquiv>
                    <Unicode>dans la fois de</Unicode>
                </TextEquiv>
            </TextLine>
            <TextLine id="tr_1_tl_16" custom="readingOrder {index:15;}">
                <Coords points="2442,1883 3606,1863 3586,1719 2446,1751"/>
                <Baseline points="2469,1820 2565,1819 2618,1825 2618,1825 2708,1813 2797,1813 2887,1813 2976,1807 3066,1807 3155,1807 3245,1801 3334,1801 3424,1801 3513,1795 3603,1801 3615,1801"/>
                <TextEquiv>
                    <Unicode>sassen erweitert, die derart</Unicode>
                </TextEquiv>
            </TextLine>
            <TextLine id="tr_1_tl_17" custom="readingOrder {index:16;}">
                <Coords points="664,1915 2291,1915 2379,1875 2379,1727 664,1775"/>
                <Baseline points="686,1843 775,1837 864,1837 954,1843 1043,1837 1133,1837 1222,1837 1312,1837 1401,1831 1491,1831 1580,1831 1670,1831 1759,1825 1849,1831 1938,1825 2028,1825 2117,1825 2207,1819 2296,1819 2390,1821"/>
                <TextEquiv>
                    <Unicode>welchem Grunde auch immer, über die G</Unicode>
                </TextEquiv>
            </TextLine>
            <TextLine id="tr_1_tl_18" custom="readingOrder {index:17;}">
                <Coords points="664,2083 3546,2015 3518,1863 668,1927"/>
                <Baseline points="691,1998 781,1998 870,1998 960,1992 1049,1992 1139,1992 1228,1992 1318,1992 1407,1986 1497,1986 1586,1986 1676,1980 1765,1980 1855,1980 1944,1980 2034,1980 2123,1980 2213,1974 2302,1974 2392,1974 2481,1974 2571,1974 2660,1974 2750,1968 2839,1968 2928,1968 3018,1968 3107,1968 3197,1962 3286,1956 3376,1956 3465,1956 3555,1956"/>
                <TextEquiv>
                    <Unicode>von der Natur vorgezeichnet das menschliche Gemüt zu umfassen</Unicode>
                </TextEquiv>
            </TextLine>
            <TextLine id="tr_1_tl_19" custom="readingOrder {index:18;}">
                <Coords points="660,2227 3578,2195 3578,2047 3402,2031 664,2087"/>
                <Baseline points="686,2153 721,2153 811,2153 900,2153 990,2147 1079,2147 1169,2147 1258,2147 1348,2147 1437,2147 1527,2141 1616,2141 1706,2141 1795,2135 1885,2135 1974,2135 2064,2141 2153,2141 2242,2135 2332,2135 2421,2129 2511,2129 2600,2123 2690,2123 2779,2123 2869,2123 2958,2123 3048,2117 3137,2117 3227,2117 3316,2111 3406,2111 3495,2111 3585,2111"/>
                <TextEquiv>
                    <Unicode>vermag und erhebt die Forderung, das neue Reich möge von seinen</Unicode>
                </TextEquiv>
            </TextLine>
            <TextLine id="tr_1_tl_20" custom="readingOrder {index:19;}">
                <Coords points="660,2391 3614,2359 3734,2335 3734,2167 660,2219"/>
                <Baseline points="680,2308 697,2302 787,2308 876,2308 966,2308 1055,2308 1145,2308 1234,2302 1324,2302 1413,2302 1503,2302 1592,2296 1682,2296 1771,2296 1861,2296 1950,2290 2040,2296 2129,2296 2219,2290 2308,2290 2398,2290 2487,2284 2577,2284 2666,2284 2756,2278 2845,2284 2934,2278 3024,2278 3113,2278 3203,2278 3292,2278 3382,2272 3471,2266 3561,2272 3650,2266 3740,2266"/>
                <TextEquiv>
                    <Unicode>Untertanen Vaterland nicht nur genannt, sondern als die gleiche le-</Unicode>
                </TextEquiv>
            </TextLine>
        </TextRegion>
        <TextRegion id="tr_2" custom="readingOrder {index:1;}">
            <Coords points="626,2371 3746,2371 3746,5307 626,5307"/>
            <TextLine id="tr_2_tl_1" custom="readingOrder {index:0;}">
                <Coords points="660,2550 3590,2478 3722,2454 3726,2323 664,2391"/>
                <Baseline points="680,2469 691,2469 781,2463 870,2463 960,2463 1049,2463 1139,2463 1228,2463 1318,2457 1407,2457 1497,2451 1586,2451 1676,2451 1765,2451 1855,2451 1944,2451 2034,2445 2123,2445 2213,2445 2302,2445 2392,2445 2481,2445 2571,2439 2660,2433 2750,2433 2839,2433 2928,2433 3018,2427 3107,2427 3197,2421 3286,2427 3376,2427 3465,2421 3555,2421 3644,2427 3734,2427"/>
                <TextEquiv>
                    <Unicode>bendige Idealität anerkannt werden. Da aber fehlt die Verankerung</Unicode>
                </TextEquiv>
            </TextLine>
            <TextLine id="tr_2_tl_2" custom="readingOrder {index:1;}">
                <Coords points="664,2654 3518,2682 3702,2618 3702,2462 664,2558"/>
                <Baseline points="686,2624 757,2618 847,2618 936,2618 1026,2618 1115,2618 1205,2618 1294,2618 1383,2612 1473,2618 1562,2612 1652,2612 1741,2606 1831,2606 1920,2600 2010,2600 2099,2606 2189,2600 2278,2600 2368,2600 2457,2600 2547,2600 2636,2594 2726,2594 2815,2588 2905,2588 2994,2588 3084,2588 3173,2588 3263,2583 3352,2583 3442,2577 3531,2577 3620,2577 3710,2571"/>
                <TextEquiv>
                    <Unicode>im Wirklichen, ungegründetem Anspruch und gerechter Gegenwehr ent-</Unicode>
                </TextEquiv>
            </TextLine>
            <TextLine id="tr_2_tl_3" custom="readingOrder {index:2;}">
                <Coords points="648,2878 3734,2818 3738,2626 652,2674"/>
                <Baseline points="674,2779 703,2773 793,2773 882,2773 972,2773 1061,2773 1151,2773 1240,2773 1330,2767 1419,2767 1509,2767 1598,2767 1688,2761 1777,2767 1867,2761 1956,2761 2046,2761 2135,2761 2225,2756 2314,2756 2404,2756 2493,2756 2583,2750 2672,2750 2761,2750 2851,2744 2940,2744 3030,2744 3119,2738 3209,2738 3298,2738 3388,2738 3477,2738 3567,2732 3656,2732 3746,2732"/>
                <TextEquiv>
                    <Unicode>strömt unendlicher Konfliktstoff, und grausam und unbarmherzig wal-</Unicode>
                </TextEquiv>
            </TextLine>
            <TextLine id="tr_2_tl_4" custom="readingOrder {index:3;}">
                <Coords points="660,3006 3706,2938 3706,2822 3102,2802 664,2858"/>
                <Baseline points="686,2934 763,2934 853,2928 942,2928 1032,2934 1121,2928 1210,2928 1300,2928 1389,2928 1479,2923 1568,2923 1658,2923 1747,2923 1837,2923 1926,2923 2016,2917 2105,2917 2195,2917 2284,2911 2374,2917 2463,2911 2553,2911 2642,2911 2732,2911 2821,2905 2911,2905 3000,2899 3090,2899 3179,2899 3269,2899 3358,2899 3447,2893 3537,2893 3626,2893 3716,2893"/>
                <TextEquiv>
                    <Unicode>tet endlich die Herrschaft einer Idee, die, aller Berührung mit dem</Unicode>
                </TextEquiv>
            </TextLine>
            <TextLine id="tr_2_tl_5" custom="readingOrder {index:4;}">
                <Coords points="652,3194 3194,3158 3646,3122 3650,2978 656,3010"/>
                <Baseline points="674,3090 703,3090 793,3090 882,3090 972,3090 1061,3090 1151,3084 1240,3084 1330,3090 1419,3078 1509,3078 1598,3078 1688,3078 1777,3078 1867,3072 1956,3072 2046,3072 2135,3072 2225,3066 2314,3066 2404,3066 2493,3066 2583,3066 2672,3066 2761,3066 2851,3060 2940,3060 3030,3054 3119,3054 3209,3054 3298,3054 3388,3054 3477,3054 3567,3048 3656,3042"/>
                <TextEquiv>
                    <Unicode>Leben enthoben, zu Schemenhaftigkeit erstarrt, wertloses Opfer er-</Unicode>
                </TextEquiv>
            </TextLine>
            <TextLine id="tr_2_tl_6" custom="readingOrder {index:5;}">
                <Coords points="648,3314 3462,3306 3670,3262 3674,3126 648,3174"/>
                <Baseline points="668,3251 727,3245 817,3245 906,3251 996,3245 1085,3245 1175,3239 1264,3245 1354,3239 1443,3239 1533,3239 1622,3233 1712,3233 1801,3233 1891,3233 1980,3233 2069,3233 2159,3227 2248,3227 2338,3227 2427,3221 2517,3221 2606,3221 2696,3215 2785,3221 2875,3215 2964,3215 3054,3215 3143,3209 3233,3209 3322,3209 3412,3209 3501,3203 3591,3203 3680,3203"/>
                <TextEquiv>
                    <Unicode>zwingt - wir haben es erlebt. Dass dies alles nicht so sein müsse</Unicode>
                </TextEquiv>
            </TextLine>
            <TextLine id="tr_2_tl_7" custom="readingOrder {index:6;}">
                <Coords points="2271,3462 3438,3422 3654,3474 3658,3262 3514,3318 3402,3274 3094,3322 2750,3274 2634,3326 2339,3286 2275,3326"/>
                <Baseline points="2296,3394 2362,3382 2451,3382 2541,3382 2630,3376 2720,3376 2809,3370 2899,3370 2988,3376 3078,3370 3171,3384 3171,3384 3263,3370 3352,3364 3442,3364 3531,3364 3620,3364 3668,3358"/>
                <TextEquiv>
                    <Unicode>Weltgeschichte - man höre die</Unicode>
                </TextEquiv>
            </TextLine>
            <TextLine id="tr_2_tl_8" custom="readingOrder {index:7;}">
                <Coords points="664,3490 1307,3478 1483,3398 1619,3486 2287,3474 2287,3326 2171,3290 1887,3342 664,3326"/>
                <Baseline points="686,3406 775,3406 864,3406 954,3406 1043,3406 1133,3400 1222,3400 1312,3400 1401,3394 1491,3394 1580,3394 1670,3388 1759,3388 1849,3388 1938,3388 2028,3388 2117,3382 2207,3382 2296,3394"/>
                <TextEquiv>
                    <Unicode>erweisen grosse Ausnahmszeiten der</Unicode>
                </TextEquiv>
            </TextLine>
            <TextLine id="tr_2_tl_9" custom="readingOrder {index:8;}">
                <Coords points="1411,3478 1455,3478 1463,3486 1475,3474 1491,3474 1503,3462 1519,3466 1527,3458 1579,3466 1575,3414 1547,3414 1535,3402 1523,3402 1515,3410 1479,3398 1475,3406 1443,3402 1439,3410 1407,3410"/>
                <Baseline points="1431,3436 1521,3442 1586,3447"/>
                <TextEquiv>
                    <Unicode>Das1.</Unicode>
                </TextEquiv>
            </TextLine>
            <TextLine id="tr_2_tl_10" custom="readingOrder {index:9;}">
                <Coords points="652,3654 1943,3638 2175,3542 2398,3638 3542,3642 3590,3422 652,3494"/>
                <Baseline points="674,3567 727,3561 817,3561 906,3555 996,3555 1085,3555 1175,3555 1264,3549 1354,3549 1443,3549 1533,3549 1622,3549 1712,3543 1801,3543 1891,3543 1980,3543 2069,3543 2159,3537 2248,3537 2338,3537 2427,3537 2517,3537 2606,3531 2696,3531 2785,3531 2875,3525 2964,3525 3054,3525 3143,3525 3233,3525 3322,3519 3412,3513 3501,3513 3591,3519"/>
                <TextEquiv>
                    <Unicode>Antwort des Dichters auf die ganz naiv gestellte Frage,ob denn</Unicode>
                </TextEquiv>
            </TextLine>
            <TextLine id="tr_2_tl_11" custom="readingOrder {index:10;}">
                <Coords points="2019,3626 2087,3630 2103,3618 2143,3630 2171,3618 2203,3634 2231,3622 2279,3646 2315,3630 2355,3634 2355,3558 2311,3542 2251,3538 2199,3558 2187,3546 2115,3546 2055,3566 2019,3562"/>
                <Baseline points="2040,3591 2093,3585 2183,3585 2272,3591 2362,3585"/>
                <TextEquiv>
                    <Unicode>Verknupf.</Unicode>
                </TextEquiv>
            </TextLine>
            <TextLine id="tr_2_tl_12" custom="readingOrder {index:11;}">
                <Coords points="644,3810 1019,3818 1167,3766 1487,3826 1923,3790 2031,3702 2191,3726 2191,3614 648,3638"/>
                <Baseline points="668,3716 674,3716 763,3716 853,3716 942,3710 1032,3710 1121,3710 1210,3704 1300,3704 1389,3704 1479,3704 1568,3704 1658,3698 1747,3698 1837,3698 1926,3692 2016,3692 2105,3692 2201,3700"/>
                <TextEquiv>
                    <Unicode>Reich und Vaterland nicht dasselb</Unicode>
                </TextEquiv>
            </TextLine>
            <TextLine id="tr_2_tl_13" custom="readingOrder {index:12;}">
                <Coords points="2502,3778 2810,3750 2970,3774 3166,3738 3362,3798 3422,3786 3426,3598 3086,3650 2982,3618 2870,3646 2790,3598 2686,3638 2502,3634"/>
                <Baseline points="2523,3738 2618,3734 2708,3734 2797,3734 2887,3728 2976,3728 3066,3728 3155,3722 3245,3722 3334,3716 3424,3728 3430,3728"/>
                <TextEquiv>
                    <Unicode>erkend neuem Ausblick</Unicode>
                </TextEquiv>
            </TextLine>
            <TextLine id="tr_2_tl_14" custom="readingOrder {index:13;}">
                <Coords points="1959,3770 2003,3766 2031,3778 2047,3762 2067,3758 2087,3770 2099,3762 2143,3790 2187,3782 2195,3694 2175,3694 2127,3718 2079,3698 2055,3706 2031,3698 2019,3710 1963,3706"/>
                <Baseline points="1986,3746 2016,3746 2105,3746 2201,3732"/>
                <TextEquiv>
                    <Unicode>xxxen xxx</Unicode>
                </TextEquiv>
            </TextLine>
            <TextLine id="tr_2_tl_15" custom="readingOrder {index:14;}">
                <Coords points="1031,3878 2686,3870 2858,3850 2862,3766 2059,3758 1487,3830 1387,3778 1035,3790"/>
                <Baseline points="1055,3871 1079,3865 1169,3865 1258,3865 1348,3859 1437,3859 1527,3859 1616,3859 1706,3853 1795,3853 1885,3853 1974,3847 2064,3847 2153,3847 2242,3847 2332,3847 2421,3847 2511,3841 2600,3841 2690,3835 2779,3835 2869,3835"/>
                <TextEquiv>
                    <Unicode>Es könnte sein.Es sollte sein.Das ist's</Unicode>
                </TextEquiv>
            </TextLine>
            <TextLine id="tr_2_tl_16" custom="readingOrder {index:15;}">
                <Coords points="1027,3946 3322,3946 3466,3934 3470,3758 2994,3754 2686,3870 1031,3878"/>
                <Baseline points="1055,3937 1145,3943 1234,3943 1324,3937 1413,3937 1503,3937 1592,3937 1682,3937 1771,3931 1861,3931 1950,3931 2040,3925 2129,3925 2219,3925 2308,3925 2398,3919 2487,3919 2577,3919 2666,3919 2756,3919 2845,3907 2934,3889 3024,3883 3113,3883 3203,3883 3292,3877 3382,3877 3471,3877"/>
                <TextEquiv>
                    <Unicode>Woran sich eines Fürsten Grösse kündet:</Unicode>
                </TextEquiv>
            </TextLine>
            <TextLine id="tr_2_tl_17" custom="readingOrder {index:16;}">
                <Coords points="1039,4041 2798,4005 2798,3942 2518,3922 1043,3962"/>
                <Baseline points="1067,4032 1109,4020 1199,4020 1288,4020 1378,4014 1467,4014 1556,4014 1646,4014 1735,4014 1825,4008 1914,4008 2004,4002 2093,4008 2183,4002 2272,4002 2362,4002 2451,3996 2541,3996 2630,3996 2720,3996 2809,3990"/>
                <TextEquiv>
                    <Unicode>Wenn sich in seiner Untertanen Herzen</Unicode>
                </TextEquiv>
            </TextLine>
            <TextLine id="tr_2_tl_18" custom="readingOrder {index:17;}">
                <Coords points="2894,4077 2934,4081 2958,4073 2966,4081 2978,4069 2986,4077 2994,4069 3010,4085 3022,4077 3030,4085 3042,4077 3054,4089 3062,4081 3090,4081 3094,3938 3054,3942 3042,3954 3014,3942 2994,3958 2982,3954 2954,3978 2930,3970 2918,3982 2898,3982"/>
                <Baseline points="2917,4044 2923,4044 3012,4044 3101,4038"/>
                <TextEquiv>
                    <Unicode>vrai</Unicode>
                </TextEquiv>
            </TextLine>
            <TextLine id="tr_2_tl_19" custom="readingOrder {index:18;}">
                <Coords points="1035,4113 2686,4109 2858,4085 2858,3966 2666,4025 1039,4041"/>
                <Baseline points="1061,4098 1079,4098 1169,4098 1258,4098 1348,4092 1437,4092 1527,4092 1616,4092 1706,4092 1795,4086 1885,4086 1974,4086 2064,4086 2153,4086 2242,4080 2332,4080 2421,4080 2511,4074 2600,4074 2690,4074 2779,4068 2869,4062"/>
                <TextEquiv>
                    <Unicode>Von beiden das Gefühl,-in ihren Köpfen</Unicode>
                </TextEquiv>
            </TextLine>
            <TextLine id="tr_2_tl_20" custom="readingOrder {index:19;}">
                <Coords points="1039,4297 3554,4237 3554,4117 3442,4053 1039,4109"/>
                <Baseline points="1061,4181 1151,4181 1240,4181 1330,4181 1419,4175 1509,4175 1598,4169 1688,4175 1777,4169 1867,4169 1956,4163 2046,4169 2135,4163 2225,4163 2314,4163 2404,4163 2493,4163 2583,4163 2672,4157 2761,4151 2851,4151 2940,4163 3030,4187 3119,4187 3209,4193 3298,4193 3388,4193 3477,4193 3561,4193"/>
                <TextEquiv>
                    <Unicode>Von beiden der Begriff zur Einheit bildet.</Unicode>
                </TextEquiv>
            </TextLine>
            <TextLine id="tr_2_tl_21" custom="readingOrder {index:20;}">
                <Coords points="1223,4413 3390,4397 3670,4337 3670,4249 1223,4261"/>
                <Baseline points="1246,4336 1264,4336 1354,4336 1443,4336 1533,4336 1622,4330 1712,4330 1801,4330 1891,4318 1980,4324 2069,4318 2159,4318 2248,4318 2338,4318 2427,4318 2517,4318 2606,4312 2696,4312 2785,4312 2875,4306 2964,4306 3054,4306 3143,4306 3233,4306 3322,4301 3412,4301 3501,4295 3591,4295 3680,4289"/>
                <TextEquiv>
                    <Unicode>Von obenher also muss der Funke kommen, der auch die-</Unicode>
                </TextEquiv>
            </TextLine>
            <TextLine id="tr_2_tl_22" custom="readingOrder {index:21;}">
                <Coords points="604,4601 3582,4561 3698,4537 3702,4373 608,4445"/>
                <Baseline points="626,4497 668,4509 757,4503 847,4503 936,4503 1026,4503 1115,4503 1205,4497 1294,4491 1383,4497 1473,4491 1562,4491 1652,4485 1741,4485 1831,4485 1920,4485 2010,4479 2099,4485 2189,4479 2278,4474 2368,4474 2457,4474 2547,4468 2636,4474 2726,4474 2815,4468 2905,4462 2994,4462 3084,4462 3173,4456 3263,4456 3352,4456 3442,4456 3531,4456 3620,4456 3710,4456"/>
                <TextEquiv>
                    <Unicode>ser Idee lebendigen Grund zu geben vermöchte, obwohl der Anspruch</Unicode>
                </TextEquiv>
            </TextLine>
            <TextLine id="tr_2_tl_23" custom="readingOrder {index:22;}">
                <Coords points="652,4761 3650,4725 3742,4541 652,4581"/>
                <Baseline points="674,4658 709,4658 799,4658 888,4658 978,4658 1067,4658 1157,4652 1246,4652 1336,4652 1425,4652 1515,4647 1604,4647 1694,4641 1783,4641 1873,4641 1962,4635 2052,4635 2141,4635 2231,4635 2320,4635 2410,4629 2499,4629 2588,4635 2678,4629 2767,4623 2857,4623 2946,4623 3036,4617 3125,4617 3215,4617 3304,4617 3394,4611 3483,4611 3573,4611 3656,4647 3746,4652"/>
                <TextEquiv>
                    <Unicode>im einzelnen immer problematisch bleiben mag. Ein Reich grenzt an</Unicode>
                </TextEquiv>
            </TextLine>
            <TextLine id="tr_2_tl_24" custom="readingOrder {index:23;}">
                <Coords points="660,4909 3446,4861 3614,4833 3618,4697 664,4749"/>
                <Baseline points="680,4825 763,4820 853,4820 942,4820 1032,4814 1121,4814 1210,4814 1300,4814 1389,4802 1479,4802 1568,4802 1658,4802 1747,4802 1837,4796 1926,4796 2016,4802 2105,4796 2195,4790 2284,4796 2374,4790 2463,4784 2553,4784 2642,4784 2732,4778 2821,4784 2911,4778 3000,4778 3090,4778 3179,4778 3269,4772 3358,4772 3447,4772 3537,4766 3626,4766"/>
                <TextEquiv>
                    <Unicode>ein anderes, Berührung findet statt, kann Reibung werden, bald ist</Unicode>
                </TextEquiv>
            </TextLine>
            <TextLine id="tr_2_tl_25" custom="readingOrder {index:24;}">
                <Coords points="3090,5025 3214,4985 3270,5025 3378,4993 3670,5025 3738,5001 3738,4857 3670,4869 3602,4833 3562,4869 3490,4841 3454,4865 3394,4841 3334,4865 3310,4841 3174,4873 3142,4849 3090,4857"/>
                <Baseline points="3113,4945 3119,4939 3209,4927 3298,4927 3388,4921 3477,4921 3567,4927 3656,4927 3746,4939"/>
                <TextEquiv>
                    <Unicode>schon stehen</Unicode>
                </TextEquiv>
            </TextLine>
            <TextLine id="tr_2_tl_26" custom="readingOrder {index:25;}">
                <Coords points="648,5073 2886,5045 3042,5013 3046,4873 648,4913"/>
                <Baseline points="668,4981 727,4981 817,4981 906,4981 996,4975 1085,4969 1175,4975 1264,4981 1354,4969 1443,4969 1533,4963 1622,4963 1712,4963 1801,4957 1891,4957 1980,4957 2069,4957 2159,4945 2248,4951 2338,4951 2427,4951 2517,4945 2606,4945 2696,4951 2785,4933 2875,4933 2964,4933 3054,4957"/>
                <TextEquiv>
                    <Unicode>eine „Ehre „verletzt, die verletzte heißt „Sühne“</Unicode>
                </TextEquiv>
            </TextLine>
            <TextLine id="tr_2_tl_27" custom="readingOrder {index:26;}">
                <Coords points="652,5221 3710,5137 3710,5025 3482,4993 656,5069"/>
                <Baseline points="674,5136 763,5136 853,5136 942,5136 1032,5130 1121,5130 1210,5130 1300,5130 1389,5124 1479,5124 1568,5124 1658,5124 1747,5124 1837,5118 1926,5118 2016,5118 2105,5112 2195,5112 2284,5106 2374,5112 2463,5112 2553,5100 2642,5106 2732,5100 2821,5100 2911,5100 3000,5100 3090,5088 3179,5088 3269,5082 3358,5082 3447,5082 3537,5088 3626,5094 3716,5082"/>
                <TextEquiv>
                    <Unicode>wir wieder im Versiche neuer Ideen, die auf ihren Wirklichkeitsge-</Unicode>
                </TextEquiv>
            </TextLine>
            <TextLine id="tr_2_tl_28" custom="readingOrder {index:27;}">
                <Coords points="660,5333 1783,5397 2139,5301 3486,5313 3578,5149 664,5225"/>
                <Baseline points="680,5291 721,5291 811,5291 900,5297 990,5297 1079,5291 1169,5291 1258,5291 1348,5291 1437,5291 1527,5285 1616,5279 1706,5279 1795,5279 1885,5273 1974,5273 2064,5273 2153,5267 2242,5261 2332,5261 2421,5267 2511,5267 2600,5261 2690,5261 2779,5255 2869,5255 2958,5255 3048,5249 3137,5249 3227,5243 3316,5243 3406,5243 3495,5249 3585,5249"/>
                <TextEquiv>
                    <Unicode>halt zu prüfen Pflicht des um Menschliches besorgten Dichters</Unicode>
                </TextEquiv>
            </TextLine>
        </TextRegion>
    </Page>
</PcGts>
