4472 5592
780 583 3781 846 Mann, Da er in keinem Sinn gläubig war, weder im Religiösen noch
803 800 3693 1000 als Idealist, da er nicht an die Menschheit glaubte, weil er zu
792 993 3611 1155 scharf in den einzelnen Menschen sah, sondern bei all seiner
784 1089 3685 1286 tätigen Güte tief innerlich eine skeptische Natur
846 1275 3685 1437 war,hing er dem Wirklichen als den einzig Erfassbaren an und
803 1410 3681 1595 der Gedanke, xxxx dass diese Welt zwar sinnlich zu fassen, aber
792 1584 3723 1757 nicht zu halten war, dass alles verginge und man selber zuerst,
834 1750 3766 1935 dass, wie er es einmal sagte, alle Menschen als Sterbende herum-
838 1912 3638 2090 gehen, machte ihn nachdenklich. Immer versucht er die schöne
796 2051 3635 2248 Kunst des Resignierens zu erlernen, den Abschied vom Eros, dem
792 2221 3611 2445 Gotte der Jugend, indem er sich selbst zum Vorbild Gestalten
803 2333 3723 2561 schafft. Buch auf Buch schreibt er, um sich in diesen Gestalten
792 2503 3797 2727 selbst zu trösten und zu belehren über dieses Geheimnis des Ver-
784 2704 3669 2866 gehens und der Vergänglichkeit. „Casanovas Heimfahrt”, Doktor
792 2831 3747 3028 Graesler, Badearzt", "Frau Beate und ihr Sohn". Sie und udzählige
780 3017 3693 3179 andere Gestalten, sie leiden an dem nicht zu beschwichtigenden
796 3179 3770 3357 Gefühl, dass sie einen "Einsamen Weg“ gehen, dass niemand sie be-
792 3314 3766 3511 gleitet und sie ganz nur aus eigener Kraft diese letzte Strecke
784 3469 3754 3642 in Altern mit schon müden Augen werden lasten müssen. Und diese
769 3623 3588 3812 tragische Einstellung, diese Ratlosigkeit vor dem Leben gibt
772 3781 3843 3967 allen späten Gestalten und Figuren Schnitzlers einen erschüttern
772 3971 3835 4114 den Seelenton. Etwas Urmenschliches bricht durch die bisher sorg-
784 4094 3754 4264 sam umhütete Welt seiner früheren Werke und man wird seinen Ge-
784 4253 3778 4438 stalten auf geheimnisvolle liebende Weise nah. Eine milde Weis-
815 4411 3650 4593 heit dunkelt ihre Worte ab,eine andere, eine frühherbstliche
769 4562 3866 4762 Schönheit umleuchtet den frühen, krassen und gewaltsamen Untergang
772 4747 3801 4940 dieser Herzen. Je dunkeltöniger Schnitzlers Stimme in diesen spä-
