4456 5576
2553 256 2732 470 1
768 210 944 497 19
1995 287 2174 474 -7-
860 592 3737 871 Stück nicht verzeihen konnte - es liegt nicht in der Art Tar-
867 806 3707 1024 tuffs, die Dinge so geradeheraus zu sagen-, wohl aber bemerkte
879 955 3795 1143 er mit Bedauern, dass Schnitzlers Werk nirgends ins "Metaphysi-
871 1112 3710 1337 sche“ hinübergreife, das so ziemlich Schlimmste, was man einem
887 1261 3688 1444 deutschen Dichter nachsagen kann. Wer das Geheimnis leugnet,
875 1418 3645 1643 wird in Deutschland nie und nimmer „Geheimer Rat“ und auch
921 1551 3993 1781 Schnitzler ist es nicht geworden, wollte es auch gar nicht werden,
875 1739 3714 1937 weil er sich die Klarheit seines Urteils um keinen Preis und
887 1888 3829 2060 keinen Rang der Welt abkaufen liess. Ihn darum einen "Atheisten"
890 2029 3894 2213 nennen zu wollen, wie es seine Gegner taten, wäre nicht nur über-
887 2197 3672 2377 trieben, sondern höchst ungerecht. Er selbst hat sich einmal
898 2331 3859 2499 darüber in einem Briefe an mich sehr deutlich ausgesprochen, aus
887 2484 3810 2656 dem eine Stelle hier wörtlich anzuführen ich mir umso eher er-
887 2652 3699 2839 lauben darf, als sie der Sechsundsechszigjährige, der sich ja
898 2793 3821 2965 zeitlebens viel mit Todesgedanken beschäftigte, gewiss auch mit
890 2927 3817 3179 Hinblick auf die Nachwelt zu Papier brachte. Schnitzler wendet
906 3145 3947 3298 sich gegen den wiederkehrenden Vorwurf, dass er die "übersinnliche
951 3305 3863 3451 Welt“ ablehne, und fährt dann fort:”... Was ich ablebne, ist nur
909 3439 3779 3596 das läppische und unlautere Geschwätz über das Unfassbare, Un-
909 3615 3779 3745 endliche, Ueber- oder Ausser-Sinnliche. Doch bin ich keineswegs
898 3749 3795 3901 so töricht, das Bestehen einer solchen übersinnlichen Welt und
909 3905 3909 4058 ihr Hineinspielen, Eineinragen, Hineindrohen in unsere mensch-
898 4062 3749 4226 liche Existenz zu leugnen. Freilich, mit den Flüchtlingen des
909 4226 3882 4383 Gedankens, den Mystikern und Okkultisten, von den Spiritisten gar
906 4402 3661 4586 nicht zu reden, will ich nichts zu tun haben und bleibe, der
909 4559 3936 4696 Grenzen alles metaphysischen Erkennens wohl bewusst, auch weiter-
906 4704 3810 4876 hin in den Reichen der Realität und des relativ Erforschbaren
906 4830 3791 5013 redlich bemüht, die mir, gemessen an der Kürze unseres Erdenda-
