3560 3928
3207 159 3384 332 13.
626 201 3360 432 Schnitzler ist als Necellist kein Milienschilderer,
616 374 3266 526 und auch trotz all' der zart unancierten Spenen
602 526 3377 668 die er beschreibt ein Feind aller unnötigen Phrasen
602 606 3315 778 Er arbeitet ruhig und sachlich, aber mit plänzen¬
606 695 3197 865 der diktirn, und sicherer, ihre Wirkung im
609 855 3294 990 verfehlender Absicht auf die Spenen hin, in de¬
612 952 3284 1100 nen des Mystische ohne vorhergegangene Er¬
630 1062 3377 1218 klärung verständlich ist. Ich glaube kaum, daß
623 1169 3225 1374 einem zweiten Necellisten in dem Maße
626 1284 3173 1432 die Gabe verliehen ist, ohne eine Spur von
626 1412 3242 1567 Stimmungsmolerei, ohne jeden dichterischen
626 1526 3287 1713 Überschwang der Zustandsschilderung, so prä¬
630 1668 3374 1882 zisiert genaue Charaktere zu Stande zu bringen,
606 1768 3270 1951 daß ein Abirren des Verständnisses für die
612 1924 3332 2128 Gefühlsbeschaffenheit der handelnden Personen
644 2031 3266 2235 zur Unmöglichkeit wird. Und dabei wehlt
650 2156 3259 2336 Schnitzler keineswegs alltägliche Charaktüre
650 2311 3242 2467 vielmehr uns, die wir nicht seine Berbach¬
633 2391 3349 2647 tungspabe und nicht das kurze Rommieren¬
616 2581 3277 2775 des Empfundenen haben, scheinen sie nicht
630 2692 3270 2861 elltäglich. Schnitzler aber beweist, daß in
650 2816 3180 3003 jedem Menschen eine mystische Anlage
647 2941 3401 3124 verhanden ist, oder wenigstens eine unbewiß
612 3034 3121 3211 te Sencibilität dafür. Er beweist, daß
612 3180 3218 3374 Suggestion und Hypnose keineswegs ge¬
592 3280 3332 3488 heimnisvoller Séancen bedürfen, sondern daß
592 3460 3290 3626 sie unmerklich, aber desto wirksamer, wie
