4472 5608
1906 438 2080 580 —7—
821 580 3709 856 verbunden, sollte er, der in der „Liebelei“, nach seinem “Anatol“
813 797 3796 1018 und seinen Novellen diese Stadt und ihre Art für die ganze Welt
821 955 3749 1140 so wahr und wirklich gemacht, plötzlich als Fremder, als Minder-
821 1172 3800 1350 wertiger gelten. Es war wie ein schmerzhaftes Erwachen, ein zor-
852 1290 3773 1468 niges und qualvolles Sichbesinnen; damals begann er über sich
868 1432 3753 1622 nachzudenken, hinabzutasten zu den eigentlichen Quellen seines
821 1567 3781 1756 Wesens, und die Tiefe zu finden, die für ihn als Künstler
837 1732 3784 1922 so unendlich fruchtbar war. Neben seinem Drama "Professor Bern-
813 1898 3713 2095 hardi" ist dieser Roman "Der Weg ins Freie" Schnitzler grosse
821 2095 3761 2253 Auseinandersetzung mit sich selbst, mit seiner Welt und mit der
833 2226 3796 2399 ganzen Zeit. Das Fragmentarische, das Einzelne wird hier zum Ganzen
868 2415 3773 2545 zen gerundet. Alle die funkelnden Elemente seines Wesans sind
821 2518 3887 2695 darin, der Witz, der Stolz, die verwegene Ironie, die flarettblitzen-
821 2727 3721 2885 de Dialektik,aber auch der grosse weite Blick,die Ueberschau.
821 2790 3883 3054 Erst jetzt beginnt Schnitzler die Dinge,die Menschen, die Gescheh-
809 3011 3729 3196 nisse gleichsam nicht mehr vom gleichen Niveau zu betracht an,
817 3165 3848 3378 sondern von oben her aus einer geistig grossen Ueberschau. Immer
821 3354 3887 3512 weitere Horisonte umfasst er,in immer tiefere Dunkelheiten dringt
813 3465 3891 3654 er hinab. Von der Jahrhundertwende an wird Schnitzlers Welt merk-
833 3654 3938 3804 bar wichtiger, wesentlicher und im psychologischen Sinn noch wahrer
813 3808 1942 3994 als sie vordem gewesen.
1290 3954 3694 4132 Auch das zweite Erlebnis war ein persönliches: die
809 4100 3788 4274 August vor dem Abschiednehmen, die Angst vor den Altern. Schnitz-
817 4286 3682 4440 ler sind in seiner Jugend eher leichtlebig, gern zu Spass und
825 4428 3859 4629 Uebermut geneigt, melancholisch nur aus Koketterie, ist merkwürdig
860 4582 3725 4747 früh tragisch, ernst geworden. Ich erinnere mich, als ich ihn,
821 4720 3986 4921 der Jüngere, sah. Mit vierzig Jahren wirkte er schon wie ein Weiser,
817 4921 3777 5079 wie ein ganz in sich ruhender und nicht mehr zu erschutternder
