3512 3864
3084 106 3289 262 33.
661 173 3154 385 das charakteristischeste Merkmal seiner
626 343 3342 562 Kunst bleibt seine Verliebe für leidende See¬
580 463 3345 637 len, die er aber von ihren schönsten Neigungen
569 569 3359 782 bis zu ihren feigsten und eitelsten Entschlüssen
580 686 3119 866 zu verfolgen weiß. Und als Schlußstimmung
562 852 3363 1036 drängt sich uns die Überzeugung auf, von dem
566 941 3359 1146 ewigen Alleinsein der Seele, und den unüber¬
538 1068 3218 1231 schreitbaren Grenzen des Egoismus. des ist
541 1149 3381 1414 die thische Grundiden – und sie ist schmerzlich
877 1326 3186 1450 Aber was Schönheit ist, kann nur einer
637 1422 3303 1616 wissen, der weiß was Schmerz ist – das Teid
608 1559 3239 1733 und alle Lehren die wir ihm denken, machen
608 1676 3193 1832 erst den wahren und großen Künstler und
566 1782 1333 1966 Dichter aus.
782 1910 3176 2101 So sagt wenigstens Oskar Wilde - und
619 2047 3345 2249 mit diesen Warten lehrt er mich in Schnitzler
615 2207 3161 2415 einen wehren und großen dichter echten.
1913 2783 2942 3031 Erna Schödl
