4136 5304
625 560 3359 751 sind, so glaube ich das deutlicher auszudrucken wenn ich sage, dass der
625 747 3409 916 schon im "Anatol" durchscheinende Konflikt in Schnitzlers geele, namlich
618 869 3406 1060 der Streit zwischen Verstand und gefühl, dem ueber das gefuhl hinausge-
636 1013 3434 1218 wachsenen verstand und dem vom Verstand verlassenen gefühl, in allen sei-
625 1225 3309 1383 nen Werken die Grundstimmung abgibt ferner, dass das gefühl wohl immer
636 1365 3442 1530 recht behält, d.h. von Schnitzler und seinen Menschen als das Matürliche-
632 1498 3420 1678 re erkannt wird, aber erst - und das wird durch da wort erkennen schon
618 1660 3427 1836 angedeutet -wenn es zu spaet ist, nachdem die wenschen noch verstandes —
632 1803 3463 2005 massiger geworden sind. Dass Schnitzler an der Liebe leidet, am weib, das
632 1987 3517 2152 er ein Hypochonder der Liebe ist, dass er als Schmerz empfindet, was ande-
657 2134 3424 2281 re befreit, was ihnen zur Lust wird, ist wohl im tiefsten Grunde auch mit
636 2299 3388 2450 diesem Konflikt des Verstandes und des Gefühls zu vereinbaren. Wenn ich
629 2429 3449 2590 Gefühl und Weib identifizieren, dann darf ich denfolgende Stelle aus ei-
2637 2554 3158 2658 anwenden
632 2615 3470 2745 nem Gedicht Grillparzers mit Recht auf Schnitzler beziehen, umsomehr ab
636 2766 3434 2910 die Verwandtschaft der beiden oester sichischen Dichter in keinem andern
632 2910 3388 3054 Punkte so auffallend ist als in dem vonflikt zwischen verstand und Ge-
643 3068 3517 3266 fühl. Ich beziehe mich auf das gedicht "Jugendeerinnerung" im Gruenen (1324)
1013 3244 2720 3413 „ Sie wollte gern ihr tiefstes Wesen lassen,
1060 3370 2727 3553 Doch allzu fest geschlungen war der Kranz.
1060 3542 2612 3715 So standen beide, suchten sich zu einen,
1060 3672 2439 3866 Das andre aufzunehmen ganz in sich
1056 3801 2888 4042 Doch all umschst, trotz Kingen, Sturmen, Weinen
1096 4009 2702 4167 Sie blieb ein Weib und ich war immer ich.
625 4099 3449 4347 Das Gefühl meldet sich wohl immer bei Schnitzler, wird aber sogleich vom
