3512 3912
3170 104 3352 271 28.
560 207 3277 396 Jahren erstlosen Umherirrens den wiederge¬
536 343 3227 511 fundenen Sohn an sich fesseln, um nicht auch
543 439 3181 585 den leften Weg einsam machen zu müssen.
546 557 3263 735 doch der Sohn verläßt ihn wie einen Fremden,
532 707 3349 835 da er den, den er bisher als Vater kannte, gerade
564 835 3259 967 jetzt erst in seiner ganzen Selbstaufepferung
539 903 3217 1089 für die Familie, für Jettin, Sohn und Tochter
525 1042 3167 1207 schätzen lernt, dem enttäuschten Einsamen
532 1142 3156 1307 bleibt aber der traurige Terst, daß keinem,
543 1242 3217 1417 und ob er auch mit den innigsten Banden
543 1342 3331 1528 der Liebe und Freundschaft an andere sich an¬
525 1471 3299 1667 schloß, dieser lefte und einsame Weg erspart
564 1574 3117 1749 bleibt – auch dem Freiherrn von Sola nicht,
571 1699 3256 1853 mit ell seinem Souverainitetsehageiz nicht.
560 1810 3242 1985 der in den opalplänzenden Hufen zur Erben
546 1949 3292 2110 bakteischen Wunderstadt ein laßes, aufregendes
557 2053 1914 2224 Lebensziel erträumte.
578 2135 3342 2313 dieser Freiherr von Sala, in dem der bedonisti¬
543 2292 3252 2453 recht Edelmann von Rasse mit seiner ganzen
543 2395 3309 2553 Sehnsucht nach gesteigertem Lebensgemuß eym¬
564 2542 3202 2678 bolisiert erscheint, „ist von einem wissenden
553 2631 3213 2827 dichter gezeichnet,“ wie Felix Poppenberg sagt.
571 2802 3388 2931 Nur das viele Aphorismieren in den prüblerischen
543 2924 3381 3074 dielegen ist vielleicht Schuld deren, wenn „der ein¬
536 3013 3374 3177 seine Weg" nicht den vollen Bühnenerfolg errang,
521 3102 3342 3295 der von diesem Schauspiel zu erwarten war – wenn
539 3213 3234 3381 auch diese Aphorismen so schön als wehr sind,
521 3356 3331 3531 aber mehr zum verlieften Studium beim Selbst¬
525 3484 3399 3649 lesen geeignet, als dazu den Inhalt von dielegen
528 3574 2106 3745 auf der Bühne zu bilden.
