4216 5336
653 545 3379 768 In der dritten Auflage des Stückes verschwindet Gilbert schon vor dem
653 716 3471 901 Schluss.Clemens nimmt den Roman Margarethens zur Hand und will ihn le-
664 875 3538 1042 sen. Sie nimmt ihm das Buch aus der Hand, wirft es ins Feuer und das Stuck
660 1024 3475 1191 schliesst mit dem Ausruf Margarethenar "Clemens, wirst du mir jetzt glau-
671 1176 3412 1350 ben, dass ich dich liebe? In den gesammelten Werken weist der Schluss?
671 1361 3486 1509 insofern eine Änderung auf, als silbert, der auf der Buehne verbleibt, das
660 1513 3442 1654 letzte Wort spricht. Nach dem Ausruf Margarethens: "Glaubst du jetzt dass
679 1647 3412 1814 ich dich liebe", spricht Gilbert (sehr vergnuegt): „Es scheint, ich bin
664 1788 3394 1943 hier vollkommen meberflussig..Gnaedige Frau, Herr Baron - (fuer sich)
660 1947 3208 2151 Dass mir der Schluss entgehen musste.“ hierauf fällt der Vorhang.
697 2110 3431 2259 Man gewinnt den Eindruck, als ob der erste Schluss dem Autor zu herkomm-
660 2259 3386 2433 lich erschienen wäre, weil er ganz aus der Handlung entstand.Er musste
671 2455 3505 2592 die Illusion stoeren und sich mit romantischer Ironie neber sein eigenes
679 2578 1491 2767 Stück lustig machen.
671 2693 3394 2871 Im "Einsamen Weg" erscheint alles Notwendige als zufälliges, wo Hinweise
679 2926 3657 3086 auf die Idee vorkommen stehen sie in einrter Beziehung zu Vorausgegangenen
1610 3019 1773 3115 auf
679 3045 3386 3193 nem und leiten ohne Bruch die nachfolgende Handlung ueber. Im uebrigen
682 3167 3423 3338 verweise ich auf das neber das Stück in den andern Kapiteln Gesagte.
668 3293 3457 3508 Im „Zwischenspiel“ tritt in den Gesprächen z wischen Amadeus und Albertus
671 3486 3497 3664 die Manier Schnitzlers, ein Theater ins Theater zu stellen, stark hervor.
671 3623 3360 3813 Allerdings,Amadeus und Albertus sind schaffende Künstler,Amadous ein
679 3772 3397 3961 Musiker und Albertus ein Dichter, und dass der letztere den von seinem
679 3924 3523 4098 Freund durchlebten Konflikt zu einem Stück verwerten (sollte) und sich nun
690 4135 3527 4276 ueber den dargebotenen Stoff mit seinem Freunde auseinandersetzen sollte,
690 4247 3475 4454 erscheint nicht unnatürlich. Im zweiten Akt tritt zu dem reflektierenden
2630 5096 2785 5192 FJ
