4456 5640
1904 400 2081 531 -1-
523 254 692 535 1
1519 577 2600 762 Dichter und Philosoph.
1500 731 2619 919 .................................Wörter............................
2492 727 3789 977 von Raoul Anernheimer
1358 1046 3904 1227 Dichter und Philosoph waren nie besonders gut auf ein-
915 1192 3939 1400 ander zu sprechen und sind es in diesen letzten Nachkriegsjahren,
896 1354 3989 1577 in denen die Kunst mit der Philosophie gebrochen zu haben scheint,
904 1550 3739 1689 weniger denn je. "Weil er nichts zu sagen hat,erzählt er uns
900 1650 3865 1865 eine Geschichte“, denkt der Philosoph, wenn er ein Buch des Dich-
904 1850 3915 2027 ters aufblättert, und: "Weil er nichts zu sagen hat, philosophiert
912 2004 3700 2208 er“, tröstet sich der Poet. Dennoch sind sie beide desselben
915 2146 3854 2373 Geistes, nämlich des Geistes. Kind, und als solche brüderlich
908 2327 3931 2535 auf einander angewiesen. Was bleibt von Plato,wenn man den Dich-
442 2315 627 2615 et
915 2477 3789 2642 ter vom Denker abzieht,was von Euripides, wenn man seinen Vers
912 2635 3785 2800 entallgemeinert? Molière hat bei Gassendi räsonnieren gelernt
912 2781 3885 2954 und Schiller bei Kant postulieren. Ein Dichter wie Flaubert ist
896 2908 3912 3096 nur im neunzehnten Jahrhundert möglich. Und warum? Weil der Pes-
912 3073 3800 3289 simismus seiner Prosa, ebenso wie die Musik Richard Wagners die
912 3242 3881 3415 Philosophie Schopenhauers voraussetzt,ohne den beide underkbar,
935 3423 3765 3585 das heisst unmöglich wären. Auch Schnitzler, der wie Flaubert
973 3562 3939 3739 zu Füssen seines Schreibtisches sterbend zusammensank; Schnitz-
919 3715 3973 3892 ler, dessen letzter Roman Therese von einem österreichischen Flau-
923 3862 3900 4042 bert sein könnte, war gleichfalls durchaus pessimistisches neun-
938 3996 3808 4215 zehntes Jahrhundert. Freilich, er ahnte bereits das zwanzigste
969 4212 3762 4331 und sah mit seinem unbestechlichen Geistesauge tief hinein.
923 4296 3777 4508 Aber wie ahnte, wie sah er es? Berühmt geworden ist sein Aus-
946 4508 3804 4681 spruch aus der Vorkriegszeit über die heraufrückende Jugend:
965 4608 3827 4854 "weniger Geist und mehr Haltung“. Als sie dann aber plötzlich
