3544 3928
3144 131 3325 277 17
564 238 3272 454 gerne im Sande allzu realistischer, alltäglicher
564 369 3357 603 Spenen verleufen, wie dies z. B. in "Bertha Garlau
510 500 3183 723 der Toll ist. Es ist dies aber trotzdem die sehr
528 674 3201 861 zarte Schilderung einer leidenden Trauenseele,
532 769 3315 968 und besonders die letzten Seiten klingen wunder:
546 939 1468 1113 sein schön aus.
649 1035 3315 1227 Ganz anders und viel ernster ist seine xx
567 1173 3315 1347 „des Sterben". Trotz all’ der erschütternden Tra¬
592 1354 3382 1489 pik, mit der Schnitzler in diesem aussichtslosen
592 1450 3396 1609 Kampf gegen Tod die Seelenquälen eines Kranken
564 1528 3279 1741 schildert, der die Frist kommt, die ihm nur mehr
588 1652 3350 1889 gegönnt ist, ist es doch das Schönste, was je über
574 1797 3265 1996 des Leben und die Lebensbejahung geschrieben.
557 1918 3385 2134 wurde - es könnte ebensegut „des Leben“ heißen.
546 2060 3364 2304 denn erst der, der den nahen Tod vor Augen hat,
553 2170 2559 2375 lehrt uns ja das Leben zu lieben.
649 2347 3393 2513 Aus dem ersten drittel des Buches, da der Kem¬
560 2457 3382 2641 ke, der weiß, daß er nur noch ein Jahr zu leben,
549 2574 3219 2751 hat, noch ruhig und gefaßt, weil in seinem
557 2751 3318 2914 Innern eigentlich nach ungläubig ist, leichtet
564 2893 3226 3038 eine garte Bewunderung für die Schönheit der
546 3003 3389 3159 Natur und des Lebens uns entgegen. der Gedenke
557 3137 3385 3297 wie er ein Ufer des See's stehend und die frem¬
564 3265 3318 3446 ung längten, blumenbefärten  Auer seinen Ufer
588 3407 3371 3595 betrachtend, sich seines Verzichtes auf diese Schön¬
606 3488 3166 3722 heit frauen lernt, weil er das Gefühl hat,
