4504 5608
2955 459 3170 689 Mikkelin
1861 444 2083 705 -10-
794 775 3917 1005 Die Angst vor dem Schicksal hat ihn tiefgründig und weitblickend,
794 973 3232 1180 das erfüllte Schicksal ganz weise und reif gemacht.
1230 1234 3831 1468 Symbole: Wenn man an Schnitzlers Bücher denkt,erinnert
790 1421 3757 1647 man sich nicht zuerst der Figuren, nicht auch der einzelnen Ge-
798 1573 3890 1795 stalten,sondern an eine Atmosphäre. Schnitzler hat nicht so sehr
822 1709 3847 1912 Gestalten geschaffen als Seelen. Die innere Welt seiner Menschen
814 1888 3789 2083 ist einprägsamer als ihr äusserer Habitus. Ihre psychischen Er-
837 2060 3789 2262 schütterungen bleiben deutlicher dem Gedächtnis bewahrt als die
814 2169 3800 2402 äusseren faktischen Geschehnisse. Das kommt daher, weil der rei-
822 2352 3633 2562 fere, der skeptisch gewordene Schnitzler das Wirkliche nicht
825 2511 3699 2753 mehr ganz wirklich nahm, sondern immer hinter allem die Mächte
884 2652 3680 2850 spürte, die unfassbaren. Er hatte die Gefühle, die Gesten, die
884 2850 3769 3053 Worte, alle die sinnlich wahrnehmbaren Zeichen der psychischen
888 3002 3816 3177 Vorgänge so genau analysisiert,dass er wusste, keines ist restlos
849 3123 3765 3380 wahr und wie hinter jedem Blatt einer Blume ein anderes Blatt,
849 3329 3734 3497 so liegt noch hinter jeder Wahrhaftigkeit eines Menschen eine
884 3450 3793 3687 andere Wahrhaftigkeit, so dass einer immer den andern und sich
853 3625 3796 3796 betrügt, ohne es zu wissen und zu mollen. Als Mensch glaubte er
884 3793 3699 3995 nicht an die Sichtbarmachung des Letzten in einem Menschen,
896 3925 4026 4159 als Künstler suchte er gerade das möglich zu machen, was er für un-
814 4104 3804 4310 möglich hielt. Irgendwie galt ihm diese Welt als Scheinwelt, als
864 4248 3937 4431 ein ganz merkwürdiges licht und dunkel durchflochtenes Gespinnst,
864 4431 3789 4595 das man nicht ganz auflösen konnte, ein sonderbarer Knäuel, den
868 4591 3757 4750 man - wozu? - hinrellte und herrollte und dabei glaubt er in
919 4743 3668 4926 diesem sinnlosen Spiel glücklich zu sein. Nie hatte er, nie
892 4770 3890 5074 eine seiner Gestalten den rechten Mut zum vollen und freien Ja
