4440 5608
929 325 1200 578 : —: —
2382 351 3152 600 '  ̃
1793 464 1952 642 -2-
887 781 3741 1008 wird ihn bitten: Heirate sie. Aber statt dessen heiratet sie
887 989 1533 1193 einen Andern.
1351 1053 3420 1284 Der Bruder ist ein Zirkusreiter, sehr schön.
1351 1246 3779 1476 Beginn: Der Onkel des jungen Mannes, Junggeselle,er-
891 1419 1367 1608 zählt es.
1370 1502 3681 1812 Die Eltern selbst kommen nicht, aber die Schwester
902 1755 1219 1921 kommt.
1393 1850 3673 2057 Oder: I, Akt: Er und sie, die Eltern gestatten es
914 2035 2242 2242 nicht, sie gehen in den Tod.
1680 2352 3907 2556 Ein Matt aus späterer Zeit weist schon deut-
921 2492 2752 2722 lichere Züge des späteren Stücks auf:
955 2692 2318 2839 "I.Akt. Familie des Mädchens.
940 2835 2197 2990 Das Mädchen, eine Freundin,
940 2911 3775 3148 Das Mädchen: Heute spricht er mit seinen Eltern. Wenn nicht,
1555 3145 2390 3288 sterben wir eben.
932 3262 2435 3458 Die Fraundin: Ja, das ist schön.
940 3401 3839 3605 Der Bruder,Kadett,geht heute weg; er ist zum Leutnant ernannt
944 3590 2420 3756 worden. “Schwester, bleib brav”.
948 3752 2310 3949 Die Mutter, stille, gute Frau.
940 3873 3945 4096 Ein alter Freund des Hauses. Alter Wiener, früher Schauspieler?
959 4107 2997 4239 Er bringt vielleicht die Stimmung ins Haus.
959 4205 3986 4413 Ueber die Familie des Geliebten. Ein junger Mediziner? Student
959 4379 1525 4549 jedenfalls.
959 4402 3986 4726 Der Geliebte kommt, scheinbar heiter.-Mutter, Freund des Hauses,
955 4707 1635 4889 die Fraundin
959 4847 2741 5017 Dann Gespräch Mädchen und Geliebter,
963 4998 3673 5232 Bist du bereit? Wir müssen sterben. Es geht nicht anders.
