4488 5576
1900 402 2131 622 -12-
815 580 3743 868 Menschen hat Schnitzler gestaltet, unverkennbar jeder Binzelne
823 781 3876 1054 trotz ihrer Verschiedenheit, alle Brüder und Schwestern,in seinen
827 971 3774 1153 Novellen tief menschlich und liebenswert, gerade weil sie sich
846 1183 2105 1388 selbst nicht genug lieben,
1384 1422 3789 1646 Abschied: Er hat es geliebt Menschen zu erfinden,
887 1547 3751 1832 scheinbar ihm unähnlich und ihm doch im Herzton verwandt. Er
846 1767 3865 1934 hat es geliebt ihnen Schicksale zu erfinden,die er selbst fürch-
853 1877 3785 2116 tete (und dann wirklich erfuhr). Er hat ihnen das Beste mitge-
857 2037 3781 2276 geben,was er in seiner Seele hatte: die unbeugsame Ehrlichkeit
868 2230 3861 2427 gegen sich selbst, die a Nachsicht zu den Andern, das grosse, gegen
868 2367 3815 2568 seitige Begreifen. Jung oder alt, Frauen oder Männer,alle haben
899 2533 3842 2723 sie das merkwürdig Verhangene und manchmal scharf aufblitzende
865 2712 3713 2901 Licht,das in seinen eigenen blauen wissenden Augen war. Alle
857 2844 3667 3030 haben sie seine eigene unruhige, gle ichzeitig neugierige und
880 3026 3838 3212 skeptische Seele und in jedem von ihnen und scheinbar im Frem-
868 3220 3755 3356 desten, ist seines Wesens ein Teil. So ist er nicht ganz fort,
891 3349 3785 3531 indem er uns verloren ist : und alle jene, die nicht das Glück
880 3470 3884 3705 hatten ihn zu kennen, werden sich noch in Zeiten und Zeiten sein
868 3626 3796 3865 Wesen wieder aus den Menschen zusammenfügen, in denen er seine
887 3792 3220 4050 wunderbare Einheit verteidigt und vereinzelt hat.
