4520 5688
1894 414 2161 617 -3-
832 663 3663 855 Wir werden in den Prater gehen. Wie schön wird es sein. Ich
832 885 1728 1069 habe Gift bei mir.
1261 998 2752 1212 II. Akt. Am Sarge des Mädchens.
851 1171 3878 1374 Der junge Offizier. Gespräch mit einem Freund: Ich räche mich.
855 1333 3806 1498 Ich verführe die Schwester dieses jungen Mannes und lasse sie
858 1521 1224 1717 sitzen.
866 1634 3735 1894 Die reichen Eltern kommen. Komödie. Ja, wie hat man das ahnen
858 1856 1235 1984 können!
1295 1962 2233 2139 III.Akt. Im Garten.
1186 2090 2402 2312 Der Offizier, das Mädchen.
870 2270 3498 2500 Sie sollte mich kniefällig bitten, dass ich sie heirate.
881 2451 3166 2598 (Villa in der Brühl. Er steigt aus dem Fenster.)
881 2587 3799 2809 Es kommt nichts anderes heraus, als dass sie rasch verheiratet
892 2786 1171 2952 wird.
881 2914 2425 3121 Sie: Du bleibst mein Liebhaber.
877 3046 3682 3219 Eventuell fortzusetzen, wie er im Ekel vor sich selbst sich
881 3276 2549 3441 tötet, eventuell vor der Hochzeit.
1367 3468 3761 3656 Nun folgt ein Entwurf, in dem der Stoff zum ersten
881 3648 3788 3806 Mal mit der Napoleonischen Epoche in Verbindung gebracht ist.
900 3788 3889 3976 Der Name Medardus taucht zum ersten Male auf. (Die Namen ande-
900 3946 3757 4104 rer Personen haben bis zu der endgültigen Fassung des Dramas
892 4172 3795 4296 noch mancherlei Wandlungen durchzumachen: Helene heisst zu-
892 4303 3904 4439 erst Isabella, dann Julie, xxxhöerzog von Valois ist ein Herzog
2267 4405 2530 4492 XXXX
911 4473 3761 4605 von Barry, die Familie Klär trägt den später auf zwei
900 4563 3780 4782 episodische Figuren übergegangenen Namen Berger, der Sattler-
892 4718 2869 4962 meister Eschenbacher ist ein Herr Thoman)
