4456 5592
2038 215 2205 363 10
396 382 4158 616 mannscher Prägung als Kunst der „ edeln Einfalt und stillen Grösse“ begeg-
387 501 4148 702 nen. Ganz im Gegensatz zu den historischen Dramen liegt nach Oskar Walzels
415 592 3905 778 Formulierung der künstlerische Reiz von Schnitzlers Gegenwartsstücken
411 625 4115 850 in der geringen Spannweite der Gegensätze, aus denen die Tragik erwächst.
406 749 4010 921 Das ist Dämpfung. Es gibt keine Geschehnisse von elementarer Wucht; die
411 826 4072 1007 Menschen spielen und tändeln durch das Leben, das ihnen keine Sorgen be-
420 864 4125 1088 schert. Im tiefsten Grunde sind sie einsam; „keiner kennt den andern, je-
420 979 3934 1160 der ist allein,“ wie Hermann Hesse einmal sagt, Leichter, feiner Spott
420 1045 4210 1232 webt um diese Gestalten; und oftmals geistern auch die Schatten der Schwer-
740 1189 4029 1389 Im „Einsamen Weg“ wirkt Schnitzler skeptisch, überfeinert, bleich-
401 1208 1270 1356 mut über sie hin
430 1294 4024 1480 süchtig. Alfred Kerr hält dieses Schauspiel, das sich durch 5 Akte hin-
936 1356 3977 1561 den Herbst einer Jugend und den Herbst aines Geniessers, der
430 1442 4024 1633 traurigfür ist, für einen Aschermittwoch nach einem holden, melancholi-
430 1461 802 1556 zieht,
430 1513 3938 1695 schen Karneval." Echt impressionistisch kapseln sich die Personen des
444 1590 3929 1771 Dramas ab, aus Wiederwillen, mit den Menschen zusammenzukommen. Daher
430 1647 4096 1852 herrscht im Verkehr ein Vermeiden eines auf persöhnliche Angelegenheiten
444 1742 4034 1933 sich beziehenden Gesprächs. Man sucht die andern über sich zu täuschen,
439 1790 4153 2000 deutet immer nur an. Die Maske wird (nach Richard Hamann,, Der Jmpressio-
444 1895 4105 2096 nismus in Leben und Kunet") das Symbol dieses modernen Lebens.“ Man will
444 1986 4110 2158 sich in keiner Weise binden, beschliesst nichts, bleibt passiv und über-
434 2048 4153 2244 lässt alles einer augenblicklichen Laune. So sagt schon Schnitzlers mAna-
444 2129 4105 2310 tol" ; Vielleicht werde ich abreisen, - ja gut - aber ich muss mich dabei
449 2191 4249 2396 überraschen - es darf kein Vorsatz dabei sein - der Vorsaz verdirbt alles!
449 2315 4153 2463 Wir wissen der gedämpfte deutsche Ton Stil will Leben nicht übersteigern,
449 2373 4062 2544 nicht in eine fühlbare Form drängen. Alles ist Entwicklung, noch nichts
449 2458 4058 2616 ist ausgereift, wenn es auch geboren ist. Dieses Streben nach Reife des
458 2487 4239 2707 Charakters und der Persöhnichkeit, sei es nun mit Erfolg gekrönt oder nich-
463 2611 4177 2783 vollzieht sich bei den Menschen im „Einsamen Weg“ ohne jede Beeinflussung
458 2692 3981 2859 von anderer Seite (die Beziehungen zu den Menschen „Einsamen Menschen
458 2740 4167 2941 Gerhart Hauptmanns liegen nicht nur in der Ähnlichkeit des Titels'. Ein-
468 2836 4024 3012 sam ist man, einsam die Sterbende, deren Sohn nicht das Kind ihrer Ehe
468 2912 4062 3084 ist, einsam der Mann, den die Frau hinterging und die Tochter verlässt.
463 2993 4239 3165 Einsam die Tochter, die in den Tod geht; Einsam der Mann, um dessentwillen
468 3074 4230 3237 die Tochter stirbt. Einsam der Künstler, der den Weg zum Herzen des Sohnes
468 3146 4225 3318 nicht findet. Endlich, wie Albert Soergel meint, "einsam alle, die über die
468 3227 4225 3423 Höhe des Lebens sind.“ Etwas wie ein feiner, grauer Dunstfür scheint über
468 3303 4273 3471 den Seelen dieser Menschen zu liegen, die von höchstem Misstrauen gegen je-
482 3380 4301 3552 des pathetische Wort erfüllt sind. Da ist eine familie, in der die Frau den
463 3466 4258 3619 Mann mit einem Künstler betrügt, der sie wieder verlässt, und der nach dem
473 3542 4206 3714 Tode der Mitschuldigen vergeblich um die Frucht der sündigen Liebe, einen
473 3595 4292 3790 Sohn, ringt; eine Familie, in der die Tochter den Vater verlässt und in den
473 3700 4258 3881 Tod geht - keines findet das andere, jeder geht allein den dunklen Weg ins
482 3790 4206 3962 Nichts. Sogar der Augenblick, der für den Eindrucksmenschen doch das ein-
492 3852 4273 4024 zig wahre sein sollte, iste einsam: Gegenwart - was heisst das eigentlich)
496 3934 4268 4105 Stehen wir denn mit dem Augenblick Brust an Brust, wie mit einem Freund, die
492 4019 4239 4177 wir umarmen, - oder mit einem Feind, der uns bedrängt? Ist das Wort, das
492 4091 4292 4263 eben verklang, nicht schon Erinnerung? Der Ton? mit dem eine Melodie begann
473 4177 4258 4330 nicht Erinnerung, ehe das Lied geendet?“ Trostlose Hoffnungslosigkeit fin-
482 4253 4163 4411 det den einzigen Weg aus der Einsamkeit nicht, den Weg zu Gott - das ist
492 4311 4296 4502 die grosse Schuld solcher Dichtungen, dass sie so tun, als ob es nicht ein-
487 4425 4311 4568 mal die Möglichkeit dieses Weges gäbe. Wie „Leutnant Gustl“ in der Monolog-
492 4511 4282 4650 novelle gleichen Namens sich auf der Folterbank bestimmter naher Todesaus-
511 4573 4282 4721 sicht windet, so hier Stephan von Sala, der ohne jede Erregung der letzten
511 4650 4311 4807 Stunde entgegensieht. Er kennt seinen Zustand, wünscht aber nicht, dass der
496 4731 4282 4888 Arzt ihm die Todesstunde vorenthalte, da er sich vorher noch ganz ausleben
482 4802 4325 4979 möchte. Ihn liebt Johanna Wegrat, die Tochter seines Freundes, des Akademie
506 4893 4172 5089 professors Hegrat, aber einzig darum, weil er dem Tode verschrieben ist.
