<?xml version="1.0" encoding="UTF-8" standalone="yes"?>
<PcGts xmlns="http://schema.primaresearch.org/PAGE/gts/pagecontent/2013-07-15" xmlns:xsi="http://www.w3.org/2001/XMLSchema-instance" xsi:schemaLocation="http://schema.primaresearch.org/PAGE/gts/pagecontent/2013-07-15 http://schema.primaresearch.org/PAGE/gts/pagecontent/2013-07-15/pagecontent.xsd">
    <Metadata>
        <Creator>prov=READ-COOP:name=TrHtr:version=2.1.0:model_id=51170:date=15_08_2023_13:51</Creator>
        <Created>2023-05-10T15:29:28.896+02:00</Created>
        <LastChange>2023-08-15T13:51:18.184+02:00</LastChange>
        <TranskribusMetadata docId="1429071" pageId="55436617" pageNr="159" tsid="132859243" status="IN_PROGRESS" userId="64420" imgUrl="https://files.transkribus.eu/Get?id=DSVJOFUGVPKZYJGKZYOEIACY&amp;fileType=view" xmlUrl="https://files.transkribus.eu/Get?id=JDXPWMBBIJEHRBTXCBPLCMPA" imageId="44710606"/>
    </Metadata>
    <Page imageFilename="1429071_0159.jpg" imageWidth="4216" imageHeight="5352">
        <ReadingOrder>
            <OrderedGroup id="ro_1711798260692" caption="Regions reading order">
                <RegionRefIndexed index="0" regionRef="tr_2"/>
                <RegionRefIndexed index="1" regionRef="tr_1"/>
            </OrderedGroup>
        </ReadingOrder>
        <TextRegion id="tr_2" custom="readingOrder {index:0;}">
            <Coords points="633,666 3458,666 3458,2154 633,2154"/>
            <TextLine id="tr_2_tl_1" custom="readingOrder {index:0;}">
                <Coords points="1469,793 1632,765 1682,793 1903,733 2024,761 2248,754 2251,654 1988,661 1817,587 1657,626 1472,597"/>
                <Baseline points="1487,734 1541,734 1630,728 1720,728 1809,722 1899,722 1989,716 2078,716 2168,716 2257,722"/>
                <TextEquiv>
                    <Unicode>Schlussbetrachtung.</Unicode>
                </TextEquiv>
            </TextLine>
            <TextLine id="tr_2_tl_2" custom="readingOrder {index:1;}">
                <Coords points="612,1006 964,918 3442,932 3450,718 615,829"/>
                <Baseline points="633,919 674,919 764,913 854,913 943,907 1033,907 1122,901 1212,901 1302,895 1391,895 1481,890 1570,890 1660,890 1750,884 1839,878 1929,872 2018,872 2108,866 2198,866 2287,860 2377,854 2466,854 2556,848 2646,848 2735,848 2825,842 2914,842 3004,836 3094,842 3183,842 3273,824 3362,830 3456,832"/>
                <TextEquiv>
                    <Unicode>Die vorliegende Arbeit ist, wie ich bereits erwahnt habe, keine schrieben als</Unicode>
                </TextEquiv>
            </TextLine>
            <TextLine id="tr_2_tl_3" custom="readingOrder {index:2;}">
                <Coords points="633,1106 3204,1070 3442,1053 3446,925 637,999"/>
                <Baseline points="651,1075 674,1069 764,1069 854,1069 943,1063 1033,1057 1122,1057 1212,1057 1302,1045 1391,1045 1481,1039 1570,1039 1660,1039 1750,1033 1839,1033 1929,1027 2018,1027 2108,1021 2198,1021 2287,1015 2377,1009 2466,1009 2556,1009 2646,1003 2735,997 2825,997 2914,991 3004,985 3094,985 3183,979 3273,979 3362,973 3452,973"/>
                <TextEquiv>
                    <Unicode>eine abschliessende und deshalb auch nicht als abgeschlosene zu betrach-</Unicode>
                </TextEquiv>
            </TextLine>
            <TextLine id="tr_2_tl_4" custom="readingOrder {index:3;}">
                <Coords points="644,1252 3307,1216 3421,1074 647,1163"/>
                <Baseline points="663,1224 740,1224 830,1224 919,1224 1009,1218 1099,1212 1188,1206 1278,1200 1367,1200 1457,1200 1547,1194 1636,1194 1726,1188 1815,1182 1905,1182 1995,1176 2084,1176 2174,1170 2263,1170 2353,1164 2443,1164 2532,1158 2622,1158 2711,1152 2801,1152 2891,1146 2980,1146 3070,1140 3159,1134 3249,1134 3339,1134 3428,1146"/>
                <TextEquiv>
                    <Unicode>ten. Aus dem soweit gesammelten material laest sich zunächst erkennen,</Unicode>
                </TextEquiv>
            </TextLine>
            <TextLine id="tr_2_tl_5" custom="readingOrder {index:4;}">
                <Coords points="651,1422 3304,1351 3400,1234 3044,1174 2884,1255 654,1309"/>
                <Baseline points="669,1373 716,1379 806,1379 895,1373 985,1367 1075,1367 1164,1367 1254,1361 1343,1355 1433,1355 1523,1349 1612,1349 1702,1343 1791,1343 1881,1338 1971,1332 2060,1332 2150,1326 2239,1326 2329,1320 2419,1320 2508,1314 2598,1314 2687,1308 2777,1308 2867,1302 2956,1296 3046,1296 3135,1290 3225,1284 3315,1284 3404,1290"/>
                <TextEquiv>
                    <Unicode>dass Schnitzlers Technik sich auf einer stetig in die Hoehe führenden</Unicode>
                </TextEquiv>
            </TextLine>
            <TextLine id="tr_2_tl_6" custom="readingOrder {index:5;}">
                <Coords points="637,1536 3346,1522 3382,1362 640,1462"/>
                <Baseline points="657,1535 704,1535 794,1529 884,1529 973,1523 1063,1523 1152,1517 1242,1511 1332,1511 1421,1505 1511,1505 1600,1505 1690,1499 1780,1493 1869,1493 1959,1487 2048,1487 2138,1481 2228,1475 2317,1475 2407,1475 2496,1469 2586,1463 2676,1463 2765,1457 2855,1457 2944,1451 3034,1445 3123,1445 3213,1439 3303,1439 3392,1433"/>
                <TextEquiv>
                    <Unicode>Linie entwickelt hat, dass selbst noch das letzte der in die Sammelaus-</Unicode>
                </TextEquiv>
            </TextLine>
            <TextLine id="tr_2_tl_7" custom="readingOrder {index:6;}">
                <Coords points="665,1743 2361,1650 2891,1711 3386,1632 3389,1536 2112,1583 2009,1504 1839,1593 669,1629"/>
                <Baseline points="686,1690 710,1684 800,1684 890,1678 979,1678 1069,1678 1158,1672 1248,1666 1338,1666 1427,1660 1517,1654 1606,1654 1696,1654 1785,1648 1875,1648 1965,1642 2054,1636 2144,1636 2233,1630 2323,1630 2413,1630 2502,1624 2592,1618 2681,1618 2771,1612 2861,1606 2950,1606 3040,1600 3129,1600 3219,1600 3309,1594 3398,1594"/>
                <TextEquiv>
                    <Unicode>gabe aufgenommenen Werke einen Tortschritt gegen das zweitletzte der</Unicode>
                </TextEquiv>
            </TextLine>
            <TextLine id="tr_2_tl_8" custom="readingOrder {index:7;}">
                <Coords points="647,1853 3279,1835 3282,1693 651,1785"/>
                <Baseline points="669,1839 692,1839 782,1839 872,1839 961,1833 1051,1827 1140,1827 1230,1821 1320,1821 1409,1821 1499,1815 1588,1809 1678,1809 1768,1803 1857,1803 1947,1797 2036,1797 2126,1791 2216,1785 2305,1785 2395,1785 2484,1780 2574,1780 2664,1774 2753,1768 2843,1762 2932,1762 3022,1756 3112,1756 3201,1750 3291,1750"/>
                <TextEquiv>
                    <Unicode>Werke bedeutet. Es stimmt was Lothar mit den folgenden Worten ueber</Unicode>
                </TextEquiv>
            </TextLine>
            <TextLine id="tr_2_tl_9" custom="readingOrder {index:8;}">
                <Coords points="647,2016 939,2059 1490,1977 1739,2006 2002,1970 2006,1874 651,1917"/>
                <Baseline points="669,1995 758,1995 848,1995 937,1989 1027,1983 1116,1983 1206,1977 1296,1977 1385,1977 1475,1971 1564,1965 1654,1965 1744,1959 1833,1959 1923,1953 2012,1953"/>
                <TextEquiv>
                    <Unicode>Schnitzlers Wachsen zu sagen hat:</Unicode>
                </TextEquiv>
            </TextLine>
            <TextLine id="tr_2_tl_10" custom="readingOrder {index:9;}">
                <Coords points="683,2155 3069,2155 3450,2098 3453,1963 686,2041"/>
                <Baseline points="704,2144 770,2144 860,2144 949,2144 1039,2138 1128,2132 1218,2132 1308,2132 1397,2126 1487,2120 1576,2120 1666,2114 1756,2114 1845,2108 1935,2108 2024,2108 2114,2102 2204,2096 2293,2096 2383,2090 2472,2090 2562,2084 2652,2084 2741,2078 2831,2078 2920,2078 3010,2072 3100,2066 3189,2066 3279,2060 3368,2060 3458,2060"/>
                <TextEquiv>
                    <Unicode>"Schnitzler hat, seitdem er schafft, unaufhorlich an seinem Talent gear-</Unicode>
                </TextEquiv>
            </TextLine>
        </TextRegion>
        <TextRegion id="tr_1" custom="readingOrder {index:1;}">
            <Coords points="692,2154 3571,2154 3571,4245 692,4245"/>
            <TextLine id="tr_1_tl_1" custom="readingOrder {index:0;}">
                <Coords points="672,2315 3418,2290 3496,2141 676,2240"/>
                <Baseline points="692,2299 722,2299 812,2299 901,2299 991,2293 1081,2293 1170,2287 1260,2287 1349,2281 1439,2275 1529,2275 1618,2269 1708,2269 1797,2269 1887,2263 1977,2263 2066,2257 2156,2251 2245,2251 2335,2245 2425,2239 2514,2239 2604,2239 2693,2233 2783,2233 2873,2228 2962,2228 3052,2222 3141,2216 3231,2216 3321,2216 3410,2216 3500,2204"/>
                <TextEquiv>
                    <Unicode>beitet.Sein Stoffgebiet aber, seine Weltanschauung,seine vorliebe fuer ge-</Unicode>
                </TextEquiv>
            </TextLine>
            <TextLine id="tr_1_tl_2" custom="readingOrder {index:1;}">
                <Coords points="669,2496 2952,2472 3418,2415 3531,2283 676,2372"/>
                <Baseline points="692,2454 758,2454 848,2454 937,2449 1027,2443 1116,2443 1206,2443 1296,2437 1385,2437 1475,2431 1564,2425 1654,2425 1744,2425 1833,2419 1923,2419 2012,2413 2102,2407 2192,2407 2281,2407 2371,2401 2460,2395 2550,2395 2640,2395 2729,2389 2819,2383 2908,2383 2998,2377 3088,2377 3177,2371 3267,2371 3356,2371 3446,2365 3536,2359"/>
                <TextEquiv>
                    <Unicode>wisse Menschen und Thesen, seine Antipathien und Sympathien sind die glei-</Unicode>
                </TextEquiv>
            </TextLine>
            <TextLine id="tr_1_tl_3" custom="readingOrder {index:2;}">
                <Coords points="676,2664 2713,2632 3435,2557 3439,2457 683,2514"/>
                <Baseline points="698,2604 752,2610 842,2610 931,2604 1021,2598 1111,2598 1200,2592 1290,2592 1379,2586 1469,2586 1559,2580 1648,2580 1738,2574 1827,2568 1917,2568 2007,2562 2096,2562 2186,2562 2275,2556 2365,2550 2454,2550 2544,2544 2634,2544 2723,2544 2813,2538 2902,2538 2992,2532 3082,2526 3171,2526 3261,2520 3350,2520 3440,2520"/>
                <TextEquiv>
                    <Unicode>chen gebleiben. Er hat seine Kunst nicht erwittert, wohl aber hat er sie</Unicode>
                </TextEquiv>
            </TextLine>
            <TextLine id="tr_1_tl_4" custom="readingOrder {index:3;}">
                <Coords points="683,2820 2849,2777 3457,2731 3460,2617 686,2699"/>
                <Baseline points="704,2759 782,2759 872,2759 961,2753 1051,2753 1140,2747 1230,2747 1320,2741 1409,2741 1499,2735 1588,2735 1678,2735 1768,2729 1857,2723 1947,2717 2036,2723 2126,2717 2216,2717 2305,2711 2395,2705 2484,2705 2574,2699 2664,2693 2753,2693 2843,2693 2932,2687 3022,2681 3112,2681 3201,2676 3291,2676 3380,2670 3470,2664"/>
                <TextEquiv>
                    <Unicode>vertieft, er hat nicht neuß Kreise gezogen, ist aber in seinem Kreis ge-</Unicode>
                </TextEquiv>
            </TextLine>
            <TextLine id="tr_1_tl_5" custom="readingOrder {index:4;}">
                <Coords points="686,2952 3265,2909 3432,2891 3435,2774 690,2845"/>
                <Baseline points="710,2914 758,2914 848,2914 937,2914 1027,2908 1116,2908 1206,2902 1296,2897 1385,2897 1475,2891 1564,2891 1654,2885 1744,2885 1833,2879 1923,2873 2012,2873 2102,2873 2192,2873 2281,2867 2371,2861 2460,2861 2550,2855 2640,2849 2729,2849 2819,2843 2908,2843 2998,2837 3088,2837 3177,2837 3267,2831 3356,2825 3446,2825"/>
                <TextEquiv>
                    <Unicode>wachsen und gross geworden.Er hat auch seine sehler beibehalten, so die</Unicode>
                </TextEquiv>
            </TextLine>
            <TextLine id="tr_1_tl_6" custom="readingOrder {index:5;}">
                <Coords points="690,3087 2724,3080 2731,2916 693,3019"/>
                <Baseline points="710,3064 764,3070 854,3064 943,3064 1033,3064 1122,3058 1212,3052 1302,3052 1391,3046 1481,3046 1570,3040 1660,3040 1750,3034 1839,3034 1929,3028 2018,3028 2108,3028 2198,3022 2287,3016 2377,3016 2466,3010 2556,3010 2646,3004 2735,3004"/>
                <TextEquiv>
                    <Unicode>nachlassige Schreibart, die kenig klingende Sprache.“</Unicode>
                </TextEquiv>
            </TextLine>
            <TextLine id="tr_1_tl_7" custom="readingOrder {index:6;}">
                <Coords points="693,3247 3549,3243 3556,3069 701,3122"/>
                <Baseline points="716,3219 782,3219 872,3219 961,3219 1051,3213 1140,3213 1230,3207 1320,3207 1409,3201 1499,3201 1588,3195 1678,3195 1768,3189 1857,3189 1947,3183 2036,3177 2126,3177 2216,3171 2305,3171 2395,3165 2484,3165 2574,3159 2664,3159 2753,3159 2843,3153 2932,3147 3022,3147 3112,3141 3201,3141 3291,3135 3380,3135 3470,3123 3560,3129"/>
                <TextEquiv>
                    <Unicode>Vor allem ist es der pialog, der bei Schnitzler eine ausserordentliche xxx</Unicode>
                </TextEquiv>
            </TextLine>
            <TextLine id="tr_1_tl_8" custom="readingOrder {index:7;}">
                <Coords points="701,3453 2792,3311 2969,3382 3378,3311 3382,3233 708,3290"/>
                <Baseline points="722,3368 788,3374 878,3374 967,3368 1057,3362 1146,3362 1236,3362 1326,3356 1415,3356 1505,3350 1594,3350 1684,3345 1774,3345 1863,3339 1953,3339 2042,3333 2132,3333 2222,3327 2311,3327 2401,3321 2490,3315 2580,3315 2670,3309 2759,3309 2849,3303 2938,3303 3028,3297 3118,3297 3207,3291 3297,3291 3386,3285"/>
                <TextEquiv>
                    <Unicode>Erweiterung und Durchbildung erfahren hat, mit Bezug auf diesen Punkt</Unicode>
                </TextEquiv>
            </TextLine>
            <TextLine id="tr_1_tl_9" custom="readingOrder {index:8;}">
                <Coords points="697,3563 2760,3524 3432,3471 3517,3371 701,3453"/>
                <Baseline points="716,3530 746,3530 836,3530 925,3530 1015,3524 1105,3518 1194,3518 1284,3518 1373,3512 1463,3506 1553,3506 1642,3500 1732,3500 1821,3494 1911,3494 2001,3488 2090,3488 2180,3482 2269,3482 2359,3476 2449,3470 2538,3470 2628,3470 2717,3464 2807,3464 2897,3458 2986,3458 3076,3452 3165,3446 3255,3446 3345,3440 3434,3434 3524,3434"/>
                <TextEquiv>
                    <Unicode>muss auch von einer Erwiterung der Schnitzlerschen Kunst gesprochen wer-</Unicode>
                </TextEquiv>
            </TextLine>
            <TextLine id="tr_1_tl_10" custom="readingOrder {index:9;}">
                <Coords points="704,3748 2841,3702 3467,3624 3471,3528 711,3592"/>
                <Baseline points="728,3685 788,3685 878,3685 967,3679 1057,3679 1146,3673 1236,3667 1326,3667 1415,3667 1505,3661 1594,3661 1684,3655 1774,3655 1863,3649 1953,3643 2042,3643 2132,3637 2222,3637 2311,3631 2401,3631 2490,3625 2580,3625 2670,3619 2759,3619 2849,3613 2938,3613 3028,3607 3118,3607 3207,3601 3297,3601 3386,3595 3476,3589"/>
                <TextEquiv>
                    <Unicode>den. Die Bedeutung des Dialogs für die Schnitzlersche pramentschnik ist</Unicode>
                </TextEquiv>
            </TextLine>
            <TextLine id="tr_1_tl_11" custom="readingOrder {index:10;}">
                <Coords points="715,3901 3304,3816 3538,3691 718,3748"/>
                <Baseline points="734,3846 770,3840 860,3846 949,3834 1039,3834 1128,3834 1218,3828 1308,3828 1397,3822 1487,3822 1576,3816 1666,3810 1756,3810 1845,3804 1935,3804 2024,3798 2114,3792 2204,3792 2293,3787 2383,3787 2472,3787 2562,3787 2652,3781 2741,3775 2831,3769 2920,3769 3010,3763 3100,3763 3189,3757 3279,3757 3368,3757 3458,3751 3548,3745"/>
                <TextEquiv>
                    <Unicode>so gross, dass sie eine besondere Untersuchung nach der Seite hin ver¬</Unicode>
                </TextEquiv>
            </TextLine>
            <TextLine id="tr_1_tl_12" custom="readingOrder {index:11;}">
                <Coords points="722,4022 2873,4015 3549,3937 3556,3816 725,3919"/>
                <Baseline points="740,3996 782,3996 872,3996 961,3990 1051,3990 1140,3990 1230,3984 1320,3978 1409,3972 1499,3978 1588,3978 1678,3972 1768,3966 1857,3966 1947,3960 2036,3954 2126,3954 2216,3948 2305,3948 2395,3942 2484,3942 2574,3936 2664,3936 2753,3936 2843,3930 2932,3924 3022,3924 3112,3918 3201,3912 3291,3912 3380,3906 3470,3900 3560,3918"/>
                <TextEquiv>
                    <Unicode>langt. Wenn Lothar sagt, dass Schnitzlers Stoffgebøet, seine Weltanschauung</Unicode>
                </TextEquiv>
            </TextLine>
            <TextLine id="tr_1_tl_13" custom="readingOrder {index:12;}">
                <Coords points="722,4186 3499,4115 3570,3979 725,4054"/>
                <Baseline points="740,4145 794,4145 884,4145 973,4139 1063,4139 1152,4139 1242,4133 1332,4133 1421,4133 1511,4133 1600,4121 1690,4121 1780,4115 1869,4115 1959,4121 2048,4115 2138,4103 2228,4103 2317,4103 2407,4097 2496,4097 2586,4091 2676,4091 2765,4085 2855,4085 2944,4079 3034,4079 3123,4073 3213,4067 3303,4067 3392,4067 3482,4061 3571,4067"/>
                <TextEquiv>
                    <Unicode>und seine Vorliebe fuer gewisse wenschen und Thesen dieselben geblieben</Unicode>
                </TextEquiv>
            </TextLine>
            <TextLine id="tr_1_tl_14" custom="readingOrder {index:13;}">
                <Coords points="736,4264 999,4310 1277,4225 2240,4221 2358,4193 2361,4115 967,4203 740,4164"/>
                <Baseline points="758,4235 842,4229 931,4229 1021,4223 1111,4223 1200,4223 1290,4217 1379,4211 1469,4211 1559,4205 1648,4199 1738,4199 1827,4193 1917,4193 2007,4193 2096,4187 2186,4181 2275,4181 2365,4187"/>
                <TextEquiv>
                    <Unicode>Rud. Lothar, Das moderne prama, seite 232</Unicode>
                </TextEquiv>
            </TextLine>
        </TextRegion>
    </Page>
</PcGts>
