4264 5608
685 448 3811 685 Stoff und seine eigene Gesetzmässigkeit von der Sphäre der Formung
685 614 3716 824 völlig überbaut ist, deren Gebote allein massgebend sind. Spielen,
677 780 3708 971 das heisst ja Beziehungen zum Lebendigen lookern, einer selbstge-
685 935 3735 1121 wählten Formsprache rein genügen. Welcher Steigerung ins Geistige,
693 1105 3680 1272 welcher Kraft der Gestaltung solches "Spielen" fähig ist, weiss,
681 1228 3692 1438 wer Musik erlebt hat. Und kaum geringer sind seine Möglichkeiten
681 1414 3735 1604 im dichterischen Bereiche, wo es von ersten Elementen des primiti-
693 1573 3831 1743 ven Stegreiftheaters bis in die höchste Höhe Shakespearescher Lust-
685 1691 3831 1874 spieldichtung wirksam ist. Allen diesen Gebilden ist ein Wesensmerk-
677 1850 3747 2040 mal eigen, das die Gemeinsamkeit des Ursprungs bezeugt: der unlös-
677 2036 3605 2222 bare Rest von Schwermut am Grunde ihrer Heiterkeit, von Heiter-
669 2171 3779 2373 keit am Grunde ihrer Schwermut. Man erlebt diese besondere Mischung
669 2381 3819 2511 in einem einzig artigen Gefühl, aus Befreiung und Verzicht gemischt,
669 2480 3700 2670 das entspringen muss, wo immer Leben in beziehungsloses Spiel der
677 2662 1525 2860 Form gelöst wird.
1307 2741 3640 2991 Dass aber die Menschen auf solcher Bühne nicht zu
665 2955 3656 3133 Figurinen werden, verhütet der Dichter, der nicht nach Willkür an
677 3106 3724 3323 seinen Fäden zieht. Das Geschehenk, zu dem er sie knüpft, es ist das
677 3280 3486 3466 bald bedeutungsvolle,bald bedeutungslose,bals behutsame, bald
665 3407 3625 3625 achtlose Spiel der Natur mit ihren Kindern, das wir, blind unter-
669 3569 3537 3783 worfen, nicht zu durchschauem vermögen; es ist das menschliche
665 3708 3632 3914 Leben gesehen aus jenem Seelenbezirk, in dem der Mensch sich zu-
669 3894 3672 4088 tiefst als Kreatur fühlt, als Welle im Strom dunkler Naturgewalt.
658 4052 3720 4231 Hier liegt die Heimat aller Sehnsucht nach Lösung und Auflösung,
665 4239 3553 4413 allen Verlangens nach Hingabe, nach Heraustreten aus Schranken
642 4389 3708 4559 des Individuums - Ekstase in wörtlichem Sinne, die Urheimat aller
654 4536 3831 4754 Musik. Hier, wo mit der Selbstbehauptung der Persönlichkeit sicherste
665 4714 3617 4900 Grundlagen fragwürdig werden, waltet die Melancholie der ewigen
646 4860 3625 5023 lyrischen Probleme: Jugend und Alter, Liebe und Verrat, Dauer und
658 5007 3747 5229 Vergänglichkeit. Sieg und Untergang, Himmel und Hölle, Leben und Tod
