3576 3912
3257 123 3352 232 6
616 229 3356 390 iusionistischen Zauber wiederzugeben — je¬
587 376 3342 517 denfalls hat sie ihn auch gelehrt in passenden
580 499 3324 675 Momenten eines jener ewigen, nüchternen
584 612 3271 809 Naturlichte anzuzünden, bei dessen fehlem,
563 763 3187 932 metten Schein wir all den Goldglanz als
573 872 3166 1055 täuschenden Flitter erkennen. Schnitreer
591 1002 3233 1221 zeigt uns manch pillareskes Spiel, aber er
587 1168 3401 1368 zeigt uns auch die falschen Karten, mit denen
598 1280 3324 1456 des Leben es spielt und läßt uns denn in
584 1386 3391 1607 tiefer Melancholie, in heißer Sehnsucht stehen,
605 1527 3391 1695 wie verirrte Kinder, die nichts nach dem ver¬
598 1632 3405 1840 zauberten Märchenschloß suchten und im grauen
630 1741 3306 1952 Zwielicht die Schleier ihrer Fontesie zerflattern
598 1914 3408 2075 sehen und sich in der kargen, ärmlichen Wirk¬
598 2051 3306 2198 lichkeit des Alltags wiederfinden. So ergeht
609 2103 3430 2297 es uns, wenn Schnitreer uns in den verräteri¬
591 2234 3289 2431 schen Spiegel seiner Kunst blicken läßt, ihn
591 2402 3370 2536 dann aber absichtlich mit einem Hauche trübt,
591 2529 3349 2694 so daß all' die kecken Bilder und bunten Ge¬
591 2606 3377 2786 stalten plötzlich in karrikirt verschiermenen,
605 2758 3391 2962 schattenhaften Umrissen ihr mehres Antlitz ohnen
591 2863 3324 3039 lassen schleff und hefläugig. Der in Schwer¬
601 3022 3236 3201 mut getauchte Geist Schnitzlers läst trotz
591 3159 3271 3306 all' seiner bunten Harlekinaden eine tiefe
601 3261 3345 3451 Meleuchelie in uns aus, wie schließlich jedes
601 3352 3370 3549 echte Kunstwerk. denn selbst des Fascinierende
626 3482 3419 3655 und Aufreizende in einem Kunstwerk ist nie¬
