<?xml version="1.0" encoding="UTF-8" standalone="yes"?>
<PcGts xmlns="http://schema.primaresearch.org/PAGE/gts/pagecontent/2013-07-15" xmlns:xsi="http://www.w3.org/2001/XMLSchema-instance" xsi:schemaLocation="http://schema.primaresearch.org/PAGE/gts/pagecontent/2013-07-15 http://schema.primaresearch.org/PAGE/gts/pagecontent/2013-07-15/pagecontent.xsd">
    <Metadata>
        <Creator>prov=READ-COOP:name=TrHtr:version=2.1.0:model_id=51170:date=15_08_2023_13:51</Creator>
        <Created>2023-05-10T15:29:29.954+02:00</Created>
        <LastChange>2023-08-15T13:51:20.317+02:00</LastChange>
        <TranskribusMetadata docId="1429071" pageId="55436659" pageNr="167" tsid="132859251" status="IN_PROGRESS" userId="64420" imgUrl="https://files.transkribus.eu/Get?id=DRTMEMDYOLEBTCTCQKIVIVZC&amp;fileType=view" xmlUrl="https://files.transkribus.eu/Get?id=MSXRMLWDQNWMZQABBLNOMKNG" imageId="44710648"/>
    </Metadata>
    <Page imageFilename="1429071_0167.jpg" imageWidth="4504" imageHeight="5752">
        <ReadingOrder>
            <OrderedGroup id="ro_1711798282820" caption="Regions reading order">
                <RegionRefIndexed index="0" regionRef="tr_1"/>
                <RegionRefIndexed index="1" regionRef="tr_2"/>
            </OrderedGroup>
        </ReadingOrder>
        <TextRegion id="tr_1" custom="readingOrder {index:0;}">
            <Coords points="745,612 3759,612 3759,3124 745,3124"/>
            <TextLine id="tr_1_tl_1" custom="readingOrder {index:0;}">
                <Coords points="1923,753 1959,757 2023,713 2047,713 2067,693 2103,697 2103,593 2075,597 2063,585 2055,593 2015,585 1975,621 1963,613 1943,629 1923,629"/>
                <Baseline points="1945,662 2034,668 2112,662"/>
                <TextEquiv>
                    <Unicode>-6-</Unicode>
                </TextEquiv>
            </TextLine>
            <TextLine id="tr_1_tl_2" custom="readingOrder {index:1;}">
                <Coords points="1118,1026 2540,953 2736,1038 3397,1030 3726,986 3734,789 3269,729 1126,853"/>
                <Baseline points="1139,1008 1145,1008 1235,1002 1324,996 1414,996 1503,990 1593,984 1682,984 1772,984 1861,978 1951,972 2040,972 2130,966 2219,960 2309,960 2398,954 2488,954 2577,948 2667,948 2756,948 2846,942 2935,936 3025,930 3114,924 3204,924 3293,918 3383,918 3472,912 3562,912 3651,906 3741,900"/>
                <TextEquiv>
                    <Unicode>Sinn auf Høheres gewendet. In wenig Tagen werd' ich was</Unicode>
                </TextEquiv>
            </TextLine>
            <TextLine id="tr_1_tl_3" custom="readingOrder {index:2;}">
                <Coords points="1138,1186 3710,1142 3718,966 1947,1082 1799,994 1522,1106 1146,1026"/>
                <Baseline points="1163,1151 1217,1157 1306,1151 1396,1151 1485,1145 1575,1139 1664,1139 1754,1133 1843,1133 1933,1127 2022,1121 2112,1121 2201,1115 2291,1109 2380,1109 2470,1109 2559,1103 2649,1097 2738,1097 2828,1091 2917,1091 3007,1085 3096,1079 3186,1079 3275,1074 3365,1074 3454,1068 3544,1062 3633,1056 3723,1050"/>
                <TextEquiv>
                    <Unicode>Grosses verübt haben. Was mit mir geschieht, ist gleich-</Unicode>
                </TextEquiv>
            </TextLine>
            <TextLine id="tr_1_tl_4" custom="readingOrder {index:3;}">
                <Coords points="1134,1322 3065,1246 3598,1338 3746,1306 3750,1130 1138,1190"/>
                <Baseline points="1157,1318 1163,1318 1253,1312 1342,1306 1432,1306 1521,1300 1611,1294 1700,1288 1790,1288 1879,1282 1969,1282 2058,1276 2148,1270 2237,1264 2327,1264 2416,1258 2506,1258 2595,1253 2685,1253 2774,1247 2864,1247 2953,1241 3043,1235 3132,1235 3222,1229 3311,1223 3401,1223 3490,1223 3580,1217 3669,1217 3759,1211"/>
                <TextEquiv>
                    <Unicode>giltig, aber mein Name wird gross sein,ob es mir gelingt</Unicode>
                </TextEquiv>
            </TextLine>
            <TextLine id="tr_1_tl_5" custom="readingOrder {index:4;}">
                <Coords points="1146,1518 1218,1514 1254,1490 1358,1502 1450,1466 1486,1482 1518,1466 1570,1482 1703,1470 1707,1378 1643,1390 1542,1338 1510,1354 1466,1326 1370,1394 1306,1378 1278,1398 1146,1410"/>
                <Baseline points="1169,1461 1175,1461 1264,1455 1354,1455 1443,1449 1533,1449 1622,1443 1712,1443"/>
                <TextEquiv>
                    <Unicode>oder nicht.</Unicode>
                </TextEquiv>
            </TextLine>
            <TextLine id="tr_1_tl_6" custom="readingOrder {index:5;}">
                <Coords points="1166,1639 1835,1651 1923,1594 2300,1578 2628,1615 2812,1586 2816,1438 2147,1406 1971,1470 1170,1522"/>
                <Baseline points="1187,1611 1211,1611 1300,1611 1390,1605 1479,1605 1569,1599 1658,1593 1748,1593 1837,1587 1927,1581 2016,1581 2106,1581 2195,1575 2285,1569 2374,1569 2464,1563 2553,1557 2643,1557 2732,1551 2822,1557"/>
                <TextEquiv>
                    <Unicode>Vielleicht ist ein Anderer mit ihm.</Unicode>
                </TextEquiv>
            </TextLine>
            <TextLine id="tr_1_tl_7" custom="readingOrder {index:6;}">
                <Coords points="1158,1803 3469,1731 3614,1707 3622,1550 2300,1578 1498,1691 1162,1643"/>
                <Baseline points="1181,1760 1211,1760 1300,1754 1390,1754 1479,1748 1569,1748 1658,1748 1748,1742 1837,1736 1927,1736 2016,1736 2106,1730 2195,1724 2285,1724 2374,1718 2464,1712 2553,1712 2643,1706 2732,1706 2822,1700 2911,1694 3001,1688 3090,1688 3180,1688 3269,1682 3359,1676 3448,1676 3538,1670 3627,1676"/>
                <TextEquiv>
                    <Unicode>Ist es auch echt? Ist es dir so ernst ums Vaterland?</Unicode>
                </TextEquiv>
            </TextLine>
            <TextLine id="tr_1_tl_8" custom="readingOrder {index:7;}">
                <Coords points="1170,1943 1346,1975 1619,1915 1711,1975 2215,1895 2384,1951 2736,1859 2921,1919 2957,1779 2740,1755 2612,1811 2372,1747 2019,1855 1174,1819"/>
                <Baseline points="1193,1921 1258,1915 1348,1915 1438,1909 1527,1903 1617,1903 1706,1897 1796,1891 1885,1891 1975,1885 2064,1879 2154,1879 2243,1879 2333,1873 2422,1867 2512,1867 2601,1861 2691,1855 2780,1849 2870,1849 2959,1843"/>
                <TextEquiv>
                    <Unicode>oder lügst du dir vielleicht was vor?"</Unicode>
                </TextEquiv>
            </TextLine>
            <TextLine id="tr_1_tl_9" custom="readingOrder {index:8;}">
                <Coords points="1538,2207 1747,2143 3558,2075 3513,1983 3157,1967 2175,2067 1546,2023"/>
                <Baseline points="1563,2130 1599,2130 1688,2124 1778,2124 1867,2118 1957,2118 2046,2112 2136,2106 2225,2106 2315,2100 2404,2100 2494,2094 2583,2094 2673,2088 2762,2082 2852,2082 2941,2076 3031,2070 3120,2070 3210,2064 3299,2064 3389,2058 3478,2058 3568,2058"/>
                <TextEquiv>
                    <Unicode>Notizblätter aus den Jahren 1903-bis 1908</Unicode>
                </TextEquiv>
            </TextLine>
            <TextLine id="tr_1_tl_10" custom="readingOrder {index:9;}">
                <Coords points="721,2332 2436,2356 3738,2244 3742,2151 1218,2159 721,2256"/>
                <Baseline points="745,2321 793,2321 883,2315 972,2315 1062,2309 1151,2309 1241,2303 1330,2303 1420,2297 1509,2291 1599,2291 1688,2285 1778,2285 1867,2279 1957,2279 2046,2273 2136,2273 2225,2273 2315,2267 2404,2261 2494,2261 2583,2255 2673,2249 2762,2249 2852,2243 2941,2237 3031,2237 3120,2231 3210,2231 3299,2231 3389,2225 3478,2219 3568,2219 3657,2213 3747,2219"/>
                <TextEquiv>
                    <Unicode>deuten auf andauernde Beschäftigung mit dem Stoff hin. In einem</Unicode>
                </TextEquiv>
            </TextLine>
            <TextLine id="tr_1_tl_11" custom="readingOrder {index:10;}">
                <Coords points="729,2524 3221,2472 3445,2436 3445,2340 733,2404"/>
                <Baseline points="751,2482 769,2482 859,2482 948,2482 1038,2476 1127,2476 1217,2470 1306,2470 1396,2464 1485,2464 1575,2464 1664,2458 1754,2452 1843,2452 1933,2446 2022,2446 2112,2440 2201,2440 2291,2434 2380,2434 2470,2434 2559,2428 2649,2422 2738,2422 2828,2416 2917,2416 3007,2410 3096,2410 3186,2404 3275,2404 3365,2404 3454,2404"/>
                <TextEquiv>
                    <Unicode>der Entwürfe wird Medardus charakterisiert mit den Worten:</Unicode>
                </TextEquiv>
            </TextLine>
            <TextLine id="tr_1_tl_12" custom="readingOrder {index:11;}">
                <Coords points="749,2672 3225,2608 3373,2588 3377,2472 753,2540"/>
                <Baseline points="775,2619 787,2625 877,2631 966,2631 1056,2631 1145,2625 1235,2625 1324,2625 1414,2619 1503,2619 1593,2613 1682,2613 1772,2607 1861,2607 1951,2601 2040,2601 2130,2601 2219,2595 2309,2589 2398,2589 2488,2583 2577,2583 2667,2577 2756,2577 2846,2571 2935,2571 3025,2565 3114,2565 3204,2559 3293,2559 3383,2565"/>
                <TextEquiv>
                    <Unicode>„Etwas verlumpt, sehr begabt,“ in einem andern heisst es:</Unicode>
                </TextEquiv>
            </TextLine>
            <TextLine id="tr_1_tl_13" custom="readingOrder {index:12;}">
                <Coords points="757,2812 2884,2804 3706,2736 3710,2616 761,2692"/>
                <Baseline points="781,2774 853,2780 942,2786 1032,2786 1121,2786 1211,2780 1300,2774 1390,2774 1479,2774 1569,2768 1658,2762 1748,2762 1837,2762 1927,2756 2016,2750 2106,2750 2195,2750 2285,2744 2374,2744 2464,2738 2553,2738 2643,2732 2732,2732 2822,2732 2911,2726 3001,2726 3090,2720 3180,2714 3269,2714 3359,2714 3448,2708 3538,2708 3627,2708 3717,2702"/>
                <TextEquiv>
                    <Unicode>"Von Medardus hört man, dass er etwas verlumpt, grosssprecherisch</Unicode>
                </TextEquiv>
            </TextLine>
            <TextLine id="tr_1_tl_14" custom="readingOrder {index:13;}">
                <Coords points="729,2993 2676,2917 2901,2989 3574,2913 3574,2812 729,2889"/>
                <Baseline points="751,2947 805,2953 895,2953 984,2947 1074,2941 1163,2941 1253,2941 1342,2941 1432,2935 1521,2935 1611,2929 1700,2923 1790,2923 1879,2923 1969,2917 2058,2911 2148,2911 2237,2905 2327,2905 2416,2905 2506,2899 2595,2899 2685,2899 2774,2893 2864,2893 2953,2893 3043,2881 3132,2881 3222,2881 3311,2881 3401,2876 3490,2870 3580,2870"/>
                <TextEquiv>
                    <Unicode>und gutmütig ist“,und später: "Medardus..... ohne Ernst. Der</Unicode>
                </TextEquiv>
            </TextLine>
            <TextLine id="tr_1_tl_15" custom="readingOrder {index:14;}">
                <Coords points="745,3121 2244,3161 3586,3077 3590,2961 745,3037"/>
                <Baseline points="769,3114 817,3108 906,3108 996,3108 1085,3102 1175,3096 1264,3096 1354,3096 1443,3096 1533,3096 1622,3090 1712,3084 1801,3084 1891,3084 1980,3078 2070,3078 2159,3072 2249,3072 2338,3072 2428,3066 2517,3066 2607,3060 2696,3060 2786,3055 2876,3055 2965,3049 3055,3049 3144,3049 3234,3049 3323,3043 3413,3043 3502,3043 3592,3043"/>
                <TextEquiv>
                    <Unicode>backlige Freund (gemeint ist Etzelt) spürt das Genie in ihm.</Unicode>
                </TextEquiv>
            </TextLine>
        </TextRegion>
        <TextRegion id="tr_2" custom="readingOrder {index:1;}">
            <Coords points="775,3386 3979,3386 3979,5051 775,5051"/>
            <TextLine id="tr_2_tl_1" custom="readingOrder {index:0;}">
                <Coords points="1502,3566 1643,3497 3165,3538 3866,3453 3870,3369 3097,3341 2884,3409 2111,3301 1647,3433 1510,3349"/>
                <Baseline points="1527,3484 1551,3484 1640,3484 1730,3478 1819,3478 1909,3472 1998,3472 2088,3472 2177,3472 2267,3472 2356,3466 2446,3466 2535,3466 2625,3460 2714,3454 2804,3454 2893,3454 2983,3448 3072,3448 3162,3448 3251,3448 3341,3442 3430,3442 3520,3442 3609,3436 3699,3436 3788,3436 3878,3436"/>
                <TextEquiv>
                    <Unicode>Die literarischen Vorarbeiten werden ergänzt durch</Unicode>
                </TextEquiv>
            </TextLine>
            <TextLine id="tr_2_tl_2" custom="readingOrder {index:1;}">
                <Coords points="753,3710 3802,3642 3838,3538 757,3594"/>
                <Baseline points="781,3663 805,3663 895,3657 984,3651 1074,3651 1163,3651 1253,3651 1342,3645 1432,3645 1521,3639 1611,3639 1700,3633 1790,3633 1879,3633 1969,3633 2058,3633 2148,3633 2237,3633 2327,3633 2416,3627 2506,3627 2595,3621 2685,3621 2774,3615 2864,3615 2953,3615 3043,3609 3132,3609 3222,3609 3311,3603 3401,3603 3490,3603 3580,3603 3669,3597 3759,3597 3848,3603"/>
                <TextEquiv>
                    <Unicode>ausführliche historische Studien, von denen eine Fülle von Notizen</Unicode>
                </TextEquiv>
            </TextLine>
            <TextLine id="tr_2_tl_3" custom="readingOrder {index:2;}">
                <Coords points="1510,3738 1542,3750 1578,3730 2031,3730 2031,3674 1935,3642 1903,3666 1871,3654 1819,3682 1791,3654 1727,3654 1707,3674 1671,3658 1619,3674 1510,3662"/>
                <Baseline points="1533,3723 1593,3717 1682,3711 1772,3711 1861,3711 1951,3711 2040,3705"/>
                <TextEquiv>
                    <Unicode>Geschichts-</Unicode>
                </TextEquiv>
            </TextLine>
            <TextLine id="tr_2_tl_4" custom="readingOrder {index:3;}">
                <Coords points="753,3826 3710,3834 3970,3790 3970,3674 757,3762"/>
                <Baseline points="775,3818 847,3818 936,3812 1026,3812 1115,3812 1205,3812 1294,3806 1384,3812 1473,3806 1563,3806 1652,3800 1742,3788 1831,3788 1921,3788 2010,3794 2100,3794 2189,3794 2279,3794 2368,3788 2458,3788 2547,3788 2637,3788 2726,3782 2816,3782 2905,3782 2995,3776 3084,3776 3174,3776 3263,3776 3353,3776 3442,3771 3532,3771 3621,3771 3711,3771 3800,3765 3890,3765 3979,3759"/>
                <TextEquiv>
                    <Unicode>und Auszügen aus ### und Memoirenwerken Kunde gibt.</Unicode>
                </TextEquiv>
            </TextLine>
            <TextLine id="tr_2_tl_5" custom="readingOrder {index:4;}">
                <Coords points="753,3990 3682,3954 3546,3834 757,3902"/>
                <Baseline points="775,3973 829,3973 918,3967 1008,3967 1097,3967 1187,3967 1276,3967 1366,3961 1455,3961 1545,3961 1634,3961 1724,3955 1813,3955 1903,3955 1992,3955 2082,3955 2171,3950 2261,3950 2350,3944 2440,3944 2529,3944 2619,3944 2708,3938 2798,3938 2887,3938 2977,3932 3066,3932 3156,3932 3245,3932 3335,3932 3424,3926 3514,3926 3603,3926 3693,3932"/>
                <TextEquiv>
                    <Unicode>Diese Studien erstrecken sich auf die verschiedensten Gebiete.</Unicode>
                </TextEquiv>
            </TextLine>
            <TextLine id="tr_2_tl_6" custom="readingOrder {index:5;}">
                <Coords points="765,4154 3730,4130 3702,4010 769,4046"/>
                <Baseline points="793,4129 871,4129 960,4129 1050,4129 1139,4129 1229,4129 1318,4129 1408,4123 1497,4123 1587,4123 1676,4117 1766,4123 1855,4123 1945,4117 2034,4117 2124,4117 2213,4111 2303,4111 2392,4111 2482,4111 2571,4105 2661,4105 2750,4105 2840,4099 2929,4099 3019,4099 3108,4099 3198,4093 3287,4093 3377,4093 3466,4093 3556,4093 3645,4093 3735,4099"/>
                <TextEquiv>
                    <Unicode>So finden sich Notizen über die Geschichte des Hauses Bourbon,</Unicode>
                </TextEquiv>
            </TextLine>
            <TextLine id="tr_2_tl_7" custom="readingOrder {index:6;}">
                <Coords points="769,4299 3445,4327 3814,4295 3814,4171 2340,4126 1943,4227 769,4231"/>
                <Baseline points="793,4290 871,4284 960,4284 1050,4284 1139,4284 1229,4284 1318,4284 1408,4278 1497,4278 1587,4278 1676,4278 1766,4278 1855,4272 1945,4272 2034,4272 2124,4272 2213,4272 2303,4266 2392,4266 2482,4266 2571,4266 2661,4260 2750,4266 2840,4260 2929,4254 3019,4260 3108,4254 3198,4254 3287,4254 3377,4254 3466,4260 3556,4254 3645,4248 3735,4248 3824,4248"/>
                <TextEquiv>
                    <Unicode>über die französischen Emignantenfamilien, über die Kriegsgeschich-</Unicode>
                </TextEquiv>
            </TextLine>
            <TextLine id="tr_2_tl_8" custom="readingOrder {index:7;}">
                <Coords points="777,4495 3594,4475 3714,4447 3714,4303 781,4379"/>
                <Baseline points="799,4457 859,4451 948,4451 1038,4451 1127,4451 1217,4451 1306,4451 1396,4445 1485,4445 1575,4439 1664,4433 1754,4427 1843,4415 1933,4415 2022,4415 2112,4409 2201,4409 2291,4409 2380,4409 2470,4409 2559,4403 2649,4403 2738,4403 2828,4403 2917,4397 3007,4397 3096,4397 3186,4397 3275,4391 3365,4391 3454,4391 3544,4391 3633,4391 3723,4397"/>
                <TextEquiv>
                    <Unicode>te des Jahres 1809,über die Lokalgeschichte Wiens während der</Unicode>
                </TextEquiv>
            </TextLine>
            <TextLine id="tr_2_tl_9" custom="readingOrder {index:8;}">
                <Coords points="793,4643 3570,4611 3670,4463 797,4487"/>
                <Baseline points="817,4576 900,4576 990,4576 1079,4576 1169,4576 1258,4576 1348,4570 1438,4576 1527,4576 1617,4570 1706,4570 1796,4570 1885,4570 1975,4564 2064,4564 2154,4564 2243,4564 2333,4564 2422,4558 2512,4558 2601,4558 2691,4558 2780,4552 2870,4552 2959,4552 3049,4552 3138,4552 3228,4546 3317,4546 3407,4546 3496,4546 3586,4546 3675,4546"/>
                <TextEquiv>
                    <Unicode>Franzosenzeit u.s.w.u.s.w.Mit ganz besonderer Ausführlichkeit</Unicode>
                </TextEquiv>
            </TextLine>
            <TextLine id="tr_2_tl_10" custom="readingOrder {index:9;}">
                <Coords points="777,4771 2492,4808 2600,4719 3722,4723 3722,4587 781,4667"/>
                <Baseline points="805,4737 865,4731 954,4731 1044,4731 1133,4731 1223,4725 1312,4719 1402,4725 1491,4725 1581,4725 1670,4719 1760,4719 1849,4719 1939,4719 2028,4719 2118,4719 2207,4719 2297,4713 2386,4713 2476,4713 2565,4713 2655,4713 2744,4707 2834,4707 2923,4707 3013,4707 3102,4707 3192,4707 3281,4707 3371,4701 3460,4701 3550,4701 3639,4695 3729,4701"/>
                <TextEquiv>
                    <Unicode>werden die Ereignisse in Wien zur Zeit der Belagerung und Be-</Unicode>
                </TextEquiv>
            </TextLine>
            <TextLine id="tr_2_tl_11" custom="readingOrder {index:10;}">
                <Coords points="773,4944 3878,4868 3830,4759 1454,4852 777,4775"/>
                <Baseline points="799,4886 841,4886 930,4886 1020,4886 1109,4886 1199,4886 1288,4880 1378,4880 1467,4880 1557,4874 1646,4874 1736,4874 1825,4874 1915,4874 2004,4874 2094,4874 2183,4874 2273,4868 2362,4868 2452,4868 2541,4868 2631,4862 2720,4862 2810,4862 2899,4862 2989,4856 3078,4856 3168,4856 3257,4845 3347,4839 3436,4833 3526,4833 3615,4827 3705,4827 3794,4827 3884,4821"/>
                <TextEquiv>
                    <Unicode>setzung durch die Napoleonische Armee durchforscht. In der Haupt-</Unicode>
                </TextEquiv>
            </TextLine>
            <TextLine id="tr_2_tl_12" custom="readingOrder {index:11;}">
                <Coords points="761,5116 1763,5048 2324,5132 2572,5028 3373,5028 3373,4924 3161,4896 765,4960"/>
                <Baseline points="787,5041 877,5041 966,5035 1056,5041 1145,5035 1235,5035 1324,5030 1414,5030 1503,5030 1593,5024 1682,5024 1772,5018 1861,5018 1951,5018 2040,5018 2130,5018 2219,5018 2309,5012 2398,5012 2488,5006 2577,5006 2667,5006 2756,5006 2846,5006 2935,5000 3025,5000 3114,5000 3204,4994 3293,4994 3383,4994"/>
                <TextEquiv>
                    <Unicode>sache liefern das Material hiefür die folgenden Werke:</Unicode>
                </TextEquiv>
            </TextLine>
        </TextRegion>
    </Page>
</PcGts>
