3560 3960
3177 109 3356 270 24
586 225 3212 442 Wann auch Schnitzler selbst sein "Twischenspiel"
558 362 3226 541 nicht als sein bestes Schauspiel bezeichnet, sondern
530 477 3324 677 dem "Ruf des Lebens", und besonders dem "Ein¬
558 607 3282 807 samen Weg" den Vorzug gibt, so kann doch nicht
562 716 3261 944 geleugnet werden, daß gerade das "Zwischenspiel"
572 828 3278 1011 in gewisser Beziehung – an Wichtigkeit und Bedeu¬
569 920 3391 1127 tung des befendelten Problems und in der meister¬
579 1053 3380 1257 haften Charakterzeichnung, die beiden anderen Wer¬
572 1155 1629 1372 ke noch überragt.
653 1211 3229 1453 Man will je im allgemeinen aus Schnitzlers
628 1386 3391 1587 Werken erraten haben, daß er der geistige Befrei
604 1488 3313 1678 der Treu sein will - daß er der natürlichen Ent¬
604 1572 3373 1790 wicklung des Liebeslebens der Frau Wege befern
611 1720 3292 1916 und Rechte eröffnen will, wie sie dem Manne
621 1811 3380 2018 in selbstgeschessener Moral längst offen stehen.
628 1927 3373 2145 Ich selbst bin de vielleicht zu sehr beeinflußt von der
625 2036 3334 2250 seine Werke leise umfrüchenden Tronie des außer¬
618 2159 3373 2362 halb und oberhalb stehenden Antors, um dieser Ansicht
642 2243 3320 2471 vorurteilsfrei beistimmen zu können. Und auch in
639 2355 3373 2552 dem Zwischenspiel hat je Schnitzler vielleicht mü¬
667 2510 3377 2685 bewiesen, und auch beweisen wollen, daß trotz als
653 2615 3278 2854 der schönen und richtigen, und von erhobener
646 2720 3426 2903 Seelengröste zeugenden Theorien, Übergengseprochen
656 2833 3261 3029 eine schwierige und heikle Situation schaffen
681 3026 1162 3184 müssen.
695 3085 3292 3243 Amadens verläßt sein Heim, weil seine Frau,
646 3191 3384 3391 wo sie ihm nur mehr Freundin sein wollte, und
660 3327 3303 3528 in einer schwachen Stunde wieder Geliebte war,
684 3412 3352 3580 nicht mehr an sich glauben will. Nach seinem
681 3566 3419 3689 Fertgehen bricht sie aber weinend an seinem ver¬
