3592 3944
3267 120 3363 248 3
630 227 3321 446 mir, ohne mich aber sonst in irgend einer
627 411 3345 595 Beziehung mit James Kunecker vergleichen,
612 513 3335 729 zu wollen, daß auch der Vertrag über einen
584 623 3352 835 dichter durch des Vertragenden eigenes Tempe¬
584 804 3363 938 rämmt und eigene Indirndualität geleitet
566 874 3409 1080 sein dürfe, und es nirgends geschrieben steht.
598 1002 3427 1214 daß man da nach einer gewissen Mälfede ver¬
602 1168 1462 1331 gehen müßte.
658 1175 3352 1402 Marum soll ich die Architektonik des Auf¬
623 1366 3324 1536 baunes nicht meinen eigenen persönlichen Stil
623 1466 3342 1643 legen, warum nicht zum Vergnügen der Seele
609 1600 3427 1781 sprechen, die da etwas empfunden, und es wie¬
630 1692 3381 1926 dargeben möchte, ohne deshalb auszurufen: „Ich
637 1851 1943 2053 behaupte - ich beweise
804 1940 3328 2145 Meinem eigentlichen Vortrag über Arthur
655 2092 3381 2276 Schnitzler möchte ich noch aller Gewesenheit ein
641 2205 3352 2372 Motto vorausschicken, und zwar wöhle ich Jb¬
627 2354 3342 2489 sens Warte: „dichten heißt Gerichtsteg halten,
641 2439 3402 2634 über sein eigenes Ich“ – – nur daß diese Werte
662 2552 3303 2722 in Bezug auf Schnitzler etwas anders lauten
666 2662 3335 2832 müssen, und zwar: „Dichten heißt Gerichts¬
651 2800 3437 2974 tag halten über das demaskierte Ich der Ande¬
658 2903 3420 3076 ren.“ Und damit scheint mir die erste Im¬
630 3005 3476 3214 pression, die Schnitzlers Werkeastiv almen
623 3168 3349 3328 theanklerisiert, - sowohl in dem Warte, dem as¬
644 3292 3388 3469 kiert", als auch in dem "Gerichtsteg halten
662 3420 1529 3579 über andere.
