4264 5384
2027 408 2242 579 12
608 565 3368 819 nau Aufschluss, Sie sagen uns stets wann und wo sie sich das letzte mal
611 751 1280 930 getroffen haben.
626 829 3496 1069 Schlieselich waers noch zu vermerken, dass Schnitzler einigen seiner Wer-
611 1001 3260 1219 ke in den älteren Einzelausgaben Buehnenplaene beifuegte, die in der
654 1162 3428 1358 Sammelausgabe wegblieben. Werner, dass er die in den älteren stuecken." Das
622 1337 3450 1555 Maerchen" und "Freiwild "hervortretende Gewohnheit, die äussere Erschei-
626 1487 3400 1662 nung seiner Menschen, Zuege, Bewegung, Angewohnheiten vorzuschreiben, mit
640 1655 3439 1866 dem Fuenfakter "Der einsame Weg" wieder aufnimmt und sie bis zum letzten
636 1827 1877 2006 seiner Stuecke beibehalten hat.
2817 4190 3146 4340 Tabelle
