4424 5576
445 500 4063 735 In der Tat, Beatrice war verschwunden, ihre Liebe hatte sie- wir wissen
459 601 4141 803 es bereits - zu Filippo getrieben. Dasie endlich unter ungeheurem Erstau-
459 693 3958 895 nen aller wieder im Garten auftaucht, lügt sie, sie sei in der Kirche
464 762 4017 955 San petro gewesen. Ihr Unglück will es, dass sie den kostbaren Braut -
477 845 4040 1038 schleier in des Geliebten Hause zurückgelassen. Derherzog will sie des-
459 914 4068 1125 halb von sich stossen, lässt sich aber schliesslich von ihr bereden und
459 1005 4022 1207 folgt ihr durch die Strassen der Stadt zum Hause Filippo Loschis. Hier
459 1061 4068 1286 finden sie den den verlorenen Schleier, verlassen aber nicht sofort das
459 1157 4031 1345 Haus, obwohl Beatrice, die Nähe des hinter Vorhängen versteckten toten
477 1240 4022 1432 Freundes fürchtend, ihren Gemahl darum anfleht. Dem Wahnsinn nahe ruft
477 1419 886 1566 sie aus
1097 1410 3333 1552 -Nach Hause also! Sehnst du dich denn nicht
1079 1501 3113 1634 Nach meinen Küssen? Denke, was du tatst,
1079 1584 3039 1717 Mich zu gewinnen! Bist ein Herzog doch
1079 1639 3733 1768 Und nahmst mich gleich zum Weib, da ich's verlangte,
1093 1731 3411 1850 Und schenktest mir so viel und gabst ein Fest,
1097 1809 3370 1965 Und morgen früh musst du davon und höre-hör e-
1097 1924 1855 2020 Ich liebe dich!
1093 1887 4045 2103 Bitte! Der Herzog will die Bratnacht in diesem abgelegenen
500 1988 1056 2130 Vergebliche
482 2103 1341 2236 Hause verbringen
1056 2061 3329 2259 Hier wallt es faltenschwer zur Erde nieder -
1088 2195 3122 2332 Komm, Beatrice, dort ist's aufgerichtet,
1106 2291 3026 2410 Dass solcher Ehren nimmer sich versah,
1102 2337 3246 2475 -Das Brautbett wartet, Fürstin von Bologna!
491 2369 4109 2571 Lionardo zieht Beatrice an sich, hebt den Vorhangzur Seite und erblickt
505 2488 4063 2663 entsetzt die Leiche des von ihm in sein Schloss gerufenen Dichters. Zu
496 2622 1520 2764 Beatrice spricht er
1070 2635 3200 2796 „Der starb um dich? Und den verrietest du?
1120 2723 3241 2870 Und mich um ihn? Und wied'rum ihn um mich?
1120 2814 2948 2929 Was bist du für ein Wesen, Beatrice?
1116 2902 2870 3021 Und all dies Ungeheure musste sein
1120 2980 2984 3095 Dass ich Filippo Loschi sehen durfte-
1125 3039 3145 3168 Und einzigmal und so? xxx Geheimes Walten!
1134 3122 3085 3251 In welche Tiefen muss ich untersteigen,
1125 3191 3407 3352 Die Wurzeln finden, wo sie sich verschlangen?
1125 3186 4210 3425 als Beatrice, von den ihren verlassen und verstossen, vor ihm
523 3287 1070 3471 Und später,
514 3416 859 3535 steht:
1065 3388 3085 3577 "Warst du nicht, Beatrice, nur ein Kind
1139 3526 3398 3636 Das mit der Krone spielte, weil sie glänzte,-
1134 3590 3544 3714 Mit eines Dichters Seel', weil sie voll Rätsel,
1125 3664 3329 3802 Mit eines Jünglings Herzen, weil’s dir just
1134 3760 3200 3880 Geschenkt war? Aber wir sind allzu streng
1125 3829 3375 3948 Und leiden's nicht, und jeder von uns wollte
1134 3903 3604 4036 Nicht nur das einz'ge Spielzeug sein - nein, mehr
1125 3971 3136 4095 Die ganze Welt. So nannten wir dein Tun
1125 4008 3264 4210 Betrug und Frevel — und du warst ein Kind!
537 4141 1740 4307 (zu Frau Nardi gewandt:
1139 4160 3379 4385 Hier hast du deine Tochter - sie ist frei,
1143 4302 3104 4426 Und du lass' alles Fürchten, Beatrice
523 4353 1533 4522 Beatrice antwortet:
1143 4408 3177 4600 Das ist vorbei! Und war doch das allein,
1157 4532 3140 4642 Was mich die fürchterlichen Wege jagte
1143 4596 3512 4720 Von Lüg' in Lüge, Schmach in Sehmach, und mich
1139 4628 4068 4862 Hier neben dir (zu dem Toten:) anbetteln liess den andern
1152 4770 3218 4899 Mich zu umarmen, - was mich dulden liess,
1134 4839 3342 4982 Dass deinem Leichnam arger Schimpf geschah,
1139 4936 3352 5096 Und alles, weil's mich graute, da zu liegen
1162 5046 1515 5170 Wie du.
