3544 3944
3171 124 3365 269 25
573 230 3383 403 lassenen Klavier zusammen - nicht um ihrer selbst
569 375 3298 534 willen - sondern um seinetwillen – um das für
576 463 3295 658 beide versunkenen Paredieses des „Nichtwissens“
580 608 1025 760 willen.
597 661 3379 880 Zu spät hat Amodens eingesehen, daß es höchst un¬
555 841 3379 986 meralisch von ihm war, seine Frau dem schmutzi¬
548 905 3312 1110 gen Gerede niedrig denkender, die Größe seiner
559 1032 3266 1188 Absichten nicht verstehender Teute preiszugeben.
569 1145 3220 1294 und will im plötzlich erwachten Gefühl dieser
562 1276 3242 1456 Einsicht Rechenschaft für etwas fordern, was er
559 1382 3263 1545 einst ruhig gestattet hat. Und dabei erst muß
555 1456 3387 1647 er erkennen, daß seine Frau eigentlich nach schuld¬
559 1630 3334 1760 les ist, nur durch seine eigene Vernechtässigung
576 1686 3358 1845 der ersten Gattenpflicht, sein Weib der Versuchun¬
590 1835 3379 2001 gen zu schützen, an sich selbst nicht mehr glauben
566 1965 3348 2107 will, sich dem Wollen und Sehnen nach schon für
555 2047 3266 2245 schuldig hält. daß er ihr wirklich schon breulas
573 2199 3298 2340 war, könnte sie ihm verzeihen, – nicht aber sich
569 2294 3387 2478 und ihm, daß sie nach der feierlichen Abmachung
576 2407 3288 2559 und gegenseitigen Treigabe einander wieder
576 2528 2234 2683 als Liebesleunt angehörten.
643 2648 3256 2771 "Wir haben uns zu viel zugetraut - oder zu
594 2754 3365 2920 wenig. Wir waren weder geschaffen und ewig
587 2877 3429 3012 in Treue zu lieben, nach stark genug und unse¬
573 2984 2206 3146 re Freundschaft zu erhalten.
576 3111 3401 3235 des sind Werte mit tiefem und tregischen Sinn
576 3238 3277 3379 wie sie nur ein dichter gefunden haben kann,
569 3305 3203 3482 der so des Leben und die Bedeutung seiner
590 3496 2902 3609 Zwischenspiele kennt, wie Schnitzler.
