3528 3928
3113 110 3307 294 26.
588 209 3229 390 Und da Amadens seinen Freund, den dichter
567 362 3311 539 und Seelenkünder frägt, welchen Schluß er dieser
571 532 3222 624 ern ihm ersonnenen neuen Art von Ehe geben.
574 596 3233 780 würde, da antwortet dieser: „Keinen heiteren
560 713 3332 890 denn des ist des Charakteristische aller Übergangs.
564 830 3286 1021 gegehen, daß Verwicklungen, die für die nächste
585 939 3279 1152 Feneration vielleicht per nicht mehr existieren,
560 1102 3258 1269 tregisch enden müssen, wenn ein leidlich an:
574 1202 2428 1393 ständiger Mensch hineingerät.
638 1354 3346 1489 Und Schnitzler, wohl dieser dichter und Seelen¬
585 1450 3315 1595 künder selbst, läßt auch sein Stück tragisch en¬
599 1546 3279 1734 den: „daß wir beide uns so schnell darein ge¬
585 1659 3375 1875 funden in jener Stunde, da du nur deine Leiden¬
574 1811 3368 1985 schaft für die Gräfin, ich dir meine Neigung für
592 1939 3276 2116 Sigismund eingestand - das ist nicht Wehrheit
599 2060 3279 2258 gewesen. Hätten wir einander damals unseren
599 2173 3268 2365 hiern, unsere Erbitterung, unsere Verzweiflung
596 2276 3208 2457 in's Gesicht geschrien - statt die Überlegenen
592 2411 3382 2581 und Gefaßten zu spielen – dann waren wir wahr¬
596 2545 3169 2705 gewesen Amadens - und wir waren es nicht!
741 2630 3400 2786 Und wir fühlen, daß die beiden sich nie wieder¬
560 2776 3329 2918 finden können – diese Lüge trennt sie, wie auch
567 2893 3336 3017 die eine Nacht, da auch ihre Treundschaft zur Lüge
567 2981 3407 3130 ward, für ewig. dem Manne wird es schwer fallen
564 3091 3339 3265 sein Leben ohne seine Frau auszufüllen – die Frau
557 3205 3215 3364 wird Mitleid mit ihm haben, Schmerzen um ihn
546 3268 3396 3524 leiden – aber stark und leidenschaftlich – eine kräfti¬
567 3446 3318 3598 ge Trauennetur- sich dadurch in ihrem eigenen
564 3527 2467 3726 Weg nicht beeinflussen lassen.
