4328 5400
1921 378 2095 657 41
643 476 3304 806 sog bald in Versen, bald in Prosa. Im vierten Akt ueberreicht ihm der
661 770 3584 955 Hauptmann Campeggi Papiere, die er einem Gefangenen abgenommen hat. Der Herf-
661 915 3450 1155 zog spricht neber die Angelengenheit in prosa.Man koennte annehmen, dass
654 1075 3461 1282 die Entgegennahme der Papiere als eine untergeordnete Sache mit Absicht
665 1209 3421 1452 in gewöhnlicher Sprache erledigt wird. Dagegen ist anzufuhren, dass der
679 1409 3388 1576 Herzog den Befehl, den Gefangenen frei zu lassen im versmass spricht.
697 1529 3315 1725 Ferner, dass Frau Nardi, die gewohnlich in Prosa spricht, ins versmass
675 1663 2981 1921 hineinschlupft, wenn gerade eine Zeile offen geblieben ist.
694 1841 2585 2052 Rosina(die auch im ersten Akt in prosa spricht):
948 1986 2546 2226 Vergisst der Herzog, dass hier eine steht,
926 2153 1787 2357 Die seine Gattin ist?
694 2313 2215 2538 Und Frau Nardi:“ So schweig, du Boese!
708 2444 3471 2640 Man kann wohl allgemein sagen, dass die rauptpersonen – und diesen Ein-
701 2618 3548 2785 druck gewinnt man beim ersten Lesen - sich im Veramass bewegen, dass aber
2818 2713 2996 2818 and
719 2774 3555 2952 auch untergeordnet  Personen in gehobener Sprache reden, Unterzeordnetes
730 2941 1932 3130 im Versmass ausgedrueckt widd.
726 3007 3533 3257 Diese anscheinende Begellosigkeit erstaunte mich minder, nachdem ich den
737 3177 3526 3479 Vers selbst einer genaueren Betrachtung unterzogen hatte. Neben Formvol-
748 3384 3642 3584 lendung und einschmeichelndem Wohlklang fand ich Holprigkeiten und direk-
763 3508 3446 3758 te Nachlässigkeiten. Besonders steeren die Haufigkeit von Apokope und
755 3700 3573 3900 Synkope und andere dialektische oder durch den Dialekt zu erklärende Un-
752 3878 1307 4103 schoonheiten.
752 4056 2110 4209 Man lese z.B. die folgende Stelle:
759 4132 1899 4358 Ges. Werke Bd. II, Seite 286
1460 4292 1896 4463 Seite 317
