4296 5400
655 551 3520 794 Titel seines erxxx erfolgreichen Stuecks, eines leichtsinnigen, grazice-
673 773 3334 966 sen, echt wienerischen Schauspiels."- "No Schnitzler mehr als die
669 927 3463 1134 suesse Maedelspoesie geben will, versagt er meistens, sowohl im "Schlei-
690 1084 3370 1238 er der Beatrice" (1901),einem blutigen, an ratast Cophen reichen Re-
673 1195 3488 1420 naissangedrema, ohne rechte Tiefe und Hintergrund, wie in dem Schauspiel
723 1392 3481 1578 "Der einsame Weg" (1904) wo das blasierte Spielen mit dem Tode noch lange
683 1560 3542 1735 keine tragische Stimmung heraufbeschwoert. Nur in dem Einakter“ Der grue=
683 1699 3424 1878 ne Kakadu" (1899), in einigen Szenen von grandioser Dumpfheit aus der
698 1807 3424 2036 Zeit des Losbrechens der franzoesischen Revolution gelang dem Dichter
708 2043 1499 2197 ein groeserer Wurf."
716 2172 3499 2354 H. F. Arnold'laesst sich ueber den von Schnitzler bearbeiteten Inte-
708 2315 3098 2504 ressenkreis in achnlicher Weise aus wie Diese,wenn er sagt:
733 2440 3434 2626 * Von den reizenden sieben Einaktern des „Anatol“ bis auf heute (Igoß)
726 2608 3406 2801 stehen Verhaeltnis, Ehebruch, gesetzlose Liebe ueberhaupt, im Mittel-
726 2787 3388 2969 punkt seines Interessenkreises. "Arnols erwitert diese Feststellung
723 2934 3463 3137 ueber Biese hinaus durch den folgenden Zusatz:“ Den Weg von zynischer
726 3069 3538 3256 zu pathetischer Auffassung solcher Stoffe hat Schnitzler früher gefun-
726 3238 3585 3434 en als Hartleben;wenn der Anatol noch ganz auf die frivole Eleganz Lave.
744 3366 3524 3585 dans oder der Angele gestimmt erscheint, so macht sich schon drei Jahre
744 3513 3617 3717 spaeter in der beruehmten" Liebelei" eine ganz andere Anschauung geltend
744 3703 3560 3857 welche die Schilderung eines Halbeschen Liebesfruehlings unvermerkt mit
755 3871 3563 4018 sozialer Anklage durchsetzt und -ganz serztlich- in ihren kleinen Welt-
730 4043 3524 4193 bildern die Zeugung durch Vernichtung ausgleicht, Werden und verderben,
737 4153 2440 4332 R. F. Arnold, Das moderne prama, Seite 237
