4424 5544
1059 375 4198 592 Neben solche Dämpfung und Andeutungskunst tritt bei Schnitzlei
495 490 4111 670 in einigen Stücken, die zumeist in geschichtliche Ereignisse von Bedeu-
513 559 4078 744 tung eingebaut sind und von diesen bedingt werden, ein bewegterer Ton.
504 643 3953 809 Es ist natürlich, dass weltgeschichtlich wichtige Begebenheiten, wie
513 675 4083 911 Kriege und Revolutionen, mit ihren Erschütterungen und Umwälzungen die
499 791 4124 985 äusserste Kraftentfaltung des Dichters verlangen. Leider ist Schnitzler
513 869 4097 1073 zu schwach, diese einmal erkämpfte, überaus lebendige Position lange zu
504 957 4078 1156 zu behaupten. Das Primäre und Charakteristische für ihn bleibt das an-
518 1026 4134 1216 deutende Spiel, die Dämpfung, der die Bewegtheit in seinen historischen
513 1091 4171 1309 Dramen untergeordnet erscheint und daher in unserer Betrachtung zunächst
518 1207 3283 1392 an einigen Beispielen zu erkennen gesucht werden soll.
1128 1309 4212 1493 Solche Bewegtheit findet sich in der deutschen Dichtung viel
527 1415 4115 1614 leicht zum ersten Mal bei Klopstock- dann besonders in der Periode des
546 1470 4184 1683 Sturm und Drang. Wir behaupteten, dass bei Schnitzler in den geschichtli-
536 1567 4194 1771 ghen Dramen solche Bewegtheit zu finden sei. Mächtige Gegensätze erzeu¬
532 1641 4101 1859 gen hier stärkste innere Spannung und grösste Wortwucht. Vor allem ist
536 1729 4092 1923 es der Tod, der zum dramatischen Gegensatz und Steigerungsfaktor wird.
546 1762 4235 1993 Geradezu unerhört ist oft das Ineinanderweben von Spiel und Wirklichkeit,
536 1886 4115 2081 Schuld und Unschuld, Tat und Traum, Sein und Schein. Indem der Dichter
555 1970 4078 2141 die Handlung mit geschichtlichen Ereignissen von ungeheurer Explosiv-
536 2044 4152 2233 kraft umkleidet, erreicht er diese Überlebendigkeit, diesen atemrauben-
555 2118 4074 2307 dem Wirbel von Komödienschein, Wahrheit und Wirklichkeit. Weil hinter
559 2178 4115 2381 all' diesen Szenen und Begebenheiten als drohender Schlusstein der Tod
559 2280 4004 2446 steht, vollen diese Menschen sich vorerst noch ausleben, wollen ihre
550 2330 4124 2538 Begierden und brennenden Sehnsüchte im Zauber der ihnen noch gegebenen
559 2432 3926 2594 Stunden stillen und bis zum letzten Zuge auskosten. Es ist, als ob
555 2506 4129 2691 Schnitzler, da er aus seiner Wiener Welt heraustritt, die ihm eignende
555 2580 4124 2774 dämmernde Müdigkeit habe abstreifen und nun statt der seelischen Vere
564 2645 4175 2844 trämtheiten stahlblitzende Lebenswirklichkeiten von ungeheurer Theater-
564 2728 4175 2918 wirkung habe schaffen müssen. Dem Todesmotiv paart sich oft ein Liebes-
559 2820 4134 3001 motiv und beide bewirken, dass die Gestalten mit heisser Inbrunst sich
573 2899 4138 3075 an das Leben klammern. Sehen sie dieses aber vorwirkt, dann suchen Sie
578 2973 4138 3181 gewöhnlich in wilden Orgien und in ungestümer Hingabe an das Leben die
564 3052 4078 3246 letzten Stunden zuverbringen. Schicksale von gewaltiger Art werden so
1886 3121 4092 3255 in einer Nacht - der letzten - durchmessen.
578 3190 1826 3297 im "Schleier der Beatrice"
564 3209 3976 3375 Hier tritt Schnitzler als Pathetiker grossen Stils vor uns hin. Das
564 3297 4148 3468 Schauspiel führt uns in das Bologna zu Beginn des sechzehnten Jahrhun-
578 3371 4189 3537 derts. Filippo Loschi, ein junger Dichter - er ist der Verlobte Teresi-
564 3417 4254 3625 nas, der Schwester des Grafen Andrea -, dessen Ruhm bereits bis zumHER
578 3519 4258 3694 zog der Stadt, Lionardo Bentivoglio, gedrungen ist, wird von diesem auf-
583 3588 4272 3791 gefordert, am Abend im herzoglichen Palast als Zeichen seiner Kunst eini-
583 3685 4272 3875 ge Lieder vorzutragen. Filippo lehnt dies ab, will er doch mit seiner Ge-
578 3768 4254 3926 liebten, der sechzehnjährigen Bestrioe Nardi, der Tochter eines verstör-
583 3838 4235 4004 ten Wappenschneiders, Bologna verlassen, das am anderen Morgen von Cesa-
578 3921 4208 4087 rerBorgia, der schönen wilden Bestie, angegriffen und vernichtet werden
583 3967 4258 4166 soll. Am Abendkkommt Beatrice zu ihrem Geliebten, der sie freudig in sei-
578 4069 4291 4235 ne Arme schliesst. Filippo entwickelt ihr seine Pläne und erhält ihre ZU-
596 4157 4258 4314 stimmung zu gemeinsamer Flucht. Sie erzählt ihm zuvor noch einen seltsa-
578 4231 4277 4388 men Traum, in dem sie sich als die Herzogin auf einem goldenen Throne er-
592 4305 4268 4457 blickt hatte, der das ganze Volk kniefällig gehuldigt. Mit dem Ausse des
596 4393 4157 4541 Hörzogs war das strahlend schöne Mädchen aufgewacht. Kaum hört Filippo
606 4462 4018 4628 diesen Traum, als er auch schon Beatrice gleich einer Dirne von sich
601 4499 4258 4702 stösst. „Es fliessen ineinander Traum und Wachen“, hiess es früher schon
1854 4619 4171 4758 „Paracelsus“. Wie Heinz Mertens in seinem Buche
596 4675 1789 4795 in Schnitzlers Einakter
596 4693 4217 4864 „Unheldenhafte und heldenhäfte Menschen bei den Wiener Dichtern um 1900
3398 4772 4231 4883 einer Untreue in
601 4790 3810 4971 zeigt, ist bei unserem Dichter Untreu
3972 4841 4254 4980 lippo—
1577 4883 2256 5008 vollimmer noch.
606 4906 1577 5082 Wirklichkeit. Und
