3544 3896
3161 102 3355 257 18.
525 211 3288 370 durch diesen Verzicht all den unendlichen Reich¬
490 317 3235 500 tum der ihn überlebenden Geliebten gleichsam
500 451 3267 680 schenken zu können,- dieser Gedenke ist erheben
511 574 3111 825 in seiner Einfachheit. Hier etwas das Buch
525 733 3238 902 Lamartines unerreichte Verse aus seinem Ge¬
518 863 3164 1022 dichte „l’automme“ – eben dennoch liegt in
550 1025 3372 1205 Schnitzlers einfacher Prosa fest nach mehr Presic.
564 1103 3393 1262 „Ich habe nie geehnt, wie schön das elles ist ».
553 1244 3316 1424 ruft der Kranke aus. „Du weißt es nicht - du¬
525 1420 3312 1653 kannst es nicht wissen du mußt ja nicht Ab¬
536 1515 1889 1734 schied davon nehmen.
666 1670 3256 1836 Und ob auch später die Reizbarkeit, Tannen¬
599 1836 3224 1987 heftigkeit, und die entsetzliche Angst vor dem
578 1913 3203 2125 nahen Tode seine Seele immachten - der Neid
557 2054 3376 2276 auf die Gesunde an seiner Seite ihn mistrauisch,
539 2231 3288 2379 verletzend und grausam macht. - wir sehen mir
553 2326 3372 2527 des Natürliche darin, wir fühlen nur seine Quelen¬
553 2484 3291 2650 mit, und seine entsehliche, wülende Angst ver¬
536 2597 3358 2773 dem Tode, von der sich gesunde Menschen keinen
539 2696 3242 2893 Begriff machen können. Man sagt daß man
543 2861 3284 3048 des Leben verachtet und den Tod nicht fürchtet,
553 3002 3351 3210 meist nur so lange, als man sich gesund fühlt,
532 3097 3348 3312 oder wenigstens nicht aufgegeben ist. Aber wenn
567 3224 3341 3453 ein junge Mensch des desen in den büntesten
574 3344 3263 3577 Ferben rings um sich blühen sieht, und weiß
578 3481 3369 3679 daß er sterben muß, dann erkennt er die ganze
