4328 5448
1946 257 2136 425 -4-
936 634 3586 947 dichten, die vom Juni bis zum September 1873 entstanden,
943 813 3772 1111 also in seinem elften Jahre. Schon die Titel genügen, um die
947 962 3735 1208 Herkunft anzudeuten: “Rom in Brand,” Ulysses und Achilles,“
973 1167 3836 1379 "Hektors Tod," "Achilles letzte Worte, "Andromaches Trauer.
1204 1323 3672 1510 Unter dem Gesamttitel “Der Ruhm,“ geschrieben Anfang
3019 1416 3329 1517 Weben
954 1420 3593 1689 Mai 1875, finden sich vier Gedichte mit den
992 1629 3813 1834 "Der Phlegmatiker, "Der Sanguiniker," "Der Choleriker,“ und
1014 1800 3590 1979 "Der Melancholiker," in denen sich diese vier Typen des
1629 1938 2102 2054 bemites
977 1938 3787 2184 menschlichen Geschlechts selbst in den ihnen eigentümlichen
988 2099 3642 2296 Einstellungen dem nuhm gegenüber enthüllen. Die Gedichte
1010 2229 3511 2456 zeugen somit von Schnitzlers frühem Interesse für die
995 2408 3783 2591 charakteristischen Eigenschaften der verschiedenen Menschen
999 2572 3746 2762 und weisen auf seine spätere Beschäftigung mit der Charak-
1025 2762 2367 2915 terologie undêpologie hin.
1249 2792 4000 3068 Aus dem Jahre 1876 stammt ein gedicht "Streb und geniesse"
1025 3027 3679 3194 in dem der Vierzehnjährige sich als unbedingten Anhänger
1036 3206 2154 3373 des Hedonismus bekennt:
1033 3325 4003 3511 Steht ein Vergnügen dir offen ohn späteren Kummer und Nachteil,
1036 3422 3921 3578 Bist Du ein Narr und ein Tor, wenn Du nicht freudig geniesst.
1051 3489 3761 3683 Glaubst Du, Dein Herrgott im Himmel wird mehr sich freuen
3019 3563 3541 3672 und jubeln,
1062 3623 4056 3806 Wenn Du Sich frömmelnd kasteist und zu den Himmlischen schielst?
1047 3728 3959 3884 Lass den Engeln den Himmel, Du, Sterblicher, bleibe auf Erden,
1055 3813 3370 3974 Labe an irdischem dich, irdische Freude ist dein.
2516 3903 3373 4044 .....  =================
1066 3933 2434 4037 0.................................  =================
1297 3981 3813 4227 Gewissermassen wie ein Leitmotiv zieht sich diese An-
1074 4149 3668 4384 schauung durch fast Schnitzlers ganzen Schaffen und die
1021 4369 3627 4548 meisten Personen in seinen Werken handeln auch danach.
1070 4466 3705 4674 Besonders in der Lobpreisung des diesseitigen Lebens im
1077 4577 3843 4876 Gegensatz zu der asketischen Jenseitigkeit ist er sich bis
1085 4786 2717 5017 an sein Lebensende treu geblieben.
