4376 5528
1083 814 4040 976 Bewegtheit und Dämpfung sind korrelative Begriffspaare und
467 902 4081 1074 bezeichnen verschiedene Grade. Von bewegt kann man überall da sprechen,
481 981 4137 1157 wo Trieb und Drang, wo das Rauschhafte, Ekstatische, Auamische vorzugs-
495 1083 4137 1217 weise gemeint ist; von gedämpft, wo das Verhaltene, Beruhigte, Ausgeruh-
500 1157 4091 1296 te, Statische vorherrscht. Bewegtheit und Dämpfung können nun ganz all-
500 1231 4017 1393 gemein sowohl als Kategorien des inneren Lebens“ verwandt werden, um
500 1305 4109 1444 eine innere Haltung zu bezeichnen, als auch zur Benennung der „jusseren
495 1398 4035 1527 Form" dienen. In Bezug auf Form und Inhalt kann man daher bei Melodie,
495 1476 4151 1610 Geste, Bühne usw. von Bewegtheit und Dämpfung sprechen. Eine äussere ge-
495 1559 4151 1754 dämpfte Form kann also einer inneren bewegten zugeordnet werden; und um-
500 1671 912 1819 gekehrt.
1115 1795 4169 1971 Wer dem Weike Arthur Schnitzlers zum erstenmal begegnet, wird
481 1916 4197 2078 hier zunächst, ohne den Inhalt nach irgend einer Seite bestimmend festle-
500 2018 4165 2152 gen zu wollen, eine formale Dämpfung feststellen, einz Distanzierung von
495 2101 4160 2226 Geschehnissen und Willensäusserungen durch ein leichtes und leises Wort-
500 2170 4118 2300 gewand. Hugo v. Hofmannsthal, der im Jahre 1892 unter dem Decknamen Lo=
495 2254 3961 2365 ris den Prolog zu des Dichters Erstlingswerk „Anatol“ schrieb, weiss
500 2291 4160 2453 schon um die eigenartige Beschaffenheit dieses Gewandes, indem er es als
555 2411 4114 2513 böser Dinge hübsche Formel, glatte Worte, bunte Bilder, halbes heimli-
504 2466 4114 2601 ches Empfinden" bezeichnet. Und der Berliner Kritiker Alfred Kerr mahnt
495 2545 4183 2716 im 4.Bande seines Gesamtwerkes in einer gereimten Kritik einen Darstellen
495 2661 1171 2800 zur Dämpfung
1249 2670 2869 2814 In Arthurs Welt vom Stil betaut
1277 2786 3128 2938 Lacht man nicht so erfrischend laut.
814 2906 4077 3054 Schnitzlers Gegenwartsdramen, der überempfindlichen und auch un-
500 3003 4165 3142 religiösen-Sphäre der Wiener Lebewelt entwachsen, verbinden sprühende Le-
504 3091 4183 3221 benslust mit liebenswürdiger Unmoral, fein pointierten Witz mit reizende
518 3170 4197 3309 Causerie und lassen aus leichtsinniger und gedankenloser „Liebelei“ höch-
518 3262 4017 3383 ste Tragik erwachsen. Feine und flüchtige Empfindungen, zarte Leiden-
514 3355 4077 3466 schaften und kaum merkliche Enttäuschungen und Entfremdungen gestatten
504 3434 4095 3531 es diesen Gestalten Schnitzlerscher Gesellschaftsdramatik niemals, den
514 3512 4077 3614 Bliecks zu richten auf die oftmals aus erschütternder Tragik geborenen
518 3577 4183 3697 Ereignisse im Weltgeschen. Müde und unausgeglichen spielen diese Mensche
504 3674 4118 3785 durch die Tage, führen ihr eigenes Leben, dessen höchste Erfüllung oft-
514 3748 4123 3859 mals innige Umarmungen in schwülen Liebesnächten bedeuten. Wie sagt der
504 3790 4183 3929 der Fabrikant Friedrich Hofreiter im „Weiten Land“? - „Ja, wir errichten Fabr
514 3906 4165 4012 ken, schreiben Einfonien, schaffen wesentliche Dinge, aber das sind doch
500 3984 4160 4118 nur Nebendinge und geschieht nur in den Pausen des Lebens-, das Wichtigst
504 4063 1485 4211 seid Ihr Ihr! Ihr:
1115 4169 4165 4322 Diese Menschen sind geschlechtlich gebunden. Die Libido fess
495 4280 4179 4401 den Mann an das Weib. Seltsam, dass die Männer keinen Versuch machen, si
514 4391 4118 4475 dieser Sinnendikdatur zu entziehen, sondern sich ganz passiv verhalten.
514 4456 4132 4577 Solche Schwäche ist Erscheinung einer absterbenden Welt; kraftlos lässt
500 4521 4081 4655 mann sich treiben, verfehlt wäre es, auch nur den Versuch zu einem mu-
504 4614 2004 4752 tigen Tatbesinnen zuammachen.
