4488 5608
2071 439 2378 641 -9- '11
878 657 3711 836 teren Novellen wird, umso mehr hört man seine Güte heraus: je
886 808 3863 1026 tragischer sie im Vortrag werden,umso bedeut samer werken sie in
874 995 1803 1224 dichterischen Sinn.
1290 1127 3820 1380 Das dritte Erlebnis, das Schnitzler betraf, war so tief
913 1341 3754 1500 dass er nicht wagte mehr es zu gestalten. Denn im Krieg ging
874 1461 3805 1659 die Welt unter, die er schildert und gelebt, das alte habsburgi-
847 1652 3968 1842 sche Oesterreich, und in diesem Chaos zerschellte auch sein persön-
824 1807 3719 1982 liches häusliches Glück. Er erlebte, was er ahnend in manchem
898 1963 3929 2157 Werk vorausgestaltet,an seiner Frau und an seiner Tochter. Ueber
867 2130 3700 2308 dieses letzte Erlebnis hat er (ausser in seinen Tagebüchern)
855 2262 3828 2476 nicht geschrieben: Allerpersönlichstes konnte dieser zarte Mann
851 2425 3863 2604 nie aussprechen, nicht einmal andeuten. Lieber blieb er stumm als
839 2588 3692 2790 hart zu werden. So hat er die neue Welt des Nachkriegs nicht
855 2751 3766 2895 mehr zu erfassen gesucht, sie war ihm zu fremd. Aber neuerdings
832 2868 3801 3082 hat ihn diese Erschütterung näher heran an sich selbst gefuhrt,
851 3016 3634 3214 durch diesen Einsturz seiner menschlichen Welt gelangte der
855 3175 3766 3389 Künstler erst in seine letzte Tiefe. Seine nach dem Kriege ge-
839 3362 3634 3502 schriebenen Novellen "Fräulein Else", „Die Traumnovelle“ und
874 3486 3847 3669 "Flucht in die Finsternis" wissen mehr von den Menschen als alle
839 3634 3886 3809 früheren, weil er selbst von den Menschen das Letzte und Entschei-
839 3847 3867 4018 dende erfahren und der schwere Schatten des Todes, der über ihrem
843 3945 3785 4108 Grund sichtbar lastet, macht sie tragisch in einem ganz grossen
824 4108 3890 4349 und gewalt,igen Sinn, Auch technisch sind sie seine Meisterwerke.
832 4259 3711 4434 Das "Fräulein Else" mit dem stmenden unruhigen Takt eines ge-
797 4461 3847 4656 jagten Herzens, die Traumnovelle mit ihrem deutsamen tiefsinnigen
816 4562 3711 4761 Spiel zwischen Wahrheit und Wahn. Gerade auf der letzten Höhe
808 4780 3820 4967 seines Alters erreicht Schnitzler die letzte Höhe seiner Kunst
