4232 5352
615 537 3359 722 lied Hand in Hand geht, die Ironie und vielfach die gelbstironie setzt.
626 704 3423 882 Schon in seinem „Anatol“ tritt uns ein Mensch entgegen, der seinem Spiegel-
615 860 3466 1095 bild Max gegenueber seine Stellung zum Leben und Lieben auseinandersetz-
626 1024 3448 1187 und der immer wieder bedauert, dass er nie zu einem vollen Genuss kommen
615 1198 2321 1354 kann, weil er zu viel ueber die Liebe denkt.
643 1344 3384 1511 "Ich bin stetz ein Hypochonder der Liebe gewesen“, bekannt er im sechs-
619 1454 3356 1653 ten der Einakter, "Agonie", und wiederum: "Ach nein, ich beneide ja doch
608 1628 3335 1845 die andern, weisst du die Gluecklichen, fuer die jedes Stuck Leben ein
626 1824 3448 1969 neuer Sieg ist. Ich muss mir immer vornehmen, mit etwas fertig zu werden
643 1959 3246 2101 Ich mache xxxaltestellen- ich ueberlege, ich raste ich schleppe mit-
651 2140 3395 2286 Vonc andern ueberwinden spielend im Erleben selbst: es ist fuer sie ein
615 2286 1184 2460 und dasselbe.
608 2425 3335 2616 Max spricht von Gesundung, von Stärkerwerden, worauf Anatol antwortet:
640 2545 3402 2734 "Ich fuehle wieviel mir verloren ginge, wenn ich mich eines Tages "Stark
3022 2680 3221 2791 Laun
608 2709 3423 2876 fände. Es gibt so viele Krankheiten und nur eine Gesundheit. Man immer ge-
619 2869 3445 3043 nau so gesund sein wie die andern - man kann aber ganz anders krank sein
608 3040 1305 3224 wie jeder andre.
608 3178 3342 3367 Auch Fedor im „Waerchen" schleppt sich mit den Schlacken seines Ge-
608 3342 3448 3484 fühls,das ausgebrannt ist, auch er ist einer zwischen dem Gefühl und dem
633 3505 3388 3665 Verstand steht und der immer wieder einsehen muß, dass „Wir noch nicht
619 3633 3352 3832 reif sind fuer unsere Welt“, die von unserem Verstand erschaffene Welt,
615 3783 3317 3942 und das eben in diesem Zwiespalt "unsere tragische Schuld "liegt.Der
608 3982 3423 4142 Gedanke bildet den Grundten zum „Märchen“ und wird in tendenziöser Wei-
608 4088 3438 4262 so an dem alten Thema der doppelten moral zum Ausdruck gebracht. Ich ver-
576 4245 1586 4394 Ges. Werke, Band I, seite
