3560 3928
3176 125 3332 292 16
609 231 3240 377 Schmerzen und Leiden so über alle materielle
562 374 3428 552 Natur der Sache erhoben zu schildern, daß senfition
580 449 3393 651 Gemüter, in allen Märzeln und Tesern ihrer sensi¬
538 644 3265 829 blen Herren aufgewühlt werden, und verstehen
555 765 1460 929 und verzeihen.
616 815 3179 1075 die 190 5 erschienene "Gedechische Tänzerin
584 997 3215 1193 ist eine seiner beften Trasapiecen - dann sie
573 1093 3200 1307 enthält ein ganzes, im wirklichen Leben sich
570 1235 3211 1410 leider so oft abspielendes, Trauenschickfel in
573 1378 3257 1538 einigen Warten und Stimmungen festgehalten.
577 1488 3318 1695 Auch die anderen, in demselben Cyklus enthel¬
552 1634 3208 1769 tenen Hovellen, wie "der blinde Geronimo
570 1755 3272 1965 und Excentrik zeigen alle charakteristischen
570 1908 3329 2079 Merkmale Schnitzlerischer Erzählungskunst - ja
570 2011 3314 2193 in lefterem überrascht uns sogar eine durch
570 2157 3293 2364 humeristische Treckenheit plänzend wirkende
605 2261 1207 2424 Variation.
637 2414 3222 2570 In den im Jahre 1907 erschienenen Novellen
584 2503 3354 2702 "Dämmerseelen" tritt uns eine Wendung seiner
623 2688 3407 2855 stilistischen Eigenart zur Vernehmheit entgegen,
619 2773 3240 3008 indem er neue Nnancen in Tarben und Tönen
595 2926 3407 3165 zur Wiedergebe seine imaginären Absichten fin¬
584 3054 3354 3297 det, und sich ganz über die passere Manier er¬
580 3200 883 3378 hebt.
637 3240 3428 3482 Überhaupt finde ich seine Stellen und Straelletten
616 3421 3378 3699 begrubender als seine langen Romene, die ihm
