4296 5400
1895 483 2080 649 42
1068 617 2647 816 Wi/l dieser schwere Tag so heiter enden
1068 759 2825 983 Als glitt ihm von den kummervollen Schultern
1079 894 2715 1114 Dunkles Gewand und saeh ich zum Beschluss
1093 1089 2640 1302 in lichter Seide seine Glieder spielen.
660 1228 1966 1434 Dagegen halte man die folgenden:
1093 1409 2832 1576 Was, ich, hoechst seltsam dir berichten komme
1097 1530 2871 1750 Wie muess' ges Schwaetzen weisest du von dir.-
1097 1679 2874 1888 Was fuer ein Einfall.Heute wacht beim Himmel!
1093 1849 2708 2048 Das ist 'ne Art die letzte hinzubringen.-
1107 1991 2690 2207 Er winkte und sie folgt ihm? Sag uns doch
1104 2108 2793 2342 Wie all dies sich begab.'s ist wunderbar!
667 2264 3510 2530 Eine etwas ausführlichere Untersuchung des ganz in Blanzversen geschrie-
674 2495 2583 2630 benen "aracolsus" ergibt das folgende Resultat:
678 2640 3403 2786 Auf den 46 Seiten, die das Stück umfasst, fand ich Apokope und Synkope
685 2796 3478 2949 200 mal. Das Subjekt ist 7 mal ausgelassen. Das Hilfszeitwort sein ist im
692 2942 3364 3112 Plusquamperfekt 13 mal, das uilfszeitwort haben 20 mal ausgelassen.
692 3119 2076 3293 36 mal kommen Umstellungen vor wie:
1125 3265 2977 3425 Dem gehts nicht gut, denn bald verlassen muss or
1114 3389 2949 3556 Die schoenste Stadt und manches das ihm teuer.
692 3538 3542 3730 Der folgende Satz wirkt unscheen durch die Weglassung des Bindeworts und
703 3726 2835 3904 die gleichzeitige Einschachtelung des Adverbialsatzes:
703 3943 3389 4163 Ges. Werke pand 11. Seite 169.-135.240 (Der Schleier der Beatrice")
1341 4088 2477 4269 II. Seite 18 (“Paracelsus”)
