4216 5368
1901 391 2060 558 34
1018 547 2694 753 Es war ein Spedl. Was sollt es anders sein?
1032 710 2886 931 Was ist nicht spiel, das wir auf Erden treiben/
1043 865 2810 1054 Und schien es noch so gross und tief zu sein.
612 1047 3418 1206 Und Cyprian, der sich die Lehe zu Herzen nimmt, faellt in den Ton des Pa-
630 1155 2560 1351 racelsus: "Doch was ich heut gesain, fuer alle Zeit
1003 1315 2727 1514 Soll's mich vor allzu grossem Stolze hueten.
1010 1445 2745 1677 Es war ein Spiel, doch fründ ich seinen Sinn
1010 1655 2662 1840 Und weiss, dass ich auf rechtem Wege bin.“
630 1767 3357 1970 Im grünen KakadA“ wird die von Paracelsus ausgesprochene Idee in Hand-
641 1959 3328 2100 lung umgesetzt. Das Spiel zwischen Wirklichkeit und Schein wird vorge-
630 2089 3440 2274 fuhrt.Anspielungen auf die Idee kommen vor, verschwinden aber im Dialog,
619 2263 3502 2437 sie erscheinen zufällig und unbeabsichtigt, wie die Details der ersten Ak-
637 2408 2325 2600 te in den meisten Schnitzlerschen Stuecken.
648 2564 3458 2709 "Schleier der Beatrice" sprechen die Personen in langen offenen und
637 2705 3455 2901 verkappten Monologen,ueber sich, ueber ihre Beziehungen zu andern Perso-
655 2883 3429 3009 nen und zu der Idee des Stücks. Und zwar geschieht dies nicht allein von
659 2984 3469 3179 Filippo, dem Dichter, sondern auch von Bentivoglio, dem Herzog, dem solda-
655 3154 3571 3350 ten.Filippo ist wieder ganz und gar der Anatol, der bedauert,dass er nicht
655 3317 3437 3509 leichtsinnig sein kann und der diesem Redauern immer und immer Ausdruck
648 3516 1043 3665 verleiht.
1014 3628 2093 3824 „ So einer moecht ich sein,
894 3773 2850 3976 Der festen Schritts und lâchelnd vorwärts wandelt,
887 3962 2495 4103 Derselbe aufsteht und zur Ruh sich legt,
905 4146 2372 4284 Nicht heute Gott und morgen Affe ist,
913 4269 2738 4429 Den, der heute seine Hochzeit feiert, neid ich,
894 4414 2194 4599 Den Bentivoglio, der an jedem Tag
