3576 3896
623 172 3254 347 mals Laune, Witz oder Humar – es ist nur
580 308 3426 498 die feine Meske des Taktgefühls, das hinter dem
562 437 3272 634 hereufbeschworenen Lächeln die kaum unter¬
566 573 3337 752 drückten, heißen Ternen verbergen will. Hinter
548 662 3354 888 der kecken kostümieten Lebenslüge schimmert
573 823 3226 1006 der bleiche wunde Körper neckler Mehrheit,
562 970 3394 1171 hinter all' dem Charm dieser geschminkten, ge¬
584 1063 3387 1282 puderten, gelent lächelnden Welt verbragen sich
573 1232 3362 1403 verblütende Herzen und hinter der operetten¬
587 1314 3269 1500 heft lannenhaften, capriciösen Meleilie des
601 1471 3437 1658 modernen, stilisierten Lebens tönen die prellen
566 1622 3440 1740 disharmonien der armen, vergessenen und ver¬
591 1686 3365 1880 gewölligten Natur. Das ist die Intention der
576 1837 3405 2019 Werke Schnitzlers, des ihr Eindruck! Sie ru¬
591 1962 1940 2152 fen Neusation hervor.
641 2051 3415 2295 Eine klare aber bittere Kritik des modernen
666 2198 3405 2434 Erbens, eine geistreiche Reise an den Enttäu¬
619 2370 3340 2535 schungen die es uns, einem jeden von uns
612 2495 3369 2667 und dem dichter selbst bereitet - ein Gerichts-
619 2628 3326 2785 tag über die Stehen, die ein jeder in diesem
616 2728 3154 2896 bunten Meskenspiel sich einstudiert hat.
616 2835 3408 3047 Schnitzler findet ja ein gewisses Gefallen an¬
605 2968 3401 3168 diesem Maskenspiel - er begreift ja, daß des
601 3118 3405 3312 Leben in seinen alltäglichen, natürlichen Be¬
598 3218 3301 3394 dürfnissen unausstehlich lengweilig wäre,
605 3354 3351 3530 wenn das High.öfl der Geistreichen es nicht
605 3437 3387 3637 mit solchem Meskenspiel müancieren und der
