4344 5480
551 225 733 458 1
2006 426 2171 529 -3-
966 812 3587 1101 wieder zu Gesicht bekomme und wie er dann versucht sei,
976 955 3605 1194 sie entweder zu zerstören oder doch wenigstens zu revi-
980 1116 3605 1380 dieren, dass er es aber unterlassen habe, weil es nicht
1624 1280 2389 1409 Gege n 1890 aber
991 1259 3659 1513 ehrlich wäre. xxxn sei durch ein tiefes persönliches
2732 1373 3659 1513 in seinem Schatten
1001 1456 3644 1649 Erlebnis beinahe plötzlich eine Wandlung eingetreten. Er
1012 1609 3844 1817 sprach selbst seine Verwunderung darüber aus, dass sich dies
1023 1752 3666 1938 so deutlich in dem Stil ausdrückte. Er fügte dann hinzu,
1005 1863 3730 2131 dass dies mit dem intellektuellen Gehalt viel weniger der
1019 2042 3744 2274 Fall gewesen sei und dass er verhältnismässig wenig Grund
1005 2221 3877 2400 hatte, die in seinen frühen Werken ausgesprochenen Ansichten
1037 2382 3655 2568 und Beobachtungen zu ändern. Wenn wir nun im fortigenden
1584 2528 1910 2625 fruhen
1037 2514 3641 2704 einige dieser Arbeiten unserer Betrachtung unterziehen,
1048 2664 3844 2875 so wollen wir unser Augenmerk weniger auf die Form, sondern
1026 2865 2378 3051 mehr auf den Inhalt richten.
1652 3144 2607 3369 a) LYRISCHE ANFANGE
1291 3426 3927 3669 Man hat sich so daran gewöhnt, Schnitzler als Verfasser
1062 3594 3644 3819 von Dramen und Novellen anzusehen, dass es einen etwas
1073 3712 3884 3923 sonderbar anmutet, in seinem frühen Schaffen auch die Lyrik
1066 3870 3916 4088 so reichlich vertreten zu sehen. Seit dreissig oder vierzig
1073 4020 3873 4238 Jahren ist fast kein Gedicht von ihm veröffentlicht worden,
1084 4195 3834 4420 ob auch nicht geschrieben, bleibt vorläufig dahingestellt.
1084 4345 3673 4560 Heute noch existieren genügend Gedichte, um einen ganz
1091 4542 3902 4739 respektablen Band auszufüllen. Wie sehr Schnitzler sich von
1098 4653 3873 4860 seiner Lektüre beeinflussen liess, besonders in der ersten
1080 4824 3762 5039 Zeit, ist besonders ersichtlich aus einer Anzahl von Ge-
