4476 6016
2187 876 2418 1072 sans chez
1142 976 2552 1215 sverstehen, Uebelwollen haben ihn
949 1142 2960 1380 Stoffkreises vorgeworfen. Das ist eine Verwe
684 1315 2856 1541 ffkreis ist weit, fest steht nur jenes Kreis der
688 1457 2848 1676 sind die gleichen Probleme, auf deren Darstellung
492 1607 2914 1872 Lyrik, jede musikalische Dramatik beschränkt ist - und
488 1803 2994 2026 denen Enge, Wiederholung vorwerfen. Es ist eben das We
480 1937 3044 2149 musikalischen Menschen - der Begriff jetzt in seinem
480 2079 3160 2322 Sinne genommen - wahrlich keine Froschperspektive. Und der
473 2241 3567 2429 ker, dessen Formkraft dem rhythmisch-musikalischen Element sehr nah-
484 2418 3494 2621 steht, wird auch seine Menschen aus jenem Bezirk ihrer Seele ge-
469 2545 3525 2802 stalten müssen, aus dem "Musik" kommen kann. Gewiss ist so das Werke
473 2706 3486 2910 des Dichters begrenzt, aber man bedenke: es gibt Grenzen, die ein-
469 2852 3448 3098 engen und Grenzen, die hervorbringen. Und nur von Begrenztheit in
484 3071 3402 3229 diesem produktiven Sinne kann hier die Rede sein, die niemals e
469 3206 3348 3448 Ueberschreiten, immer nur Konsequenz, treues Festhalten fordert.
1049 3325 3302 3563 Hier wird fühlbar, dass die Verbindung von Arzt
557 3475 3344 3663 usiker in einem Dichter, die wir anfangs leichthin behauptete
569 3636 3302 3855 Ich doch nicht so selbstverständlich einstellen möchte. Jene
580 3798 2433 4047 kalischen Bereich des Menschen könnte mit
2598 3813 3171 4017 mit einer vie
2598 3982 3083 4186 stferne neu
527 3982 2091 4167 twas kühnen Metaphanr, seine Naturne.
726 4113 1956 4370 haber, Beobachter, Forscher, Dr.
738 4340 1049 4524 des Ge
