4424 5512
1898 388 2092 593 -6-
780 597 3766 780 sche übertragen und hinübergepflanzt, ganz organisch wirken, weil
837 772 3804 947 sie alltägliche Situationen sind, der junge Mann, die junge Frau,
837 947 3754 1095 der Ehemann. Dreieckfiguren in eigenartigsten und lebhaften Va-
791 1084 3758 1282 rianten. Aber obwohl Meisternovellen, tragen sie doch eigentlich
784 1240 3583 1415 nicht seine eigene Unterschrift. Erst nach 1900, nach seinem
791 1400 3298 1560 vierzigsten Jahr,wird Schnitzler der grosse Erzähler.
1366 1727 3758 1993 Vertiefung: Um zu erschüttern muss Schnitzler erst
784 1932 3693 2088 selbst erschüttert sein. Sein Leben war anfangs vielleicht zu
784 2111 3800 2259 leicht gewesen,zu eben, zu bequem; Sohn aus guter Familie, im Bür-
784 2206 3838 2415 gerlichen aufgewachsen,in der Gesellschaft um seines schönen Bar-
791 2381 3842 2560 tes, seiner ersten Erfolge willen gern gesehen,wird er vom Wirkli-
803 2579 3808 2746 chen kaum angefasst: die Frau ist im Anfang das einzige Problem.
803 2708 3846 2936 Um weiter zu gelangen musste er erst Widerstand spüren,er brauch-
791 2872 3789 3115 te andere Dinge und Erkenntnisse,um sich mit ihnen auseinander-
791 3070 3716 3264 setzen zu können, als die bloss erotisch gesellschaftlichen,die
780 3195 3747 3393 seine erste sphäre ausmachten. Er musste näher,viel nä her heran
784 3336 3728 3591 ans wahrnaft Wesenhafte,tiefer hinein in die Zeit. Die kam ihm
780 3496 3754 3712 bald entgegen. Das erste Zeiterlebnis, das den jungen Schnitzler
795 3652 3789 3903 (und noch spät den alten Mann) bis tief unter die Haut berührte,
822 3868 3693 4002 war der Antisemitismus. Er wurde erst in den Achtzigerjahren,
772 4024 3792 4180 in den Neunzigerjahren in Wien erfunden, zum ersten Mal wurde da-
784 4127 3773 4359 mals der Versuch gemacht, das jüdisch. geistige Bürgertum, das völ-
761 4332 3705 4545 lig heimisch in der Wiener Kultur wohnte, und sich in ihr tätig
780 4439 3663 4610 und schöpferisch wohl fühlte, mit plötzlicher Gewalt heraus zu
765 4603 3442 4774 drängen, zu isolieren,zu entwurzeln. Leidenschaftlich das
784 4736 3804 4952 Oesterreichische liebend, Wien und seiner besonderen Art unlösbar
