4248 5416
724 457 3464 736 fuer eine andre ist er gestorben. Und ich hab ihn angebetet. Hat er denn
724 724 3477 923 das nicht gewusst? Das ist ihm alles gegeben hab, was ich ihm hab geben
728 865 3460 1060 koennen, dass ich fuer ihn gestorben waer-dass er mein Herrgott gewesen
728 1027 3427 1214 ist und meine Seligkeit- hat er das gar nicht bemerkt? Er hat von mir
736 1169 3427 1356 fort gehen koennen mit einem Laecheln, fortgehen aus diesem Zimmer und
736 1343 3518 1535 sich fuer eine andere niederschiessen lassen.. Vater, Vater. verstehst du
732 1535 927 1684 das?
740 1688 3552 1867 Die Steigerung findet ihnen Hoehepunkt als Christine erfahrt, dass Fritz
728 1792 3618 1984 bereits beerdigt ist, dass die nächsten Verwandten ihm das Geleite gegebe
736 1988 3502 2125 haben - und sie hat nicht einmal gewusst, dass er tot ist.gie stürzt ab,
724 2096 3552 2287 nach seinem Grab.Theodor und Mizi eilen ihr nach. Glaubt man es, wenn der
715 2258 3481 2487 alte Weihring jammert: „Sie kommt nicht wieder, sie konnt nicht nieder!“
728 2437 3547 2620 Ich kann mich erinnern, dass mir diese Stelle schon beim ersten Lesen un-
728 2608 3560 2770 glaubhaft vorgekommen ist, ohne mir klar zu sein, woran dieses Ausbleiben
740 2770 3481 2890 der erstrebten Wirkung lag. Heute weiss ich, dass es das die Tendenz be-
749 2894 3564 3115 tonende Verstandesmässige ist was diesen Schmerzensausbruch unnaturlich
728 3032 2549 3231 erscheinen und zu keiner Wirkung kommen lässt.
728 3181 3531 3360 Im ersten Akt von "Freiwild" spricht die Handlung und der in ihr verblei-
736 3319 3601 3506 bende Dialog. Im zweiten wird zur Ided. Stellung genommen.Die Duc Ufrage
736 3489 3414 3668 wird erörtert. Die Auseinandersetzungen nehmen aber nicht in breiten
728 3651 3514 3851 Raum ein, wie im "Mänchen, der kunstvolle nialog nimmt der Dialektik viel
728 3797 3406 3976 von ihrer Haerte der dritte Akt ist ganzlich frei von ihr und am Ende
724 3955 3485 4113 fallt der Revolverschuss, ohne dass daran eine Auseinandersetzung ueber
715 4088 4055 4288 die Berechtigung der Tat geknüpft wird
