4168 5320
1980 240 2190 454 -12-
839 729 3472 923 schon in der frühen Lyrik angetroffen haben. In "Moderne
839 927 3468 1103 Jugend" zum Beispiel, einem Fragment aus dem Jahre 1881,
839 1076 3571 1248 Mussert sich Hugo seinem Freunde Alfred gegenüber in einer
843 1202 3613 1404 recht wegwerfenden Weise über die Ehe. Er wendet einen Ver-
843 1370 3537 1621 gleich an, den man ohne Schwierigkeit dem späteren Anatol
839 1526 2045 1755 in den Mund legen könnte:
1076 1728 3590 1896 Bis man mit so einer Zigarre fertig wird...! Man wird
843 1839 3655 2018 ihrer überdrüssig, bevor man zu Ende gekommen ist. Aber eine
839 1991 3662 2155 leichte Zigarette - die nicht länger dauert, als der Genuss,
851 2155 3727 2312 welchen sie gewährt. Es ist derselbe Unterschied wie zwischen
843 2320 3895 2449 einer Ehe und einer Liebschaft. - Ich werde mich nie verheiraten.
1083 2499 3586 2644 Ferner wird in diesem Fragment unbarmherzig gegen die
839 2625 3903 2819 sogenannten anständigen Mädchen ins Feld gezogen. Hugo gibt seine
828 2754 3640 2926 Freunde den Rat, seine Beziehungen zu dem sittsamen Kätchen
839 2915 3620 3067 abzubrechen, denn es wären doch nur "bleiche Genüsse, abge-
824 3086 3666 3197 härmte Vergnügungen und eine Verschwendung mit der schönsten
843 3247 3769 3376 Zeit des Lebens.“ Später als sie aufxxxx mit ehrbaren jungen
786 3399 3548 3556 Damen einem Ball beiwohnen, wird diese vernichtende Kritik
790 3514 3762 3716 fortgesetzt. Von einem Mädchen "mit funkelnden Augen, aus denen
797 3678 3674 3857 das Verlangen blitzt, sich in alle Freuden des Lebens und der
778 3838 3636 4017 Liebe zu stürzen,“ die aber nicht den Mut hat, sich über die
786 3990 3674 4147 Konvenienz hinwegsusetzen, sagt Hugo: "Wahrhaftig dieses Mäd-
801 4139 3678 4307 chen unterscheidet sich nur dadurch von einer Dirne, dass sie
786 4300 3674 4456 noch Jungfrau ist.“ Schlieslich finden die Freunde das ganze
786 4490 3632 4658 Treiben so abgeschmackt, dass sie sich aufmachen, dorthin zu
790 4635 3762 4830 gehen, "wo man keine Hochzeit wünscht. Zu den Bescheidenen, die
786 4780 3693 4956 sich mit weniger begnügen. Hab' ich nicht recht, wenn mir die
