4312 5400
1104 635 2647 788 „Wo waere das Verdienst, am eignen Herd,
1086 813 2637 994 Dem Hause nuetzend wie dem allgemeinen,
1104 898 2882 1132 sein ehrlich Handwerk treiben als ein Burger,
1104 1089 2821 1256 Geab's andre nicht, die's in die Verne lookt
1104 1239 2445 1441 Als fahrende Gesellen hinzuziehn.'
671 1402 2768 1572 Das Adverb erscheint do pelt in der folgenden Stelle:
1121 1533 2669 1703 "Von neuem immer, seh ich solche Frauen,
1079 1714 2750 1899 Geschaffen hoher Menschen Glueck zu sein,
1114 1906 2757 2044 An einen cauch wie Ihr seid weggeworfen,
1121 2030 2140 2193 Erbittert mich auf's neu.
1984 2090 2733 2222 älteren Formen
703 2119 3556 2349 Ferner fuhre ich die folgenden Auslegiebildungen und Formenubertragungen
1132 2300 2967 2491 Nicht ganz verachtlich ist des Himmels Dach.-
1164 2495 1881 2676 enkt ihr's noch.-
1136 2647 3048 2800 Wie sich dies Raetsel loest harr ich vergebens. -
1146 2814 2346 2974 Du wirst der Torheit lacheln.-
1146 2917 3205 3130 minder stolz warst du der Frau gewesen, dir im Arm.
1150 3080 2999 3261 Hat euer feiges Herz nicht mehr an Kuhnheit.
1146 3283 1707 3449 Rats erholen
727 3868 1977 4109 Ges. Werke, od II Seit 25. 41.
1192 3978 3481 4163 Nach der obigen Reihenfolge Seite:23.- 53.-54.- 54.- 42.-
1182 4159 1363 4255 56.-
