4408 5528
1842 207 2059 461 -1-
1382 272 1658 442 1 „ „
3312 244 4035 544 Vent 7
728 281 1161 594 "terk"
456 318 677 608 P.
801 580 2847 742 Der Geist im Wort und der Geist in der Tat.
603 686 4067 967 Einem Dichter, schöpferischem Gestalter lebendiger Menschen, ist der Mensch
424 898 2598 1138 Gegenstand theoretischer Betrachtung geworden!
613 1115 3957 1258 Wie selten ist es, dass die Natur zu der Kraft des Produzierens auch des
410 1239 3842 1433 Brang und die Fähigkeit des Reflektierens schenkt und zu beiden noch den
433 1386 3952 1538 starken Charakter, der sie reinlich auseinanderhält. Wäre es nicht so selten,
415 1520 4007 1760 mancher Weg unseres Denkens wäre wohl minder beschwerlich. Denn wer kennt ein
428 1704 3911 1916 Ding besser als der, der es selbst erzeugt? Und wer weiss mehr vom Menschen
424 1902 3897 2013 als der, der selbst menschen schafft? Wer spräche aus näherer Vertrautheit,
415 1981 3773 2211 wer könnte Wahreres, Fruchtbareres über ihn sagen als der Dichter, dem zu
405 2137 3763 2303 lebendiger Gestaltungskraft Klarheit und Schärfe des Denkens, unbedingte
405 2331 3855 2460 Aufrichtigkeit des Xäärkenntniswillens gegeben ist - der den Instinkt der
410 2464 3897 2626 Diagnose besitzt, die Oberflächliches zu durchdringen und aus der Hülle des
415 2598 3234 2837 Nebensächlichen den wesenhaften Kern herauszuschälen vermag'
594 2759 3980 2994 In der Form von "vorläufigen Bemerkungen zu zwei Diogrammen" handelf das
410 2943 3998 3114 neue Buch Arthur Schnitzlers vom Wesen des Geistesmenschen.Lebendig anschau-
424 3109 4040 3289 endes, nicht begrifflich zergliederndes Denken will in der schwankenden,flies-
405 3211 3934 3418 senden, stets sich wandelnden Erscheinung des Individuums einen festen Kern,
410 3422 3897 3597 ein in allem Wechsel Beharrendes fassen und findet es in der "angeborenen,
405 3547 4040 3703 einheitlichen und unveränderlichen Geistesverfassung“, die dem geistesmenschen
410 3699 4035 3883 kennzeichnend zugrunde liegt. Und die unübersehbare Mannigfaltigkeit geistigen
405 3888 4040 3984 Wirkene der Individuen schliesst sich vor dem synthetischen Blick des inneren
405 3984 4100 4104 Auges zu wenigen Urtypen zusammen, die sich einer einfachen schematischen Figur
410 4086 3957 4284 einem Dreieck zwanglos einfügen: zwei an den unteren Eckpunkten, zwei am den
396 4265 4086 4408 Mitten der aufsteigenden Seiten, einer an der Spitze; ein sechster ist über der
410 4404 4007 4588 Spitze angeordnet, an einer Linie, die von hier aufwärts gezogen ist. - Da
405 4565 3901 4726 im allgemeinen menschlicher Geist zwei Hauptmöglichkeiten des Wirkens hat,
415 4689 3865 4878 Wort und Tat, wird der Urtypuä verschiedene Gestalt haben, je nachdem, ob er
405 4855 3975 5035 dem einen oder dem anderen Wirkungsbereich zugehört und es werden zwei ein-
410 4966 4077 5196 ander völlig entsprechende Schemata entstehen, Nun ist aber der Geist ein xxx
405 5127 3980 5348 zwiespältiges Prinzip, das nur polarisiert in Erscheinung treten kann, mit po-
