<?xml version="1.0" encoding="UTF-8" standalone="yes"?>
<PcGts xmlns="http://schema.primaresearch.org/PAGE/gts/pagecontent/2013-07-15" xmlns:xsi="http://www.w3.org/2001/XMLSchema-instance" xsi:schemaLocation="http://schema.primaresearch.org/PAGE/gts/pagecontent/2013-07-15 http://schema.primaresearch.org/PAGE/gts/pagecontent/2013-07-15/pagecontent.xsd">
    <Metadata>
        <Creator>prov=READ-COOP:name=TrHtr:version=2.1.0:model_id=51170:date=15_08_2023_13:51</Creator>
        <Created>2023-05-10T15:29:24.824+02:00</Created>
        <LastChange>2023-08-15T13:51:09.033+02:00</LastChange>
        <TranskribusMetadata docId="1429071" pageId="55436448" pageNr="130" tsid="132859213" status="IN_PROGRESS" userId="64420" imgUrl="https://files.transkribus.eu/Get?id=METMLIMLNUCWSETUEYJKBFDP&amp;fileType=view" xmlUrl="https://files.transkribus.eu/Get?id=IXDGBTMYYANUTDVMFPNBTEZK" imageId="44710437"/>
    </Metadata>
    <Page imageFilename="1429071_0130.jpg" imageWidth="4264" imageHeight="5384">
        <ReadingOrder>
            <OrderedGroup id="ro_1711798185839" caption="Regions reading order">
                <RegionRefIndexed index="0" regionRef="tr_1"/>
                <RegionRefIndexed index="1" regionRef="tr_2"/>
            </OrderedGroup>
        </ReadingOrder>
        <TextRegion id="tr_1" custom="readingOrder {index:0;}">
            <Coords points="656,534 3539,534 3539,2779 656,2779"/>
            <TextLine id="tr_1_tl_1" custom="readingOrder {index:0;}">
                <Coords points="1980,605 2045,608 2049,615 2060,608 2078,623 2089,615 2110,630 2139,630 2150,445 2125,438 2103,449 2082,438 2067,449 2053,445 2027,456 2009,442 1991,442"/>
                <Baseline points="2005,590 2059,590 2148,584"/>
                <TextEquiv>
                    <Unicode>17</Unicode>
                </TextEquiv>
            </TextLine>
            <TextLine id="tr_1_tl_2" custom="readingOrder {index:1;}">
                <Coords points="634,854 3102,793 3421,724 3425,565 637,677"/>
                <Baseline points="656,769 740,769 829,764 919,769 1008,764 1098,758 1187,758 1277,752 1366,752 1456,752 1545,752 1635,752 1725,746 1814,746 1904,746 1993,740 2083,740 2172,740 2262,740 2351,734 2441,734 2530,734 2620,728 2709,728 2799,728 2888,728 2978,722 3068,722 3157,722 3247,716 3336,716 3426,716"/>
                <TextEquiv>
                    <Unicode>Mittel, dessen das Schicksal sich bedient. Katharina war bestimmt zu wer-</Unicode>
                </TextEquiv>
            </TextLine>
            <TextLine id="tr_1_tl_3" custom="readingOrder {index:2;}">
                <Coords points="655,956 2530,923 2682,891 2682,782 659,854"/>
                <Baseline points="674,925 722,925 811,919 901,919 990,913 1080,913 1169,907 1259,913 1348,913 1438,907 1528,907 1617,901 1707,901 1796,895 1886,895 1975,895 2065,895 2154,895 2244,895 2333,889 2423,889 2512,889 2602,889 2692,889"/>
                <TextEquiv>
                    <Unicode>den was xxx ward.Sie waren zur Hand, das ist alles."</Unicode>
                </TextEquiv>
            </TextLine>
            <TextLine id="tr_1_tl_4" custom="readingOrder {index:3;}">
                <Coords points="637,1111 3377,1090 3406,930 641,1014"/>
                <Baseline points="656,1074 728,1074 817,1074 907,1068 996,1068 1086,1068 1175,1062 1265,1062 1354,1062 1444,1062 1534,1056 1623,1056 1713,1056 1802,1056 1892,1050 1981,1050 2071,1050 2160,1044 2250,1044 2339,1044 2429,1038 2518,1038 2608,1038 2697,1038 2787,1032 2877,1032 2966,1032 3056,1026 3145,1026 3235,1026 3324,1020 3414,1020"/>
                <TextEquiv>
                    <Unicode>Der Mensch wird was er ist. Und was er Ist unter all der Masse von ver-</Unicode>
                </TextEquiv>
            </TextLine>
            <TextLine id="tr_1_tl_5" custom="readingOrder {index:4;}">
                <Coords points="655,1307 3443,1202 3443,1126 2874,1057 659,1158"/>
                <Baseline points="674,1235 764,1229 853,1229 943,1223 1032,1223 1122,1223 1211,1223 1301,1217 1390,1217 1480,1217 1569,1211 1659,1211 1748,1211 1838,1205 1927,1205 2017,1199 2107,1199 2196,1199 2286,1199 2375,1199 2465,1193 2554,1193 2644,1193 2733,1187 2823,1187 2912,1181 3002,1181 3091,1181 3181,1181 3270,1181 3360,1181 3450,1181"/>
                <TextEquiv>
                    <Unicode>huellungen und auf der Oberflaeche ruhenden gedanken und Handlungen, das</Unicode>
                </TextEquiv>
            </TextLine>
            <TextLine id="tr_1_tl_6" custom="readingOrder {index:5;}">
                <Coords points="666,1430 3522,1383 3526,1242 670,1303"/>
                <Baseline points="686,1384 758,1384 847,1378 937,1378 1026,1378 1116,1378 1205,1372 1295,1372 1384,1372 1474,1366 1563,1366 1653,1366 1742,1360 1832,1360 1922,1360 2011,1354 2101,1354 2190,1354 2280,1348 2369,1348 2459,1348 2548,1343 2638,1343 2727,1343 2817,1343 2906,1337 2996,1337 3085,1331 3175,1331 3265,1331 3354,1331 3444,1331 3533,1331"/>
                <TextEquiv>
                    <Unicode>ist's was Schnitzler zu ergruenden und darzustellen sucht. Worauf nun wie-</Unicode>
                </TextEquiv>
            </TextLine>
            <TextLine id="tr_1_tl_7" custom="readingOrder {index:6;}">
                <Coords points="666,1589 3428,1549 3453,1361 2950,1452 2313,1379 670,1459"/>
                <Baseline points="686,1539 775,1539 865,1534 955,1534 1044,1534 1134,1528 1223,1528 1313,1528 1402,1528 1492,1522 1581,1522 1671,1516 1760,1516 1850,1516 1939,1510 2029,1510 2118,1504 2208,1504 2298,1504 2387,1504 2477,1504 2566,1498 2656,1498 2745,1498 2835,1498 2924,1492 3014,1492 3103,1486 3193,1486 3282,1486 3372,1486 3461,1480"/>
                <TextEquiv>
                    <Unicode>der diese,von allen Schein befreite Wirklichkeit ruht, die prage laesst</Unicode>
                </TextEquiv>
            </TextLine>
            <TextLine id="tr_1_tl_8" custom="readingOrder {index:7;}">
                <Coords points="673,1730 3283,1687 3283,1578 3131,1549 677,1596"/>
                <Baseline points="698,1683 787,1689 877,1689 966,1689 1056,1683 1146,1683 1235,1683 1325,1677 1414,1677 1504,1677 1593,1677 1683,1677 1772,1671 1862,1671 1951,1671 2041,1665 2130,1665 2220,1665 2309,1659 2399,1659 2489,1659 2578,1653 2668,1653 2757,1653 2847,1647 2936,1647 3026,1647 3115,1641 3205,1635 3294,1635"/>
                <TextEquiv>
                    <Unicode>Schnitzler offen und setzt dafür das Schicksal. In dem Einakter “Zum</Unicode>
                </TextEquiv>
            </TextLine>
            <TextLine id="tr_1_tl_9" custom="readingOrder {index:8;}">
                <Coords points="684,1900 3019,1872 3475,1832 3479,1734 684,1810"/>
                <Baseline points="704,1844 710,1850 799,1844 889,1844 978,1838 1068,1838 1157,1838 1247,1838 1337,1832 1426,1832 1516,1832 1605,1832 1695,1820 1784,1826 1874,1820 1963,1820 2053,1820 2142,1820 2232,1820 2321,1814 2411,1814 2500,1814 2590,1814 2680,1808 2769,1808 2859,1802 2948,1802 3038,1796 3127,1796 3217,1796 3306,1796 3396,1790 3485,1796"/>
                <TextEquiv>
                    <Unicode>grossen Wurstel“, in dem er uns einen Blick in seine eigene Werkstatt und</Unicode>
                </TextEquiv>
            </TextLine>
            <TextLine id="tr_1_tl_10" custom="readingOrder {index:9;}">
                <Coords points="1014,1944 1126,1955 1263,1929 1314,1948 1368,1929 1470,1944 1488,1926 1611,1926 1615,1886 1564,1890 1528,1850 1466,1839 1343,1868 1292,1835 1195,1890 1155,1886 1122,1850 1090,1879 1017,1850"/>
                <Baseline points="1032,1933 1086,1927 1175,1927 1265,1922 1354,1916 1444,1916 1534,1910 1623,1916"/>
                <TextEquiv>
                    <Unicode>seiner Gedanken</Unicode>
                </TextEquiv>
            </TextLine>
            <TextLine id="tr_1_tl_11" custom="readingOrder {index:10;}">
                <Coords points="673,2056 3406,2005 3533,1904 677,1904"/>
                <Baseline points="692,1999 764,1999 853,1999 943,1993 1032,1999 1122,1999 1211,1993 1301,1993 1390,1987 1480,1987 1569,1987 1659,1981 1748,1981 1838,1981 1927,1975 2017,1975 2107,1975 2196,1969 2286,1969 2375,1969 2465,1969 2554,1969 2644,1963 2733,1963 2823,1963 2912,1957 3002,1957 3091,1951 3181,1951 3270,1951 3360,1945 3450,1951 3539,1951"/>
                <TextEquiv>
                    <Unicode>in die Welt gestattet, lassst er das Schicksal als „Unbekannten“ auftreten,</Unicode>
                </TextEquiv>
            </TextLine>
            <TextLine id="tr_1_tl_12" custom="readingOrder {index:11;}">
                <Coords points="677,2194 3421,2154 3446,2002 677,2107"/>
                <Baseline points="698,2160 764,2154 853,2154 943,2148 1032,2148 1122,2148 1211,2142 1301,2142 1390,2142 1480,2142 1569,2142 1659,2136 1748,2136 1838,2130 1927,2130 2017,2130 2107,2130 2196,2130 2286,2124 2375,2124 2465,2124 2554,2118 2644,2118 2733,2113 2823,2113 2912,2113 3002,2107 3091,2107 3181,2107 3270,2107 3360,2107 3450,2113"/>
                <TextEquiv>
                    <Unicode>in einen blauen Mantel gekleidet, mit einem langen Schwerte in der Hand,</Unicode>
                </TextEquiv>
            </TextLine>
            <TextLine id="tr_1_tl_13" custom="readingOrder {index:12;}">
                <Coords points="659,2324 3171,2335 3457,2288 3457,2147 662,2219"/>
                <Baseline points="680,2304 692,2309 781,2309 871,2304 961,2304 1050,2304 1140,2304 1229,2298 1319,2298 1408,2298 1498,2298 1587,2298 1677,2292 1766,2286 1856,2286 1945,2286 2035,2286 2124,2280 2214,2280 2304,2274 2393,2274 2483,2274 2572,2274 2662,2274 2751,2268 2841,2268 2930,2268 3020,2262 3109,2262 3199,2262 3288,2256 3378,2256 3467,2262"/>
                <TextEquiv>
                    <Unicode>mit dem es, aehnlich wie die Nennen mit der Schere, die Faeden des Lebens</Unicode>
                </TextEquiv>
            </TextLine>
            <TextLine id="tr_1_tl_14" custom="readingOrder {index:13;}">
                <Coords points="677,2487 1209,2462 1383,2545 3417,2440 3330,2324 681,2389"/>
                <Baseline points="698,2459 740,2459 829,2459 919,2459 1008,2459 1098,2459 1187,2453 1277,2459 1366,2453 1456,2453 1545,2447 1635,2447 1725,2441 1814,2441 1904,2441 1993,2441 2083,2441 2172,2435 2262,2435 2351,2429 2441,2429 2530,2423 2620,2423 2709,2423 2799,2423 2888,2417 2978,2417 3068,2417 3157,2417 3247,2411 3336,2411 3426,2417"/>
                <TextEquiv>
                    <Unicode>durchschneidet. Die, Frau mit dem Dolch folgt gar dem Verführer, weil "sie</Unicode>
                </TextEquiv>
            </TextLine>
            <TextLine id="tr_1_tl_15" custom="readingOrder {index:14;}">
                <Coords points="670,2668 3388,2632 3388,2516 2748,2458 673,2563"/>
                <Baseline points="692,2614 710,2614 799,2614 889,2614 978,2608 1068,2608 1157,2608 1247,2602 1337,2602 1426,2602 1516,2602 1605,2596 1695,2596 1784,2590 1874,2590 1963,2590 2053,2584 2142,2584 2232,2584 2321,2584 2411,2578 2500,2578 2590,2578 2680,2578 2769,2578 2859,2572 2948,2572 3038,2566 3127,2566 3217,2566 3306,2566 3396,2560"/>
                <TextEquiv>
                    <Unicode>fuehlt, dass ein Schicksal ueber ihr ist“. Im Traum oder in der Hypnose</Unicode>
                </TextEquiv>
            </TextLine>
            <TextLine id="tr_1_tl_16" custom="readingOrder {index:15;}">
                <Coords points="673,2787 3381,2802 3406,2664 673,2704"/>
                <Baseline points="692,2763 728,2769 817,2769 907,2769 996,2763 1086,2763 1175,2763 1265,2757 1354,2757 1444,2751 1534,2751 1623,2751 1713,2751 1802,2751 1892,2745 1981,2745 2071,2745 2160,2745 2250,2739 2339,2733 2429,2733 2518,2733 2608,2733 2697,2733 2787,2733 2877,2733 2966,2727 3056,2727 3145,2721 3235,2721 3324,2721 3414,2721"/>
                <TextEquiv>
                    <Unicode>tauchen diese Stimmen des Unbekannten empor und lassen einen Ausblick</Unicode>
                </TextEquiv>
            </TextLine>
        </TextRegion>
        <TextRegion id="tr_2" custom="readingOrder {index:1;}">
            <Coords points="686,2827 3599,2827 3599,4325 686,4325"/>
            <TextLine id="tr_2_tl_1" custom="readingOrder {index:0;}">
                <Coords points="662,2961 2943,2950 3511,2889 3511,2813 666,2856"/>
                <Baseline points="686,2924 746,2924 835,2918 925,2918 1014,2918 1104,2918 1193,2912 1283,2912 1372,2912 1462,2906 1551,2906 1641,2900 1730,2900 1820,2900 1910,2900 1999,2894 2089,2894 2178,2894 2268,2894 2357,2894 2447,2888 2536,2888 2626,2888 2715,2883 2805,2883 2894,2883 2984,2877 3074,2877 3163,2877 3253,2877 3342,2877 3432,2877 3521,2877"/>
                <TextEquiv>
                    <Unicode>auf Vergangenes oder auf die Zukunft zu,wie das im "Schleier der Beatrie</Unicode>
                </TextEquiv>
            </TextLine>
            <TextLine id="tr_2_tl_2" custom="readingOrder {index:1;}">
                <Coords points="670,3135 3464,3088 3359,2932 2878,2921 673,3026"/>
                <Baseline points="692,3079 698,3079 787,3079 877,3074 966,3074 1056,3074 1146,3068 1235,3068 1325,3062 1414,3062 1504,3062 1593,3056 1683,3056 1772,3056 1862,3056 1951,3050 2041,3050 2130,3050 2220,3050 2309,3050 2399,3044 2489,3044 2578,3038 2668,3038 2757,3038 2847,3038 2936,3038 3026,3032 3115,3032 3205,3032 3294,3026 3384,3026 3473,3020"/>
                <TextEquiv>
                    <Unicode>in „Paracelsus“ und der „Frau mit dem Dolch“ ausgefuehrt ist. Diese Beto-</Unicode>
                </TextEquiv>
            </TextLine>
            <TextLine id="tr_2_tl_3" custom="readingOrder {index:2;}">
                <Coords points="677,3262 3479,3244 3526,3113 3088,3048 2737,3149 677,3175"/>
                <Baseline points="698,3229 758,3229 847,3229 937,3229 1026,3223 1116,3223 1205,3223 1295,3217 1384,3217 1474,3217 1563,3217 1653,3217 1742,3211 1832,3211 1922,3205 2011,3205 2101,3205 2190,3205 2280,3199 2369,3199 2459,3199 2548,3199 2638,3193 2727,3193 2817,3187 2906,3187 2996,3187 3085,3187 3175,3181 3265,3181 3354,3181 3444,3181 3533,3175"/>
                <TextEquiv>
                    <Unicode>nung des schicksals tritt in den ersten vier preiaktern unberhaupt nicht</Unicode>
                </TextEquiv>
            </TextLine>
            <TextLine id="tr_2_tl_4" custom="readingOrder {index:3;}">
                <Coords points="681,3399 3312,3381 3595,3352 3595,3262 684,3330"/>
                <Baseline points="704,3384 734,3384 823,3378 913,3378 1002,3378 1092,3378 1181,3378 1271,3378 1360,3372 1450,3372 1539,3372 1629,3366 1719,3366 1808,3366 1898,3366 1987,3360 2077,3360 2166,3354 2256,3354 2345,3354 2435,3348 2524,3348 2614,3348 2703,3342 2793,3342 2883,3342 2972,3342 3062,3342 3151,3336 3241,3336 3330,3336 3420,3330 3509,3330 3599,3324"/>
                <TextEquiv>
                    <Unicode>hervor. Das asychologische sird dort durch die Gedankentendenz ueberschat</Unicode>
                </TextEquiv>
            </TextLine>
            <TextLine id="tr_2_tl_5" custom="readingOrder {index:4;}">
                <Coords points="702,3548 3186,3558 3577,3533 3580,3410 702,3468"/>
                <Baseline points="722,3539 811,3539 901,3533 990,3533 1080,3533 1169,3533 1259,3533 1348,3527 1438,3527 1528,3521 1617,3521 1707,3521 1796,3521 1886,3515 1975,3515 2065,3515 2154,3515 2244,3509 2333,3509 2423,3509 2512,3509 2602,3503 2692,3497 2781,3503 2871,3497 2960,3497 3050,3497 3139,3497 3229,3491 3318,3491 3408,3485 3497,3485 3587,3473"/>
                <TextEquiv>
                    <Unicode>tet. Diese Strecke lassen den auch ein verhältnissemässig raoches Hinarbei -</Unicode>
                </TextEquiv>
            </TextLine>
            <TextLine id="tr_2_tl_6" custom="readingOrder {index:5;}">
                <Coords points="695,3725 2787,3653 3005,3721 3374,3656 3374,3577 695,3631"/>
                <Baseline points="716,3688 787,3688 877,3688 966,3682 1056,3682 1146,3682 1235,3682 1325,3682 1414,3676 1504,3676 1593,3676 1683,3676 1772,3676 1862,3670 1951,3664 2041,3664 2130,3664 2220,3664 2309,3658 2399,3658 2489,3658 2578,3658 2668,3653 2757,3653 2847,3647 2936,3647 3026,3647 3115,3647 3205,3647 3294,3647 3384,3647"/>
                <TextEquiv>
                    <Unicode>ten auf die Ungepfung des Knetens erkennen,besonders "Freiwild", das</Unicode>
                </TextEquiv>
            </TextLine>
            <TextLine id="tr_2_tl_7" custom="readingOrder {index:6;}">
                <Coords points="684,3899 3063,3888 3443,3819 3443,3700 688,3794"/>
                <Baseline points="704,3844 764,3844 853,3844 943,3844 1032,3844 1122,3838 1211,3838 1301,3832 1390,3832 1480,3832 1569,3832 1659,3826 1748,3826 1838,3826 1927,3826 2017,3826 2107,3820 2196,3820 2286,3820 2375,3814 2465,3814 2554,3814 2644,3814 2733,3808 2823,3808 2912,3808 3002,3808 3091,3808 3181,3808 3270,3802 3360,3802 3450,3802"/>
                <TextEquiv>
                    <Unicode>nach diesem Masstab das beste Theaterstueck Schnitzlers genannt werden</Unicode>
                </TextEquiv>
            </TextLine>
            <TextLine id="tr_2_tl_8" custom="readingOrder {index:7;}">
                <Coords points="695,4011 2809,4047 3363,4000 3367,3884 695,3913"/>
                <Baseline points="716,3999 775,4005 865,3999 955,3999 1044,3993 1134,3993 1223,3993 1313,3987 1402,3987 1492,3987 1581,3987 1671,3987 1760,3987 1850,3981 1939,3975 2029,3981 2118,3975 2208,3969 2298,3969 2387,3969 2477,3969 2566,3969 2656,3969 2745,3969 2835,3963 2924,3963 3014,3963 3103,3963 3193,3957 3282,3957 3372,3957"/>
                <TextEquiv>
                    <Unicode>darf.In den spaeteren Stuecken- und sie sind nicht nur rein zufällig</Unicode>
                </TextEquiv>
            </TextLine>
            <TextLine id="tr_2_tl_9" custom="readingOrder {index:8;}">
                <Coords points="695,4203 3425,4159 3504,4069 699,4098"/>
                <Baseline points="716,4148 740,4148 829,4154 919,4154 1008,4154 1098,4148 1187,4148 1277,4148 1366,4148 1456,4142 1545,4142 1635,4142 1725,4142 1814,4136 1904,4136 1993,4136 2083,4136 2172,4130 2262,4130 2351,4130 2441,4130 2530,4130 2620,4124 2709,4124 2799,4124 2888,4124 2978,4118 3068,4118 3157,4118 3247,4118 3336,4112 3426,4112 3515,4118"/>
                <TextEquiv>
                    <Unicode>Fuenfakter- geschieht die Knuepfung des Knotens auf ganz lautlose weise,</Unicode>
                </TextEquiv>
            </TextLine>
            <TextLine id="tr_2_tl_10" custom="readingOrder {index:9;}">
                <Coords points="673,4373 1173,4348 1263,4398 1343,4362 1376,4391 1455,4330 1651,4380 1864,4351 1843,4203 1593,4225 1397,4185 1347,4228 1082,4199 905,4232 673,4199"/>
                <Baseline points="692,4315 710,4315 799,4315 889,4315 978,4315 1068,4315 1157,4315 1247,4315 1337,4315 1426,4315 1516,4309 1605,4309 1695,4309 1784,4303 1874,4303"/>
                <TextEquiv>
                    <Unicode>Ges.Werke,Band 111, Seite 344</Unicode>
                </TextEquiv>
            </TextLine>
        </TextRegion>
    </Page>
</PcGts>
