3560 3896
3282 119 3398 260 5
639 221 3250 421 Er verleiht seinem Leben keine auserlesene
621 393 3303 572 Eigenart, weil er als Pergebologl zu viel Inte¬
614 502 3268 667 resse und Vergnügen am Beobachten des Le¬
611 625 3271 797 bens der Anderen findet. Er ist ein kluger,
597 800 3359 955 verständiger Weltmann, der nicht das Bedürf¬
611 860 3366 1060 nis hat mit sich selbst zu experimentieren,
579 965 3264 1176 so lange das bunte Meskenspiel des Lebens
597 1123 3356 1302 und die Pesei, die jeder Einzelne sich darin
614 1232 3405 1393 einstudiert hat, ihm hinlänglich neue Perspek¬
604 1362 3419 1495 tiven eröffnen. Seine Werke erheben sich über die
618 1467 3331 1618 eigene Persönlichkeit, denn er gibt in ihnen die
618 1562 3394 1727 Anintesseng des Besten, was er im Leben empfun¬
621 1713 3236 1850 den, beobachtet und wahrgenommen hat. Er hat
635 1787 3205 1952 nicht die Kunst mit sich selbst zu künsteln,
646 1923 3370 2110 sondern die Kunst hat ihn und er schafft frei¬
635 2071 3405 2260 künstlerisch. Gerade die eleganten, oberflüchlichen
639 2155 3359 2331 dilettenten, die mit sich selbst zu künsteln.
632 2285 3426 2489 verstehen, sind eht im Leben stilvolle Menschen
646 2404 3419 2622 mit einem entzückenden Charme - - die größ¬
635 2531 3366 2734 ten Genies aber, wie der Bildhauer Rodin, der
607 2675 3324 2843 dichter Balzar und andere, sind im Alltags¬
611 2787 3275 2994 leben stille, schlichte, verschwiegene Naturen¬
611 2962 3429 3180 ohne exjentrischen Anhauch, ohne bereuschenden
597 3068 2510 3268 Eindruck auf den ersten Blick.
677 3173 3405 3408 Es mag ja sein, daß eine große und billere
653 3317 3380 3542 Enttäuschung Schnitzler gelehrt hat, die zarten
684 3464 3310 3696 Schleierspiele des Lebens mit ihrem ganzen
