4312 5416
1950 250 2193 436 -10-
831 736 3881 998 Könige zerschmettert hatte, weil Flammenworte der Freiheit darin
850 967 3183 1119 standen. In der Ausführung heisst es dann weiter:
1089 1100 3073 1263 Ein Buch, das solches sagt, verbrennt man.
1100 1199 3547 1358 Den Mund, aus dem es dringt, will man verschliessen.
1119 1294 2299 1407 Die bare, klare Wahrheit!
1115 1351 3456 1487 Und sagst du heut: Ich glaub' an euern Gott nicht,
1119 1445 2409 1559 Mein Gott sieht anders aus,
1119 1495 3191 1635 Der Eigensinn der Mehrheit will’s verwehren.
1119 1593 2997 1722 Nein, nicht um Wahrheit kämpft der Zorn,
1108 1654 2766 1787 Nur um Lügen von verschiedener Art!
1108 1749 2534 1897 Hie meine Lüge! ruft der eine,
1112 1813 3096 1931 Die meine hie! der andre, und sie kämpfen.
1131 1893 3096 2018 .... ét * *  * * * M * *
1138 1923 4021 2087 Und sagst du ihnen, Gott sei nichts, so schmähst du die Kirche
1127 2026 3729 2170 Und sagst du, der König sei ein Mensch, so schändest du
2857 2098 3490 2204 das Königtum,
1127 2170 3680 2398 Und sie vergessen ganz, dass sie mit ihren Thronen und
3035 2253 3411 2428 Altären
1127 2314 2796 2492 Die Wahrheit schänden, die urewige.
1142 2436 3650 2637 Heutzutage gelten solche Gedankengänge allerdings als
899 2625 3748 2834 Gemeinplätze, aber man darf eben nicht vergessen, dass es in
899 2732 3805 2963 den achtziger Jahren doch anders damit bestellt war. Man kann
914 2902 3828 3081 es Schnitzler nur zur Ehre anrechnen, dass er schon in so
914 3069 3760 3236 verhältnismässig jungen Jahren so scharfäugig und unabhängig
910 3247 2299 3471 Im Beobachten und Denken war.
1142 3338 3904 3543 Man könnte vielleicht einwenden, dass Schnitzler hier eben
926 3555 3680 3752 seine eigene "urewige Wahrheit" den Wahrheiten der anderen
926 3703 3718 3881 gegenüberstellt und verteidigt, aber das ist kaum zulässig.
922 3847 3900 4021 Allerdings polemisiert er gegen die Wahrheiten der anderen, die
929 3980 3775 4192 immer nur Lügen von verschiedener Art sind, aber er ist sich
945 4158 3817 4344 dessen klar bewusst, dass es keine absolute Wahrheit hier auf
937 4313 3733 4503 Erden gibt, dass alles nur relative Bedeutung hat. In einem
941 4442 3790 4693 anderen Fragment aus dem Jahre 1880 mit dem Titel "Die alten
922 4636 3767 4807 Schüler" wird ein Tanzlehrer namens Fridolin Lux eingeführt,
933 4776 3775 4989 der jetzt in seinen Freistunden Schopenhauer liest. Man darf
