3528 3944
3206 113 3309 290 2
535 213 3358 425 war ich auch gleich wieder gefangen, und ver¬
528 347 3256 577 suchte und selbst die Intention seiner Werke
528 482 3202 677 klar zu legen. Während dieser Studien nun
517 574 3369 772 entstand in mir der Entschluß, meine Gedanken
528 684 3256 893 und Eindrücke in Werte zu kleiden, und zu
528 822 3326 1049 einem zusammenhängenden Ganzen - - zu ei¬
538 949 2037 1134 nem Vortrag zu machen.
588 1031 3355 1247 Ob dieses Entschlusses begegnete ich von ver¬
577 1204 3305 1399 schiedenen Seiten einen gewissen Erstaunen,
574 1293 3319 1467 einer fregenden Verwunderung. Man kennt
556 1396 3365 1626 ja meine Indjektivität und meine idealisti¬
560 1530 3380 1686 schen Anschauungen, die mir die Namen „Iden“
563 1644 3351 1793 listin und "Romantikerin" eingetragen haben
567 1750 3369 1892 und nicht ganz zu einem Vertrag über Arten¬
609 1831 3355 2026 Schnitzler zu passen scheinen. Aber gerade als
585 1955 3263 2179 ich darob schwankend werden wollte, fielen
602 2069 3302 2257 mir einige lese Blätter in die Hand, darin
595 2179 3341 2409 der nur befreundete Schriftsteller eine kurz¬
602 2338 3188 2512 zusammengefaßte Würdigung über James
599 2476 3160 2614 Huneckers „Iconodasts“ niedergeschrieben.
574 2547 3358 2770 hatte. Und da fand ich eine Stelle wo er un¬
577 2664 3326 2862 gefähr sagt, daß Hunecker sich bei der Beur¬
570 2816 3326 2986 teilung der dramatischen Kunst mehr durch
574 2905 3344 3110 sein eigenes Temperament und seine eigene
574 3089 3333 3227 Individualität leiten lasse, als durch irgend
556 3163 3323 3351 eine Methode, - er schreibt zum Vergnügen
553 3266 3394 3472 seiner Seele und nicht um etwas zu beweisen.
570 3404 3365 3617 Und das gab mir neuen Mut - denn ich segte
