4264 5400
632 476 3380 766 Im "Vermächtniss" erinnern einige Stellen des zweiten Akts nach Inhalt
632 755 2109 940 und lehrhaftem Ton an das “Maerchen”.
646 875 3412 1078 Emma: Wie ein Kind von Fabelländern reden Sie von dieser andern Welt.
650 1024 3448 1209 Als wenn es irgend welche Grenzen dieser Art gaebe. Hier die Tugend, dort
646 1158 3452 1376 das Laster. So einfach ist das Leben nicht, mein guter Doktor. Die Grenzen
657 1292 3517 1546 waeren ja sehr bequem fuer Sie, nur existieren sie nicht. In uns allen ist
664 1419 3525 1677 nämlich die Sehnsucht nach Glueck - und das ist die Gefahr die Sie füren
690 1644 3470 1800 ten.Mit Recht, uebrigens. Sie werden Franzi vor vielem behueten müssen,
679 1790 3125 2007 wenn sie Sie nicht lieben wird, nicht nur vor Tonis Gegenwart.“
672 1935 3528 2131 Am Schlüsse des Stuecks qualysiert Franziska die Absicht des stuecks mit
679 2153 1528 2320 den folgenden Worten:
715 2276 3463 2450 "Warum denn? Ja, warum dann? Haben wir denn alles vergessen,was sie Ihm
701 2410 3539 2585 war? Alles bewahren wir auf, was uns an ihn erinnert, alles was er geliebt
701 2566 3434 2726 hat- das Nichtigste. Da sind die Bilder, die Buecher - und man hat an
701 2693 3430 2893 diese Dinge nicht gerührt- mit Andacht treten wir alle in dies Zimmer
744 2846 3514 3046 ein - alles, was uns an ihn erinnert ist uns heilig, und gerade das we-
708 2998 3481 3180 sen, das wir am sorgsamsten hatten behueten müssen,das einzig lebendige
704 3151 3492 3419 Was und von ihm uebrig geblieben ist, nachdem das Kind gestorben- die
737 3380 1463 3525 jagen wir hinaus.”
719 3467 3561 3630 Wen erinnert diese Schlusszene nicht an die der "Liebelei"? Nur dass die
726 3641 3645 3819 soziale Anklage im Munde der zur Gesellschaft gehoerenden Franziska wahrz
737 3826 1953 3997 klingt als in dem Christinens.
744 3957 3536 4156 In "Paracelsus" tritt der dem Stück den Namen gebende Heilkünstler vor
751 4142 2207 4283 die Zuschauer hin mit der Erklarung:
744 4254 2105 4389 Ges. Werke, ad. I Seite 404.- 437.
