4232 5320
1328 350 1510 564 1
603 550 3415 753 Die Ansichten ueber Schnitzler, seine Eigenheit und seine Bedeutung in
610 746 3397 914 der Literaturgeschichte sind so verschieden, wie sie es einem noch le-
621 874 3287 1074 benden Dichter gegenueber nur sein koenen. Einen gemeinsamen Annae-
610 1035 3380 1203 herungspunkt bilden die Schnitzler nachgesagte Blasiertheit, die weiche
625 1181 3447 1342 Behaglichkeit und seine vorliebe fuer die Behandlung sexeller Probleme.
621 1331 3408 1517 Besonders wird das sinnliche Element in der Beruehrung solcher Probleme
635 1513 3347 1659 betont und mit dem wort Frivolitaet als unmoralische Sinnlichkeit, die
632 1645 3205 1834 in der ernsten deutschen Kunst keinen Platz habe, gebrandmarkt. Es
635 1809 3333 1963 wuerde vielleicht eine äusserst interessante Arbeit abgeben, die Wand-
635 1984 3351 2127 lung in der Auffassung geschlechtlicher probleme, wie sie uns auf der
642 2145 3426 2298 Buehne gegenuebertreten, sagen wir, seit Grillparzers "Juedin von Tole-
642 2280 3390 2448 do“, neber Hebbel bis auf heute zu verfolgen. Vielleicht wuerde man fin-
650 2387 3355 2580 den, dass mit der dem Dichter nachhinkenden vergeistigung der Betrach-
639 2548 3405 2744 tung solcher Probleme die Bedeutung der betreffenden Dichter gewachsen
646 2716 3433 2934 ist. Was früher als Zweck und Ende angesehen wurde, erscheint heute als
653 2859 3397 3062 berechtigte Basis, als Mittel zum Zweck, keinesfalls aber mehr als end-
653 3005 3226 3198 liche Absicht. Die grossen Abstände in der meurteilung Schnitzlers
660 3169 3526 3380 duerften vielleicht in den die Kritiker trennenden Abstaenden in der VeV-
657 3397 2616 3590 Geistigung des sexuellen eine Erklaerung finden.
667 3519 3112 3665 Alfred Biese laest sich ueber Schnitzler folgendermassen aus:
699 3633 3451 3811 "Der Duft, die Atmosphaere, ist bei Schnitzler die Hauptsache.Die Hand-
671 3829 3401 3986 lung ist fast immer gewaltsam und gewagt.Der Mittelpunkt, um den sich
667 3929 3472 4197 elles droht, ist das weib, die Hauptsache immer die Liebelei- so ist der
671 4111 2784 4347 Alfred Biese, Deutsche Literaturgeschichte, Seite 546
