3560 3880
645 213 3242 443 Wie kommt es nun, daß bei einem dichter
596 352 3364 526 dieses, bei dem anderen seines, gerade jegen¬
575 519 3176 655 teilige Motto paßt und sich bewahrheitet?
575 638 3221 812 des hängt eben mit der Persönlichkeit des
579 715 3277 903 dichters zusammen. Bei manchen dichtern und
582 837 3305 1056 Künstlern interessiert und die Persönlichkeit
596 997 3333 1168 oft ebensofehr wie ihre Werke. Das sind solche,
575 1070 3225 1269 deren Tabenskunft und Lebenslauf eine
572 1234 3308 1415 so ausgeprägte Originalität aufweisen, daß
631 1339 3375 1541 uns in ihren Werken nicht die Kunst allein,
638 1492 3417 1646 sondern auch der eigenartige, stilvolle, inle¬
624 1635 3270 1771 ressante - oder je nachdem auch lannenhaft
607 1726 3263 1900 percerse oder exzentrische dichter und Autor
617 1893 3413 2036 als Mensch mitfesselt, mitberauscht, - wie dies
683 1973 3399 2151 B. bei Oskar Wilde, bei Alfred de Musset, be¬
624 2081 3270 2270 Edger Allen Poë und Heine der Fall ist. Die
610 2224 3350 2395 füllen ihre Werke mit sich selbst die halten¬
603 2353 3392 2524 vielleicht unbewußt, Gerichtsleg über ihr eigenes
617 2451 3371 2636 Ich wenn sie dichten, und wir bereuschen uns
586 2618 3340 2820 an der inbjektiven Eigenart ihrer jeweiligen
579 2709 3389 2911 Seelenzustände, mentalen Leiden, oder Exzen¬
575 2820 1248 2995 teizitäten.
725 2908 2765 3103 Schnitzler gehört nicht zu diesen.
708 3082 3417 3312 Schnitrer ist eine gesunde, normale, durch¬
645 3172 3298 3396 schnittliche Natur- steht aber gleichzeitig als
628 3350 3347 3535 Sigderlage hoch über allem durchschnitt erheben.
