3528 3880
3059 110 3219 241 31
550 195 3052 366 des zweite „der lepfere Kassien“ ist ein
568 344 3336 532 bigerres und parteskes Stuppenspiel - eine Satyré
543 461 3180 596 auf Tiebe und Treue, mit der Grundiden, daß
554 575 3190 756 Geben und Nahmen blosse Taune des Schickfels
554 724 3194 834 ist, das mit der Unbeständigkeit menschlicher
543 820 3247 983 Seelen rechnet. Ein partteskes Schwanken zwi¬
550 958 3119 1111 schen dem Ernst im Theaterspiel des Lebens
515 1061 3265 1228 und den Illusionen einer peistsprühenden Ton¬
490 1192 3236 1338 tasie- Funken von Wahrheit glühend das dunkel
525 1270 3236 1459 des Lebensinteiguenspiels durchleuchtend, und
557 1437 3165 1579 zum Schluß die unfreiwillige Resignation des
539 1558 3073 1710 Einen, der nicht mehr mitzuspielen braucht,
547 1707 3258 1849 und es für überflüssig fält, die trägische Ko¬
547 1771 3226 1973 mödie seines Lebensendes mit seinem Flöten.
539 1902 1636 2065 spiel zu begleiten.
671 1980 3293 2165 In der Burleske "zum großen Wurstl" steht
557 2126 3297 2292 Schnitzler wirklich ganz außerhalb, ganz erheben
536 2232 3215 2378 über seinem Werke, und hält wie ein wirklicher
522 2381 3307 2541 stuppenspieler die Fäden seiner Marienetten in sei¬
515 2488 3354 2644 ner hand vereinigt. Alle Temperamente des reichen
511 2594 3187 2775 Lebenstheaters sind da, auf Bühne und Publikum
504 2736 3332 2885 verteilt, enthalten, - alle Ingrediencien unter einen
479 2825 3329 3031 dergemischt, aus denen ein dichter seine Wirkun¬
507 2938 3322 3176 gen, der Nimmungs-Gemüts- und Gefühlsverschie¬
504 3070 3279 3254 denheit des lieben Publikums Rechnung tra¬
529 3162 3304 3396 gend, aufbauen muß. Jede Stimmung künstvoll
543 3361 3297 3492 symbolisiert, jede Wirkung analysiert jede
522 3432 3201 3637 charge, jede Nase betont – der Theaterdirektor
