4472 5512
833 648 3715 783 nicht erfunden. Wien endete für die Literatur damals vor dem
849 756 3869 941 Burgtheater,an der Ringstrasse,allenfalls noch im Innenkreis der
853 899 3830 1088 Vorstädte. Die Arbeiterviertel Favoriten, Ottakring, Brigittenau,
860 1061 3800 1315 sie waren zwar faktisch da, aber man bemerkte sie nicht,man be-
899 1223 3792 1485 trat sie nicht, Auch im dichterischen Werk hat sie Schnitzler
849 1458 3742 1620 nie betreten, das Proletariat fehlt in seinem epischen Kosmos.
1184 1782 3769 2037 Beruf: Der Vater ist berühmter Arzt, Professor. Seinem
856 1940 3842 2172 Wunsch zufolge studiert Arthur Schnitzler Medizin; einige Jahre
860 2079 3908 2280 lang hat er tatsächlich auch Praxis ausgeübt. Nicht mit viel Nei-
853 2241 3861 2500 gung,aber doch mit inner am Gewinn: etwas ist ihm davon in seinen
860 2446 3657 2642 dichterischen Schaffen geblieben, der ruhige, klare, klinische
856 2592 3788 2766 Blick, der bei jeder Erregung die Ursache,bei Jeder Ærscheinung
841 2777 3780 2897 die Wurzel sucht,die Kunst des Beobachtens und genauens Belau-
856 2897 3830 3086 schens. Dieser nur ganz ihm gehörige,diagnostisch genaue, dieser
849 3047 3869 3283 gleichzeitig gütige und doch zweifelnde Dichterblick Schnitzlers
833 3190 3792 3387 hat sich am Medizinischen geschärft. Dort hat er gelernt, jeden
833 3348 3861 3599 Fall als Einzelfall zu betracht en, jeden Organismus und jede See-
829 3518 3653 3761 le als etwas Einmaliges. Er hat Psychoanalyse betrieben als
841 3703 3695 3881 Dichter,ehe sie von seinem um wenige Jahre älteren Kollegen,
845 3850 3788 4077 Siegmund Freud, in Form und Logik erfunden war. Tiefenkunst, die
837 4004 3815 4216 eine und die andere, nur transponiert bei Schnitzler vom Theore-
841 4178 3942 4355 tisch-Konkreten ins Paychisch-Individuelle. Viele seiner Novellen
849 4313 3827 4552 sind wahrhaft "Behandlungen", ein "ärztlicher Fall", mit derselben
833 4459 3742 4648 Liebe, mit derselben Eindringlichkeit, mit derselben klaren und
837 4629 3773 4868 klinischen Beobachtung, Kunst der Anatomie im Seelischen geübt.
826 4864 3722 5011 Und nichts vielleicht so sehr als die jahrelange medizinische
