4440 5544
439 350 4066 612 sten Stufen der sinnlichen Liebe. Anatols Eise ist ein sennliches, ver-
453 448 4151 682 antwortungsloses Geschöpf von reizender Amoralität und Oberflächlichkeit,
453 551 4151 780 auch nicht ohne Selbstsucht. Das Weib offenbart sich uns nur als Geschle-
462 621 4123 826 chtswesen, nichts adelt es in des Dichters Augen mehr als die volle, be-
472 696 4020 906 denkenlose Hingabe an den Geliebten. Aber seltsam, noch sind die Lieb=
472 761 4155 985 haber (Anatol), die auch schon einmal eifersüchtig zu werden vermögen, mit
472 864 4155 1060 dem einen Erlebnis nicht fertig und schon lookt, verlockt ein neues Aben-
476 938 4085 1139 teuer. Die müssen Mädeln“ sind eben zum Erholen da, und einer, der sich
476 1083 2246 1233 erholen will, braucht Abwechselung.
882 1069 4108 1279 Jetzt haben wir Arthur Schnitzler ganz gefasst, sehen sein Ver¬
481 1139 4127 1377 hältnis zu Weib und Welt von jedem Blickpunkt aus. Sehr oft hier Reserve
486 1247 4038 1447 der Dämpfung. Keiner vergibt sich etwas, verhaltenes Liebesgefühl, das
495 1326 4071 1531 ebenso schnell wieder schwindet, wie es gekommen. Lärm kennt man nicht,
495 1396 4094 1601 das Weib als Geschlechtswesen spielt die Hauptrolle, vermag aber keinen
486 1480 3945 1681 Einfluss auf den Liebhaber auszuüben. So flutet alles durcheinander:
500 1531 4221 1751 Innigkeit und Eleganz, Weichheit und Ironie, Weltstädtisches und Abseitige
500 1620 4225 1835 ges, Lyrik und Feuilletonismus, Lebensraffinement und volksmässige Schlick
495 1704 4123 1910 heit, Osterreichertum und Halbfranzösisches, Schmerz und Spiel, Lächeln
504 1793 3996 1998 und Sterben. Nur eines fehlt, das Suchen und Finden eines Gottes, der
500 1858 4062 2059 all' diesen irrenden Menschen ein Führer sein könnte. Heute finden wir
504 1942 3968 2171 kein Verhältnis mehr zu den Gestalten der „Liebelei“,des „Reigen“, und
514 2003 3996 2227 „Anatol“, sie sind uns ferngerückt. Ein geruhsamer Mensch vermag aber
514 2064 4169 2306 gewiss in diesen gedämpften, verhaltenen Stücken Schnitzlerscher Gesell¬
518 2180 4244 2372 schaftsdramatik noch manches kunstvoll geschliffene Meisterwerk zu finden,
518 2250 4071 2442 wie es in den grobgeschlachten Dramen unserer bewegten Jetztzeit nicht
514 2306 4169 2526 mehr vorhanden ist. Aber das letzte, lösende und zugleich erlösende Wort
976 2442 4179 2661 Geht man dann allmählich weiter zu Schnitzlers Spätwerk, so be-
528 2470 1648 2629 wird nicht gesprochen.
537 2544 4034 2764 gegnet man, z.B. im „Gang zum Weiher“, einer Wandlung des Dichters vom
528 2596 4141 2825 sittlichen Relativismus zu strengerer sittlicher Bewertung. Jedoch auch
514 2713 4258 2913 hier noch wird man eines niemals hinwegleugnen können: dass für Schnitzler
528 2797 4235 2997 der „Bewegtes“ und Gedämpftes“ meistert, das diesseitige Leben den Wert¬
528 2876 4188 3067 akzent trägt. Der Über den Augenblick und über das Individuum hinauswei-
523 2974 3651 3189 sende Sinn fehlt solcher Dichtung -:sie ist ohne Wort Gottes.
