3528 3928
3130 124 3315 269 27.
596 245 3183 397 des zweite Schauspiel: „Der Ruf des Lebens
564 379 3208 542 enthält zwar kein so neues und interessantes
553 479 3183 666 Parblem- es ist aber erfüllt mit wunderbar
549 574 3286 808 lprischen Stimmungen, wenn es auch ein Todten¬
542 716 3258 886 tanz des Lebens, ein Hymnus das Blutes ist.
546 837 3297 1021 die eigentliche Haldin Marie ist zwar stopder¬
549 968 3350 1113 logisch nicht so ganz begründet - aber die ande¬
546 1081 3389 1227 re weibliche Figur dieses Schauspiels, die Schnitzler
542 1205 3205 1344 schönste Gestalt und unvergesslichster Mensch
564 1340 3382 1485 und erscheint, erweckt in uns die tiefste Trau¬
539 1439 3286 1574 rigkeit über den Tod unserer schönsten Wehn¬
546 1560 3276 1719 bilder. Die Werte von dem Einen, den sie ge¬
549 1638 3332 1808 liebt, weil er ihr die Tage zu dem wunderbaren
588 1794 3325 1939 Garten mit den verschlungenen Wegen geöff¬
578 1882 3240 2010 net, bleiben uns ebenso unvergesslich, wie
599 1978 3201 2138 ihr lyrischer Tod - das hinübergehen in den
581 2095 3283 2283 schönen Traum, dem Einen nach, der ihr Herz¬
578 2216 3346 2396 gebrochen. Und dadurch schon allein wird dieses
574 2375 3251 2503 dering, trotz mancher Fehler und Müngel die
599 2464 3254 2637 es enthält, zu einem seiner besten, vielleicht
613 2556 1829 2733 zu seinem schönsten.
684 2637 3318 2847 In dem dritten, dem Scheuspiel: "Der einsa¬
571 2811 3332 2960 me Weg" führt Schmitzler uns das unbänderliche
581 2900 3371 3095 Blenschenschicksal der Augen, daß jeder den letzten
588 3013 3190 3176 Weguellein, für sich und einsam gehen muß.
585 3155 3329 3311 Ein allernder Junggeselle, der einst in der Sehn¬
567 3237 3339 3414 sucht seinen Weg frei und pflichtentes und un¬
571 3371 3279 3531 hebunden dahinschreiten zu können, auf Liebe
571 3471 3180 3641 und Familienglück verzichtet hat, will nach
