4440 5592
426 328 3953 656 Grundm flive. So auch hier. Wie schon früher im „Schleier der Beatrice“
445 473 4047 754 oder im Grünen Kakadu" kann auch hier im „Jungen Medardus“ kein Mensch
445 585 4056 824 zum andern, kennt keiner seinen Nächsten, vermag niemand die ungeahnten
436 623 4126 913 Schicksalsverknüpfungen zwischen diesen Menschen, die einander nicht ken-
450 726 4051 984 nen, auch nur zu ahnen. Am Ende dieses schicksalhaft gebundenen Daseins
450 778 4215 1063 macht dann der Tod seine Rechte geltend und glüttet mit rauher oder sanfter
459 876 4206 1157 Hand die wild aufgerauschten Wogen des Lebens. Schnitzlers Menschen stehen
450 970 4117 1232 auf der höchsten Stufe der individualität und wagen sich niemals aus den
468 993 4215 1297 ihnen vorgezeichneten Geleisen hinaus. Im grossen und ganzen sind sie sich
468 1115 4234 1377 alle gleich, mögen sie nun Tillipo Loschi und Henri oder Beatrice und Helen
459 1194 4117 1466 ne heissen. x Sie ringen nach höheren Zielen und schreiten selbstbewusst
482 1269 4173 1522 durch die Bewegtheiten einer durch besondere Umstände sehr stark erregten
473 1368 4019 1592 Umwelt, um schliesslich von einem Schicksal, das die Herzen zu brechen
473 1400 4126 1672 vermag, jäh aus ihren Illusionen aufgeschreckt zu werden. So ist es auch
487 1518 4108 1756 im "Ruf des Lebens", wo Leben und Tod aufpeitschende Emotionen bewirken.
468 1597 3972 1855 Hierüber schreibt Hermann Bahr in seinem „Tagebuch“ vom 19. Sept. 1905:
487 1672 4089 1920 Der,Ruf des Lebens' heisst Schnitzlers neues Stück. Ein Name, der mich
482 1747 3995 2000 wunderbar ergreift. Alles, was wir sind, wir von 1860, und wollen und
492 1803 4234 2061 wähnen ist darin und man sollte auf das Kapitel, das einmal erzählen wird,
506 1897 4103 2150 was wir waren, dieses Wort setzen, Der Ruf des Lebens. Es ist ein Ruf
487 1944 4253 2229 nach dem Leben, ein keuchender Aufschrei aus geschlechtlicher Gebundenheit
501 2047 4211 2304 nach gierig ersehnter Befriedigung. Das ganze Geschehnis mutet uns an wie
511 2140 4197 2370 ein Suppenspiel, wie ein überlauter „Reigen“ von Sehnsucht, Liebe, Verrat,
515 2215 4065 2450 Mord, Eigenliebe, Hasse und Genussucht. Dann aber glätten sich jäh die
520 2290 4056 2539 Wogen der verschlungenen Gefühlsgänge. Zweimal hat bisher der Tod eine
529 2347 4169 2618 grosse Schuld gesühnt, jetzt wird all! dies Entsetzliche gelöst. Als ein
525 2440 4169 2717 gütiger, verstehender Freund tritt der Arzt, eine der Hauptpersonen, vor
525 2515 4178 2768 Marie, die zweifach Schuldige hin, die den Vater um des Geliebten willen
543 2604 4080 2829 gemordet und dem Geliebten vor dessen Tode ihre Unschuld in schamloser
529 2665 4239 2923 Lust geboten hat. Er spricht zu der verzweifelten Frau:-Sie leben, Marie.
543 2749 4281 2998 und es war... Auch dass sie über Feld und Wiesen spazieren, dass Sie Bru¬
534 2829 4150 3063 men pflücken, dass einer versöhnt von Ihnen Abschied nahm --, dass Sie
543 2885 4183 3147 hier mit mir reden unter dem leuchtenden Mittagshimmel, ist Leben. Nicht
534 2993 4103 3241 minder als es jene Nacht gewesen ist – – Und wer weiss, ob Ihnen nicht
548 3073 4197 3297 später - viel später einmal - aus einem Tag wie der heutige,der Ruf des
567 3157 4239 3372 Lebens' viel reiner und tiefer in die Seele klingen wird als an jenem an-
557 3241 4014 3457 dern, der-so-furchtbare-Namen an dem Sie Dinge erlebt haben, die so
539 3349 4225 3541 furchtbare und glühende Namen haben wie Mord und Liebe.“ Nach allem Wahn,
557 3433 3920 3616 aller Übersteigerung schwebt ein süsser, verzeihender Friede, einer
553 3480 4239 3691 plötzlich abgedämpften Musik gleich, über die Bühne. Und dieser gedämpfte
557 3592 4084 3761 Ton ist über alle Formen der Bewegtheit hinweg Schnitzlers ureigenster
543 3663 4094 3850 Besitz. Mit ihm schuf er jene unendlich zarten, leicht dahingleitenden
553 3738 4033 3925 Gesellschaftsstücke, denen jedoch, wie wir im folgenden sehen werden,
553 3822 4047 3986 die Sprachgewalt und der durch Gegensätze bedingte wirksame, wuchtige
548 3925 2562 4117 Rhythmus der historischen Dramen fehlt
1237 4089 4192 4286 Es ist nun keineswegs so, als ob diese Scheidung und Zuord-
543 4183 4061 4403 nung in historische und Gesellschafts-Dramen unbedingt in jedem Falle
567 4267 4211 4454 auch eine Trennung der Begriffe Bewegtheit und Dämpfung bedeuten müsste.
576 4323 4262 4543 Wie wir im Ruf des Lebens kurz zeigten, drängt eine überbewegte Handlung
557 4417 4314 4613 naturnotwendig zu einem gedämpften Abschluss. So dürfen wir uns auch nicht
571 4510 4187 4679 wundern, wenn in manchen Wiener Gesellschaftsstücken an einigen Stellen
585 4567 4286 4773 bewegtere Töne anklingen; Schnitzler beherrscht eben alle Instrumente und
585 4665 4286 4848 vermag auf ihnen Moll und Dur einerseits zu vertauschen, anderseits neben
590 4754 4229 4923 ein Forte sogleich ein piano zu setzen. Deswegen bleibt aber das Primäre
562 4829 4234 5044 für ihn doch die Dämpfung, wie wir etwa in der Klassik nach Winkel-
