3544 3928
3147 137 3309 323 12
608 225 2768 407 Lebens ahnend, wenden wir uns ab.
671 365 3288 527 In seinemausgepklus "der Reigen" wieder
590 474 3175 650 aber diese Ahnung bis zum taedium vitae
590 643 3379 766 verstärkt. Mit diesem Dialogepklus hat Schnitzler
562 738 3368 924 die oberflächlich Urteilenden seiner durchschnitts¬
558 850 3323 1033 leser ein wenig irritiert. Wenige nur werden
548 952 3330 1128 diesem Büche hinlänglich gewachsen sein, um
569 1085 3358 1250 zu erkennen, daß hinter diesen zwölf blutigen
569 1194 3386 1363 Farcen des ewige Sezualleben pulsiert. Schnitzler
583 1352 3224 1486 will uns nicht nur die moderne Großstadt¬
566 1447 3309 1588 erotik zeigen, nicht nur die Chronique seanda¬
541 1528 3312 1725 Euse des durchschnittes, sondern das allgemein
573 1725 3246 1841 banale und anekelnde der stereotypen Erotik
573 1774 3340 1953 überhaupt. Nur die Finessen der Details, die zu
541 1925 3210 2086 dem immer gleichen Endzweck führen weiß er
558 2016 3196 2244 mit kurzen Schleglichtern zu streifen, sonst
555 2157 3330 2332 aber beweist er, daß ob es nun ein Graf oder ein
573 2283 3239 2438 simpler Soldat ist, eine arme Magd oder eine
562 2396 3232 2522 elegante Schauspielerin, das Sterectypische im
558 2497 3309 2712 Sexnalloben sich ewig gleich bleibt. Die Diolog
541 2648 3351 2799 form wählt Schnitzler hier, um nur das Notwan¬
541 2733 3260 2915 digste sagen zu müssen, weil aus der Prägnanz
534 2873 3288 3091 die Folgerichtigkeit umso auffallender hervor¬
530 3024 1019 3189 sprüngt.
685 3070 3337 3291 Nachdem ich nun diese drei, seinerzeit bekann¬
594 3221 3284 3400 testen Werke, "Liebelei" „Anatob“ und „Reigen
590 3347 3407 3597 besprechen, will ich mich zunächst seinen Stereller
622 3491 1219 3653 zu wenden.
