4280 5400
1061 427 1304 599 V. R. W.
1590 1255 2034 1428 Einteilung
613 1540 3419 1664 I. Allgemeines weber die Form der pramen.-Ihre Einteilung nach Akten.-
1198 1632 3243 1819 Ort und Zeit.- Das Milieu.-Schematische Uebersicht.
638 1815 3405 1988 II. Einleitung des Konflikts.-Einfuehrung der Personen.- Schuerzung des
1188 1985 1523 2168 Knotens.
620 2062 3458 2256 III.Entwicklung.- Vorwartsschreitende oder rueckwärtsgreifende Handlung.
1206 2260 2968 2415 Episoden und Parallelen.-Tempo der Handlung.
620 2408 3391 2563 IV.Loesung.- Der Tod in Schnitzlers Dramdn.- Der Konflikt als Episode.
1146 2538 2094 2640 in Iramen Schuitzlers
645 2619 3014 2785 V. Die Tendenz der - Stellungnahme zur Idee im Drama.
645 2764 2848 2908 VI. Sprache.- Dialog.- Dialektik.Prosa und Vers. Monolog.
659 2876 3236 3088 VII. Stimmungsmittel: Akteingang, Aktschluss, Beleuchtung, Szenerie.
800 3017 1650 3197 Schlussbetrachtung
649 3116 1452 3250 VII. Zusammenfassung.
