4456 5608
1977 271 2152 447 12
665 342 855 523 11 1
337 466 3915 722 Keine übersteigerten Gegensätze führen Konflikt und Ende herbei, alles
337 551 3953 822 ist abgedämpft, zart, rückeichtsvoll, keiner möchte dem andern auch nur
356 713 2860 907 einen flüchtigen Blick in sein Inneres gestatten.
822 703 4053 941 Im „Einsamen Weg“ herrscht der Eindruck eines schwermütig glühen-
366 789 3953 1036 den, sonnengoldenen, traubenschweren Herbsttages im Wiener Wald vor. Die
371 841 4067 1112 Menschenschilderung ist, echt impressionistisch, nie eine direckte. Alles
385 945 4024 1202 Überflüssige in der Schilderug ist ausgeschaltet und doch alles hingezei-
380 1017 3944 1278 ohnet, was jedem Charakter seine Fülle und Problematik gibt. Seelische
399 1098 3929 1345 Subtilitäten erfüllt Arthur Schnitzler und spricht sie aus. Stimmungs-
390 1169 4015 1425 künstler ist und bleibt er bis ins letzte. In unserem Drama hat er Unzu-
380 1226 4148 1497 länglichkeit und Unsicherheit jeder menschen Beziehung menschlichen Bezieh
385 1311 4072 1596 ung ergreifend dargestellt. Das erotische Problem tritt hier weit zurück,
390 1354 4210 1658 schimmert nur noch schwach aus der Jugendseit dieser Menschen herüber, hat
390 1473 4062 1729 sich nun aber gewandelt und ist geadelt worden zum Problem der geistigen
404 1549 3991 1815 und sittlichen Annäherung, dessen höchste Frucht die Liebe ist. Einfach
404 1625 4062 1881 und ungezwungen ist die Sprache, duftend und schön. Herbststimmung auch
404 1710 4010 1967 hier: — wenn die Wälder rot und gelb schimmern, der goldene Dunst über
418 1791 3963 2053 den Hügeln liegt und der Mägeln liegtHimmel so fern und blass ist, als
413 1872 4015 2119 schauerte ihn vor seiner eigenen Unendlichkeit.“ Wir finden keine beweg=
432 1958 3986 2200 ten, von fieberstimmung des Weltgeschehens bestimmten Worte, verhalten
432 2034 3910 2285 und gedämpft, zarte Seelenregungen aufdeckend, reiht sich Satz an Satz.
936 2076 4229 2323 Schuldig erscheinen diese Menschen nicht, nur schwach, so schwad
432 2200 4086 2423 dass sie nicht die Kraft haben, ihren Stimmungen und Launen zu gebieten.
447 2262 4105 2504 Sie taumeln, Schmetterlingen gleich, die ins sangende Licht irren, durch
437 2333 4176 2585 die Niederungen des Lebens und straucheln, jeglichen Werantwortungsgefühls
456 2409 4086 2661 bar, über manches Felsgestein, das ihnen auf ihrem Wege aufragt. Was wir
442 2480 3958 2727 vermissen, ist die Tatkraft und der Schwung, wie er im Grünen Kakadu
451 2575 3944 2822 lebt, und der Mut, nach einmal die Faust zu einem befrei Gränen enden
451 2632 4138 2875 Schlage zu erheben. Aber vergessen wir nie:Nach Dämpfung und Schonung ver-
447 2718 4143 2960 langen alle diese Wiener Menchen; denn sie haben Nerven, und diese Nerven
470 2860 2689 3046 vertrageh nicht den rauhen und bewegten Ton.
1767 2865 4162 3107 einer Komödie in drei Akten, verrät schon der
917 2974 1734 3141 Im "Zwishenspiel
480 3017 4124 3264 Titel Zurückhaltung,- Dämpfung. Die schon zitierten „Loris"- Verse in der
489 3179 2447 3383 Einleitung des „Anatol fallen uns ein:
1026 3269 2281 3383 Also spielen wir Theater
1031 3245 3459 3468 Spielen wir Theater Spielen unsre eignen Stücke,
1031 3407 2694 3549 Frühgereift und zart und traurig.
1036 3492 2361 3616 Die Komödie unserer Seele,
1045 3540 2718 3720 Unseres Fühlens Heut und Gestern,
1055 3644 2361 3772 Die Komödie unserer Seite
1050 3725 2433 3858 Böser Dinge hübsche Formel,
1055 3811 2418 3920 Glatte Worte, bunte Bilder,
1041 3834 2528 4029 Halbes, heimliches Empfinden,
1079 3967 2105 4119 Agonien, Episoden...
504 3982 3155 4200 Und auch das Schlusswort des „Paracelsus“ klingt an:
1064 4058 3288 4233 Es war ein Spiel! Was sollt' es anders sein?
1088 4138 3445 4305 Was ist nicht Spiel, das wir auf Erden treiben,
1079 4224 3340 4390 Und schien es noch so gross und tief zu sein
1069 4309 3221 4466 Mit wilden Söldnerscharen spielt der eine,
1083 4357 3407 4542 Ein anderer spielt mit tollen Abergläubischen.
1055 4466 3250 4613 Vielleicht mit Sonnen, Sternen irgend wer,-
1064 4552 3088 4723 Mit Menschenseelen spiele ich. Ein Sinn
1083 4618 3160 4770 Wird nur von dem gefunden, der ihn sucht.
1083 4708 3126 4842 Es fliessen ineinander Traum und Wachen,
1102 4780 3278 4927 Wahrheit und Lüge. Sicherheit ist nirgends.
1093 4842 3364 4994 Wir wissen nichts von andern, nicht von uns
1093 4965 3264 5141 Wir spielen immer, wer es weiss, ist klug.
