4488 5640
1989 469 2155 658 -4-
1297 519 1466 662 14
912 700 3782 862 annahm und der bis an sein Lebensende das schöne Vorrecht be-
912 862 3782 1008 sass, solche Worte in Umlauf zu setzen. Soll man Beispiele an-
912 977 3878 1166 führen? Sie finden sich in allen seinen Werken, zumal den drama-
912 1158 3786 1347 tischen, die ja der mündlichen Ausdrucksform naturgemäss näher
912 1300 3836 1504 stehen, und in denen er sich unmittelbarer durch den Mund einer
912 1431 3836 1631 seiner Figuren aussprechen konnte, während er sich als Erzähler
966 1647 3840 1793 strengere Zurückhaltung auferlegte und seiner guten Erziehung
970 1762 3824 1935 in der Schule Flauberts auch dadurch Ehre machte, dass er All¬
923 1943 3778 2139 gemeinheiten in den erzählenden Bericht einzuflechten beinahe
920 2089 3844 2266 ängstlich vermied. Im Drama ergaben sie sich von selbst überall
923 2278 3713 2409 dort, wo der in der Schule des Wiener Burgtheaters, zumal des
923 2389 3832 2547 Burgtheaters der achtziger Jahre des vorigen Jahrhunderts, mün-
927 2562 3840 2705 dig gewordene Geist eines seiner Helden die Verwandtschaft mit
923 2732 3874 2863 dem Geist seines Schöpfers einbekennen durfte. Dies geschah am
970 2878 3832 3032 häufigsten in jenen Augenblicken des dramatischen Geschehens,
923 3024 3836 3170 in welchen die Reflexion die Handlung ablöst, um aus dem Vorge-
923 3186 3867 3343 fallenen kluge Schlüsse zu ziehen und den Einzelfall zum Axiom
927 3343 4024 3513 zu erweitern. Ein Vorgang, der dem Wiener sehr geläufig ist und bei
927 3474 3994 3628 unseren grössten Dichtern wiederkehrt, von Raimund und Grillparzer
927 3613 3794 3813 bis auf die letzten Ausläufer dieser bodenständigen Richtung,
927 3790 3797 3967 welche Schnitzlers "Jung-Wien" zusammenfasste. Der Wiener ist
927 3982 3774 4105 ein Philosoph - eine Aehnlichkeit mehr mit dem Pariser - und
923 4071 3963 4259 auch Schnitzler ist Philosoph, insoferne er Wiener ist. In seinen
923 4286 3824 4490 ersten, leichten Komödien, die fast wie die Proverbs von Musset
927 4459 3851 4605 plaudern, begegnen wir diesem Zug, und bis in seine letzte Dich-
977 4621 3859 4775 tung “Der Gang zum Weiher“ lässt er sich verfolgen. Im „Para¬
923 4748 3917 4940 selsus“ beispielsweise, welcher Einakter aus den Neunzigerjahren
935 4902 3759 5075 des vorigen Jahrhunderts, ebenso wie die gleichaltrige "Frage
