4280 5576
1883 240 2127 505 -3-
534 399 3456 676 ist. Wie rasch ist man bereit ideelle Probleme in jener sphäre
550 636 3663 856 der Abstraktion zu lösen, in der es so leicht und reinlich gelingt,
550 823 3696 986 lügenhaft- unbekümmert um die volle Auswirkung ins Tatsächliche.
546 974 3533 1141 Die Sühne verletzter Ehre: ein schönes Wort, eine edle heroische
558 1129 3619 1292 Geste; dann aber ein Inferne von Gräuel, Verwüstung, Verzweiflung,
530 1235 3443 1487 namenloses Leiden, in Generationen fortwirkendes Unheil. Ist da
534 1426 3615 1634 nicht die Idee gar zum Feind des Menschen geworden, der gegen sie
534 1581 3659 1793 geschützt werden muss? Und von allen Seiten erheben sich heute die
550 1728 3557 1927 Stimmen der Besten: es gibt keinen unbedingten Machtanspruch der
538 1895 3517 2119 Idee, erst fruchtbare Berührung,freundliche Uebereinstimmung mit
546 2046 3529 2253 dem Leben gibt ihr Wert, gibt ihr Wahrheit und allemal kommt der
534 2188 3663 2400 Anspruch selbst ideell unerhöhten Lebens noch vor dem der unloben-
546 2376 1092 2592 digen Idee.
819 2547 1039 2673 G.C.H.F.P
1190 2490 3619 2690 Dass in der Darstellung solcher Probleme und in der
538 2681 3684 2926 Bemühung um ihre tätige Lösung nicht der volle Gehalt dieser Dich
538 2812 3562 3011 tung beschlossen ist, sagten wir, da wir sie ein Spiel nannten; sie
550 2995 3688 3178 sind nur, was aus dem Fluss des Geschehens in feste Formen geistiger
538 3105 3574 3342 Erweiterung und Klärung gerinnt. Das Wesentliche liegt in anderem
546 3313 3643 3492 Bereiche: in der Musik des Ablaufs. Menschen sind, leben nebeneian-
550 3447 3574 3639 der,Zufall, der Schicksal wird, verknüpft, verwirrt die Fäden ihres
534 3594 3619 3826 Daseins,löst sie wieder, den einen zu beglückend neuem Ausblick in
554 3749 3553 3957 die Welt, den andern zu stiller Resignation, einen dritten
550 3941 3545 4132 vielleicht zu Verzweiflung und Vernichtung führend. Der Rhythmus
550 4063 3566 4307 des Zu-einander und xxxx von-sinander des Suchens und Findens,
538 4234 3496 4474 Knüpfensund Lösens, die leichte Bindung durch den geheimnisvoll
534 4389 3541 4613 anziehenden Mittelpunkt des Geschehens - den Zauberweiher - die
534 4535 3806 4747 kontrastierende Gegenüberstellung von Menschen, von Gruppen, Steigerung
534 4739 3753 4890 und Nachlassen der Dynamik in Redse und Szenenfolge: solche "musikali-
550 4886 3708 5110 sche“ Ordnung bestimmt Wesen und Wirkung des Spiels. Von einer ab-
538 5024 3606 5302 soluten Herrschaft der Form könnte man sprechen, wo der lebendige
