<?xml version="1.0" encoding="UTF-8" standalone="yes"?>
<PcGts xmlns="http://schema.primaresearch.org/PAGE/gts/pagecontent/2013-07-15" xmlns:xsi="http://www.w3.org/2001/XMLSchema-instance" xsi:schemaLocation="http://schema.primaresearch.org/PAGE/gts/pagecontent/2013-07-15 http://schema.primaresearch.org/PAGE/gts/pagecontent/2013-07-15/pagecontent.xsd">
    <Metadata>
        <Creator>prov=READ-COOP:name=TrHtr:version=2.1.0:model_id=51170:date=15_08_2023_13:50</Creator>
        <Created>2023-05-10T15:29:13.094+02:00</Created>
        <LastChange>2023-08-15T13:50:42.304+02:00</LastChange>
        <TranskribusMetadata docId="1429071" pageId="55435909" pageNr="49" tsid="132859127" status="IN_PROGRESS" userId="64420" imgUrl="https://files.transkribus.eu/Get?id=TTRJKGFWHTFXPHAUSBUUZMNJ&amp;fileType=view" xmlUrl="https://files.transkribus.eu/Get?id=IHRTXHKIIJKDMAXITAASTTZK" imageId="44709899"/>
    </Metadata>
    <Page imageFilename="1429071_0049.jpg" imageWidth="3528" imageHeight="3944">
        <ReadingOrder>
            <OrderedGroup id="ro_1711797964787" caption="Regions reading order">
                <RegionRefIndexed index="0" regionRef="tr_3"/>
                <RegionRefIndexed index="1" regionRef="tr_2"/>
                <RegionRefIndexed index="2" regionRef="tr_1"/>
            </OrderedGroup>
        </ReadingOrder>
        <TextRegion id="tr_3" custom="readingOrder {index:0;}">
            <Coords points="3158,164 3355,164 3355,230 3158,230"/>
            <TextLine id="tr_3_tl_1" custom="readingOrder {index:0;}">
                <Coords points="3140,274 3161,278 3179,264 3193,278 3203,271 3253,288 3284,271 3312,292 3347,288 3347,116 3302,123 3242,113 3182,141 3140,137"/>
                <Baseline points="3158,220 3203,217 3248,217 3293,214 3337,220 3355,220"/>
                <TextEquiv>
                    <Unicode>30.</Unicode>
                </TextEquiv>
            </TextLine>
        </TextRegion>
        <TextRegion id="tr_2" custom="readingOrder {index:1;}">
            <Coords points="537,305 3370,305 3370,1655 537,1655"/>
            <TextLine id="tr_2_tl_1" custom="readingOrder {index:0;}">
                <Coords points="531,447 1255,373 2852,440 3253,380 3253,281 2771,313 2546,222 1421,327 833,239 531,348"/>
                <Baseline points="552,373 585,382 629,385 674,382 719,379 764,376 809,376 853,376 898,373 943,370 988,370 1033,370 1077,370 1122,370 1167,370 1212,370 1256,370 1301,373 1346,370 1391,367 1436,367 1480,367 1525,367 1570,367 1615,364 1660,364 1704,364 1749,364 1794,364 1839,367 1883,370 1928,370 1973,370 2018,361 2063,358 2095,370 2140,370 2185,367 2230,367 2275,367 2319,367 2364,367 2409,370 2454,370 2498,370 2543,370 2588,373 2633,373 2678,373 2722,376 2767,376 2812,376 2857,370 2902,367 2946,364 2991,361 3036,361 3081,361 3125,361 3170,361 3215,358 3260,355"/>
                <TextEquiv>
                    <Unicode>zu hoch erhoben über ihn. „Wie armselig sind</Unicode>
                </TextEquiv>
            </TextLine>
            <TextLine id="tr_2_tl_2" custom="readingOrder {index:1;}">
                <Coords points="517,605 1009,499 3154,556 3214,369 2430,468 517,461"/>
                <Baseline points="537,510 582,513 626,510 671,507 716,507 761,501 806,501 850,498 895,498 940,498 985,498 1030,498 1074,498 1119,498 1164,498 1209,498 1253,498 1298,498 1343,498 1388,498 1433,498 1477,498 1522,492 1567,495 1612,495 1657,495 1701,495 1746,495 1791,498 1836,498 1880,495 1925,495 1970,495 2015,495 2060,498 2104,498 2149,495 2194,495 2239,495 2283,495 2328,495 2373,498 2418,501 2463,504 2507,504 2552,504 2597,504 2642,504 2687,504 2731,504 2776,501 2821,498 2866,501 2910,501 2955,501 3000,498 3045,498 3090,498 3134,501 3179,501 3224,504"/>
                <TextEquiv>
                    <Unicode>doch die Teute, die auch morgen noch leben</Unicode>
                </TextEquiv>
            </TextLine>
            <TextLine id="tr_2_tl_3" custom="readingOrder {index:2;}">
                <Coords points="531,643 3013,707 3298,668 3298,563 1473,517 531,601"/>
                <Baseline points="549,632 594,632 638,629 683,629 728,626 773,623 818,621 862,618 907,618 952,618 997,621 1041,621 1086,618 1131,615 1176,615 1221,618 1265,615 1310,615 1355,615 1400,615 1445,621 1489,621 1534,623 1579,623 1624,621 1668,621 1713,621 1758,621 1803,621 1848,623 1892,623 1937,623 1982,623 2027,623 2072,623 2116,623 2161,623 2206,621 2251,623 2295,623 2340,623 2385,626 2430,629 2475,629 2519,629 2564,629 2609,626 2654,629 2698,626 2743,629 2788,632 2833,632 2878,632 2922,632 2967,632 3012,632 3057,632 3102,635 3146,638 3191,641 3236,641 3281,644 3308,638"/>
                <TextEquiv>
                    <Unicode>müssen - was hat unsereiner mit ihrem Glück¬</Unicode>
                </TextEquiv>
            </TextLine>
            <TextLine id="tr_2_tl_4" custom="readingOrder {index:3;}">
                <Coords points="545,812 1635,731 1821,805 2862,784 2859,700 2563,665 542,686"/>
                <Baseline points="564,755 582,755 626,752 671,752 716,749 761,746 806,743 850,743 895,737 940,737 985,737 1030,740 1074,740 1119,740 1164,737 1209,737 1253,734 1298,731 1343,731 1388,728 1433,731 1477,731 1522,731 1567,731 1612,731 1657,728 1701,728 1746,728 1791,731 1836,731 1880,731 1925,728 1970,728 2015,728 2060,734 2104,740 2149,737 2194,737 2239,737 2283,740 2328,743 2373,746 2418,749 2463,749 2507,749 2552,752 2597,755 2642,755 2687,755 2731,749 2776,749 2821,743 2866,743"/>
                <TextEquiv>
                    <Unicode>mit ihren Seegen nach zu schaffen".</Unicode>
                </TextEquiv>
            </TextLine>
            <TextLine id="tr_2_tl_5" custom="readingOrder {index:4;}">
                <Coords points="573,939 1319,869 3235,932 3235,840 2936,770 573,795"/>
                <Baseline points="594,880 638,880 683,883 728,883 773,880 818,877 862,877 907,877 952,877 997,877 1041,877 1086,874 1131,877 1176,877 1221,874 1265,871 1310,871 1355,868 1400,868 1445,868 1489,868 1534,868 1579,868 1624,865 1668,868 1713,868 1758,865 1803,862 1848,865 1892,865 1937,865 1982,865 2027,865 2072,865 2116,865 2161,865 2206,865 2251,865 2295,865 2340,865 2385,868 2430,868 2475,868 2519,871 2564,868 2609,871 2654,871 2698,871 2743,871 2788,868 2833,871 2878,871 2922,874 2967,877 3012,877 3057,877 3102,880 3146,883 3191,883 3236,886 3245,889"/>
                <TextEquiv>
                    <Unicode>Und vollends das letzte Lustspiel in diesem</Unicode>
                </TextEquiv>
            </TextLine>
            <TextLine id="tr_2_tl_6" custom="readingOrder {index:5;}">
                <Coords points="545,1072 1937,988 3337,1044 3337,925 1568,869 545,953"/>
                <Baseline points="564,1003 609,1006 653,1009 698,1009 743,1009 788,1012 832,1009 877,1009 922,1006 967,1006 1012,1003 1056,1000 1101,1003 1146,1000 1191,1000 1236,997 1280,997 1325,1000 1370,1000 1415,1000 1459,1000 1504,988 1549,991 1594,994 1639,994 1683,994 1728,988 1773,988 1818,988 1863,988 1907,985 1952,985 1997,988 2042,988 2086,988 2131,988 2176,988 2221,988 2266,988 2310,988 2355,988 2400,988 2445,985 2490,988 2534,988 2579,988 2624,991 2669,991 2713,991 2758,994 2803,997 2848,997 2893,997 2937,1000 2982,1000 3027,1000 3072,1006 3116,1006 3161,1012 3206,1012 3251,1018 3296,1024 3340,1027 3346,1030"/>
                <TextEquiv>
                    <Unicode>Einaklericpklns „literatur“ ist voll blendendem</Unicode>
                </TextEquiv>
            </TextLine>
            <TextLine id="tr_2_tl_7" custom="readingOrder {index:6;}">
                <Coords points="542,1157 3105,1181 3200,1160 3200,1027 542,1072"/>
                <Baseline points="561,1140 567,1140 612,1137 656,1134 701,1134 746,1131 791,1125 835,1122 880,1122 925,1125 970,1125 1015,1122 1059,1122 1104,1119 1149,1116 1194,1116 1239,1116 1283,1116 1328,1116 1373,1116 1418,1116 1462,1116 1507,1116 1552,1116 1597,1116 1642,1116 1686,1113 1731,1110 1776,1110 1821,1107 1866,1104 1910,1104 1955,1104 2000,1104 2045,1104 2089,1104 2134,1104 2179,1098 2224,1098 2269,1101 2313,1107 2358,1107 2403,1110 2448,1110 2492,1107 2537,1104 2582,1107 2627,1107 2672,1110 2716,1113 2761,1116 2806,1116 2851,1116 2896,1116 2940,1119 2985,1119 3030,1119 3075,1119 3119,1119 3164,1122 3209,1122"/>
                <TextEquiv>
                    <Unicode>Mitz, voll feinstem Esprit, zart facettierten</Unicode>
                </TextEquiv>
            </TextLine>
            <TextLine id="tr_2_tl_8" custom="readingOrder {index:7;}">
                <Coords points="545,1294 3362,1269 2690,1129 545,1171"/>
                <Baseline points="564,1265 594,1262 638,1259 683,1259 728,1259 773,1256 818,1256 862,1256 907,1256 952,1253 997,1250 1041,1247 1086,1245 1131,1242 1176,1242 1221,1239 1265,1239 1310,1236 1355,1236 1400,1236 1445,1233 1489,1236 1534,1236 1579,1236 1624,1239 1668,1239 1713,1239 1758,1239 1803,1239 1848,1233 1892,1233 1937,1233 1982,1236 2027,1236 2072,1233 2116,1233 2161,1233 2206,1236 2251,1236 2295,1233 2340,1236 2385,1236 2430,1236 2475,1233 2519,1227 2564,1224 2609,1227 2654,1233 2698,1233 2743,1230 2788,1233 2833,1230 2878,1230 2922,1230 2967,1236 3012,1239 3057,1239 3102,1242 3146,1245 3191,1247 3236,1247 3281,1253 3325,1256 3370,1253"/>
                <TextEquiv>
                    <Unicode>Tronie - mit einem kräftigen Hauch heiterer</Unicode>
                </TextEquiv>
            </TextLine>
            <TextLine id="tr_2_tl_9" custom="readingOrder {index:8;}">
                <Coords points="587,1414 2388,1361 3284,1456 3284,1290 3165,1262 587,1301"/>
                <Baseline points="607,1384 653,1382 698,1382 743,1379 788,1379 832,1379 877,1382 922,1379 967,1379 1012,1379 1056,1379 1101,1376 1146,1373 1191,1370 1236,1370 1280,1370 1325,1367 1370,1367 1415,1367 1459,1364 1504,1364 1549,1364 1594,1364 1639,1364 1683,1361 1728,1361 1773,1361 1818,1361 1863,1361 1907,1361 1952,1361 1997,1361 2042,1361 2086,1358 2131,1358 2176,1358 2221,1358 2266,1358 2310,1358 2355,1358 2400,1358 2445,1358 2490,1361 2534,1361 2579,1361 2624,1364 2669,1367 2713,1367 2758,1367 2803,1367 2848,1370 2893,1370 2937,1373 2982,1373 3027,1376 3072,1373 3116,1376 3161,1382 3206,1385 3251,1388 3293,1385"/>
                <TextEquiv>
                    <Unicode>Satyre, dieses vielleicht geistvollste, und für</Unicode>
                </TextEquiv>
            </TextLine>
            <TextLine id="tr_2_tl_10" custom="readingOrder {index:9;}">
                <Coords points="563,1526 3284,1565 3281,1456 2929,1399 559,1417"/>
                <Baseline points="582,1504 626,1504 671,1507 716,1507 761,1507 806,1507 850,1507 895,1507 940,1504 985,1504 1030,1504 1074,1504 1119,1504 1164,1504 1209,1501 1253,1501 1298,1498 1343,1495 1388,1495 1433,1495 1477,1492 1522,1492 1567,1489 1612,1486 1657,1489 1701,1486 1746,1486 1791,1489 1836,1492 1880,1492 1925,1492 1970,1492 2015,1495 2060,1495 2104,1495 2149,1495 2194,1492 2239,1492 2283,1492 2328,1492 2373,1492 2418,1492 2463,1492 2507,1489 2552,1495 2597,1498 2642,1498 2687,1501 2731,1498 2776,1501 2821,1504 2866,1507 2910,1507 2955,1510 3000,1510 3045,1513 3090,1516 3134,1522 3179,1528 3224,1531 3269,1534 3290,1534"/>
                <TextEquiv>
                    <Unicode>Schnitzlers Kunst charakteristischaften Stückchen</Unicode>
                </TextEquiv>
            </TextLine>
            <TextLine id="tr_2_tl_11" custom="readingOrder {index:10;}">
                <Coords points="594,1691 3158,1670 2918,1523 591,1554"/>
                <Baseline points="609,1621 653,1627 698,1630 743,1633 788,1630 832,1630 877,1630 922,1627 967,1630 1012,1630 1056,1630 1101,1633 1146,1630 1191,1627 1236,1627 1280,1627 1325,1627 1370,1627 1415,1624 1459,1624 1504,1624 1549,1624 1594,1621 1639,1624 1683,1621 1728,1618 1773,1618 1818,1618 1863,1621 1907,1621 1952,1624 1997,1624 2042,1624 2086,1627 2131,1624 2176,1624 2221,1621 2266,1621 2310,1624 2355,1624 2400,1624 2445,1624 2490,1627 2534,1627 2579,1627 2624,1630 2669,1630 2713,1633 2758,1633 2803,1633 2848,1633 2893,1636 2937,1639 2982,1639 3027,1642 3072,1642 3116,1645 3161,1645 3164,1645"/>
                <TextEquiv>
                    <Unicode>zeigt uns, daß in diesem speciellen Genre¬</Unicode>
                </TextEquiv>
            </TextLine>
        </TextRegion>
        <TextRegion id="tr_1" custom="readingOrder {index:2;}">
            <Coords points="537,1690 3382,1690 3382,3440 537,3440"/>
            <TextLine id="tr_1_tl_1" custom="readingOrder {index:0;}">
                <Coords points="549,1797 2711,1804 3136,1783 3136,1695 1610,1656 549,1744"/>
                <Baseline points="567,1773 594,1770 638,1767 683,1767 728,1767 773,1764 818,1764 862,1764 907,1764 952,1764 997,1761 1041,1758 1086,1758 1131,1758 1176,1758 1221,1758 1265,1758 1310,1758 1355,1755 1400,1752 1445,1749 1489,1746 1534,1746 1579,1749 1624,1749 1668,1746 1713,1746 1758,1743 1803,1743 1848,1740 1892,1743 1937,1746 1982,1749 2027,1749 2072,1749 2116,1746 2161,1749 2206,1746 2251,1746 2295,1746 2340,1749 2385,1746 2430,1746 2475,1746 2519,1746 2564,1749 2609,1749 2654,1749 2698,1752 2743,1755 2788,1758 2833,1761 2878,1761 2922,1761 2967,1761 3012,1761 3057,1761 3102,1764 3146,1761"/>
                <TextEquiv>
                    <Unicode>des einäkligen Lustspiels der Schäpfer des</Unicode>
                </TextEquiv>
            </TextLine>
            <TextLine id="tr_1_tl_2" custom="readingOrder {index:1;}">
                <Coords points="545,1923 3337,1944 3333,1846 3133,1804 542,1843"/>
                <Baseline points="564,1898 609,1895 653,1895 698,1895 743,1895 788,1895 832,1895 877,1892 922,1892 967,1886 1012,1883 1056,1883 1101,1883 1146,1880 1191,1880 1236,1880 1280,1877 1325,1877 1370,1877 1415,1877 1459,1877 1504,1874 1549,1874 1594,1874 1639,1874 1683,1874 1728,1874 1773,1874 1818,1874 1863,1874 1907,1877 1952,1877 1997,1877 2042,1877 2086,1877 2131,1877 2176,1877 2221,1874 2266,1877 2310,1880 2355,1880 2400,1883 2445,1883 2490,1886 2534,1892 2579,1892 2624,1892 2669,1892 2713,1892 2758,1895 2803,1895 2848,1898 2893,1901 2937,1901 2982,1904 3027,1907 3072,1910 3116,1913 3161,1913 3206,1916 3251,1919 3296,1925 3340,1925 3343,1925"/>
                <TextEquiv>
                    <Unicode>Anatol" auch alleiniger Meister geblieben ist.</Unicode>
                </TextEquiv>
            </TextLine>
            <TextLine id="tr_1_tl_3" custom="readingOrder {index:2;}">
                <Coords points="763,2022 963,2103 1814,2004 3193,2085 3193,1994 2880,1930 763,1955"/>
                <Baseline points="782,2006 824,2009 868,2012 913,2012 958,2012 1003,2012 1047,2009 1092,2009 1137,2009 1182,2006 1227,2006 1271,2003 1316,2006 1361,2006 1406,2006 1451,2003 1495,2003 1540,2006 1585,2006 1630,2006 1674,2006 1719,2003 1764,2003 1809,2000 1854,2000 1898,2003 1943,2003 1988,2003 2033,2003 2077,2000 2122,2000 2167,2000 2212,2000 2257,2000 2301,2000 2346,2006 2391,2006 2436,2006 2481,2012 2525,2015 2570,2018 2615,2018 2660,2021 2704,2021 2749,2021 2794,2018 2839,2018 2884,2021 2928,2024 2973,2024 3018,2027 3063,2030 3108,2036 3152,2039 3197,2039 3203,2036"/>
                <TextEquiv>
                    <Unicode>Nach immer bleibt und aber eines seiner</Unicode>
                </TextEquiv>
            </TextLine>
            <TextLine id="tr_1_tl_4" custom="readingOrder {index:3;}">
                <Coords points="552,2155 3372,2212 3372,2103 2915,2039 2665,2117 1941,2004 552,2078"/>
                <Baseline points="570,2146 615,2149 659,2152 704,2149 749,2149 794,2149 838,2146 883,2146 928,2146 973,2146 1018,2143 1062,2140 1107,2137 1152,2134 1197,2134 1242,2134 1286,2134 1331,2131 1376,2131 1421,2131 1465,2131 1510,2128 1555,2128 1600,2125 1645,2125 1689,2125 1734,2128 1779,2128 1824,2128 1868,2128 1913,2128 1958,2128 2003,2128 2048,2131 2092,2131 2137,2131 2182,2131 2227,2134 2272,2134 2316,2131 2361,2131 2406,2134 2451,2137 2495,2137 2540,2140 2585,2146 2630,2149 2675,2152 2719,2146 2764,2143 2809,2143 2854,2146 2899,2146 2943,2152 2988,2152 3033,2155 3078,2158 3122,2158 3167,2164 3212,2164 3257,2167 3302,2173 3346,2179 3382,2182"/>
                <TextEquiv>
                    <Unicode>tiefsten und reifsten Werke, seine "Marionetten"</Unicode>
                </TextEquiv>
            </TextLine>
            <TextLine id="tr_1_tl_5" custom="readingOrder {index:4;}">
                <Coords points="552,2328 777,2279 897,2352 1037,2279 1192,2324 1512,2268 1726,2324 1850,2296 1850,2194 1354,2222 1269,2162 1188,2201 967,2159 795,2222 552,2212"/>
                <Baseline points="573,2263 618,2269 662,2275 707,2272 752,2272 797,2269 841,2269 886,2269 931,2269 976,2266 1021,2266 1065,2266 1110,2263 1155,2263 1200,2266 1245,2269 1289,2269 1334,2269 1379,2269 1424,2266 1468,2266 1513,2263 1558,2260 1603,2260 1648,2257 1692,2260 1737,2260 1782,2260 1827,2260 1857,2263"/>
                <TextEquiv>
                    <Unicode>zu besprechen übrig.</Unicode>
                </TextEquiv>
            </TextLine>
            <TextLine id="tr_1_tl_6" custom="readingOrder {index:5;}">
                <Coords points="566,2440 3154,2440 3242,2349 1378,2275 566,2363"/>
                <Baseline points="585,2415 609,2412 653,2412 698,2409 743,2409 788,2406 832,2403 877,2403 922,2400 967,2397 1012,2394 1056,2391 1101,2394 1146,2397 1191,2394 1236,2394 1280,2397 1325,2394 1370,2394 1415,2394 1459,2391 1504,2391 1549,2388 1594,2388 1639,2388 1683,2385 1728,2385 1773,2379 1818,2373 1863,2376 1907,2379 1952,2379 1997,2379 2042,2379 2086,2379 2131,2379 2176,2382 2221,2382 2266,2382 2310,2382 2355,2382 2400,2385 2445,2388 2490,2391 2534,2394 2579,2397 2624,2397 2669,2397 2713,2397 2758,2400 2803,2403 2848,2403 2893,2406 2937,2406 2982,2406 3027,2409 3072,2409 3116,2409 3161,2412 3206,2412 3251,2412"/>
                <TextEquiv>
                    <Unicode>da ist zunächst der "stuppenspieler", der mit</Unicode>
                </TextEquiv>
            </TextLine>
            <TextLine id="tr_1_tl_7" custom="readingOrder {index:6;}">
                <Coords points="556,2539 3172,2570 3172,2447 2778,2419 556,2454"/>
                <Baseline points="576,2522 621,2525 665,2528 710,2531 755,2531 800,2531 844,2528 889,2528 934,2528 979,2528 1024,2528 1068,2525 1113,2525 1158,2522 1203,2522 1247,2522 1292,2525 1337,2525 1382,2522 1427,2522 1471,2519 1516,2519 1561,2516 1606,2516 1651,2516 1695,2513 1740,2513 1785,2510 1830,2510 1874,2510 1919,2507 1964,2507 2009,2507 2054,2510 2098,2510 2143,2510 2188,2513 2233,2513 2278,2510 2322,2507 2367,2504 2412,2507 2457,2507 2501,2510 2546,2510 2591,2513 2636,2513 2681,2513 2725,2516 2770,2519 2815,2519 2860,2522 2905,2522 2949,2528 2994,2525 3039,2528 3084,2531 3128,2534 3173,2537 3182,2537"/>
                <TextEquiv>
                    <Unicode>Menschenschickselen gespielt, und dabei an</Unicode>
                </TextEquiv>
            </TextLine>
            <TextLine id="tr_1_tl_8" custom="readingOrder {index:7;}">
                <Coords points="527,2693 2599,2641 3154,2722 3196,2560 527,2616"/>
                <Baseline points="546,2639 591,2645 635,2654 680,2654 725,2654 770,2657 815,2657 859,2657 904,2654 949,2651 994,2648 1038,2645 1083,2645 1128,2645 1173,2648 1218,2648 1262,2645 1307,2648 1352,2648 1397,2648 1442,2648 1486,2645 1531,2642 1576,2642 1621,2642 1665,2642 1710,2639 1755,2639 1800,2636 1845,2636 1889,2633 1934,2636 1979,2633 2024,2633 2069,2636 2113,2636 2158,2636 2203,2636 2248,2636 2292,2636 2337,2636 2382,2636 2427,2639 2472,2639 2516,2636 2561,2639 2606,2639 2651,2636 2696,2639 2740,2639 2785,2639 2830,2642 2875,2642 2919,2645 2964,2645 3009,2645 3054,2645 3099,2651 3143,2651 3188,2657 3200,2657"/>
                <TextEquiv>
                    <Unicode>seinem eigenen Glücke vorbeigegangen ist.</Unicode>
                </TextEquiv>
            </TextLine>
            <TextLine id="tr_1_tl_9" custom="readingOrder {index:8;}">
                <Coords points="573,2813 3210,2827 3207,2700 2971,2648 2669,2718 570,2676"/>
                <Baseline points="588,2773 632,2770 677,2770 722,2770 767,2767 812,2767 856,2770 901,2770 946,2770 991,2767 1036,2764 1080,2764 1125,2764 1170,2764 1215,2764 1259,2764 1304,2764 1349,2767 1394,2767 1439,2767 1483,2767 1528,2767 1573,2767 1618,2764 1662,2764 1707,2761 1752,2761 1797,2758 1842,2761 1886,2758 1931,2761 1976,2761 2021,2764 2066,2764 2110,2764 2155,2764 2200,2764 2245,2764 2289,2764 2334,2767 2379,2764 2424,2767 2469,2767 2513,2767 2558,2764 2603,2767 2648,2767 2693,2770 2737,2767 2782,2767 2827,2770 2872,2773 2916,2773 2961,2773 3006,2776 3051,2776 3096,2782 3140,2785 3185,2791 3218,2791"/>
                <TextEquiv>
                    <Unicode>Während er sieht, daß er den beiden anderen</Unicode>
                </TextEquiv>
            </TextLine>
            <TextLine id="tr_1_tl_10" custom="readingOrder {index:9;}">
                <Coords points="542,2922 3140,2918 3140,2838 2950,2792 542,2809"/>
                <Baseline points="561,2887 606,2893 650,2893 695,2893 740,2893 785,2890 830,2890 874,2890 919,2890 964,2890 1009,2887 1053,2887 1098,2890 1143,2887 1188,2887 1233,2887 1277,2887 1322,2884 1367,2884 1412,2884 1456,2881 1501,2881 1546,2884 1591,2884 1636,2881 1680,2881 1725,2884 1770,2884 1815,2881 1860,2881 1904,2881 1949,2881 1994,2881 2039,2881 2083,2881 2128,2881 2173,2878 2218,2878 2263,2878 2307,2875 2352,2872 2397,2875 2442,2878 2487,2878 2531,2875 2576,2875 2621,2875 2666,2878 2710,2878 2755,2881 2800,2878 2845,2884 2890,2881 2934,2884 2979,2887 3024,2887 3069,2893 3113,2896 3146,2899"/>
                <TextEquiv>
                    <Unicode>wirklich Schicksal war, will er sich einreden</Unicode>
                </TextEquiv>
            </TextLine>
            <TextLine id="tr_1_tl_11" custom="readingOrder {index:10;}">
                <Coords points="542,3035 3210,3056 3210,2961 2785,2897 542,2971"/>
                <Baseline points="561,3006 606,3012 650,3015 695,3015 740,3015 785,3009 830,3009 874,3012 919,3012 964,3015 1009,3015 1053,3012 1098,3012 1143,3012 1188,3009 1233,3009 1277,3009 1322,3006 1367,3006 1412,3006 1456,3009 1501,3009 1546,3009 1591,3006 1636,3006 1680,3009 1725,3006 1770,3006 1815,3009 1860,3009 1904,3006 1949,3006 1994,3006 2039,3003 2083,3006 2128,3006 2173,3009 2218,3006 2263,3006 2307,3000 2352,3003 2397,3003 2442,3003 2487,3003 2531,3003 2576,3000 2621,3003 2666,3003 2710,3000 2755,3000 2800,3003 2845,3006 2890,3006 2934,3006 2979,3003 3024,3000 3069,3003 3113,3006 3158,3009 3203,3012 3218,3009"/>
                <TextEquiv>
                    <Unicode>auch sein eigenes selbst und freiwillig ge¬</Unicode>
                </TextEquiv>
            </TextLine>
            <TextLine id="tr_1_tl_12" custom="readingOrder {index:11;}">
                <Coords points="517,3210 3203,3168 3203,3059 517,3052"/>
                <Baseline points="537,3128 582,3134 626,3137 671,3143 716,3143 761,3143 806,3143 850,3143 895,3140 940,3143 985,3143 1030,3143 1074,3140 1119,3137 1164,3134 1209,3137 1253,3134 1298,3134 1343,3134 1388,3134 1433,3134 1477,3134 1522,3134 1567,3134 1612,3134 1657,3131 1701,3128 1746,3128 1791,3128 1836,3131 1880,3128 1925,3128 1970,3128 2015,3131 2060,3134 2104,3134 2149,3131 2194,3134 2239,3134 2283,3131 2328,3134 2373,3134 2418,3131 2463,3134 2507,3131 2552,3134 2597,3134 2642,3134 2687,3134 2731,3137 2776,3137 2821,3140 2866,3143 2910,3146 2955,3149 3000,3149 3045,3146 3090,3149 3134,3152 3179,3152 3212,3149"/>
                <TextEquiv>
                    <Unicode>schmiedet zu haben, um nicht eingestehen zu</Unicode>
                </TextEquiv>
            </TextLine>
            <TextLine id="tr_1_tl_13" custom="readingOrder {index:12;}">
                <Coords points="549,3284 3087,3316 3084,3179 2700,3161 545,3228"/>
                <Baseline points="567,3263 612,3269 656,3269 701,3269 746,3269 791,3269 835,3269 880,3269 925,3269 970,3272 1015,3272 1059,3269 1104,3266 1149,3266 1194,3263 1239,3263 1283,3260 1328,3260 1373,3254 1418,3257 1462,3257 1507,3257 1552,3260 1597,3257 1642,3257 1686,3257 1731,3257 1776,3254 1821,3254 1866,3254 1910,3254 1955,3254 2000,3257 2045,3263 2089,3263 2134,3266 2179,3272 2224,3272 2269,3272 2313,3269 2358,3275 2403,3275 2448,3275 2492,3275 2537,3275 2582,3275 2627,3275 2672,3275 2716,3278 2761,3278 2806,3275 2851,3278 2896,3284 2940,3290 2985,3293 3030,3296 3075,3299 3096,3299"/>
                <TextEquiv>
                    <Unicode>müssen, was wir durch den Kuß auf die</Unicode>
                </TextEquiv>
            </TextLine>
            <TextLine id="tr_1_tl_14" custom="readingOrder {index:13;}">
                <Coords points="556,3414 3126,3442 2971,3319 2817,3383 1406,3267 925,3379 556,3316"/>
                <Baseline points="576,3394 621,3397 665,3400 710,3403 755,3406 800,3409 844,3412 889,3409 934,3412 979,3415 1024,3415 1068,3412 1113,3412 1158,3409 1203,3403 1247,3403 1292,3400 1337,3400 1382,3400 1427,3400 1471,3397 1516,3400 1561,3400 1606,3403 1651,3400 1695,3397 1740,3397 1785,3397 1830,3394 1874,3394 1919,3394 1964,3394 2009,3397 2054,3400 2098,3400 2143,3403 2188,3406 2233,3406 2278,3409 2322,3409 2367,3409 2412,3409 2457,3412 2501,3415 2546,3412 2591,3412 2636,3409 2681,3412 2725,3412 2770,3412 2815,3415 2860,3418 2905,3418 2949,3421 2994,3424 3039,3427 3084,3427 3128,3430 3134,3430"/>
                <TextEquiv>
                    <Unicode>Hirne des Knaben dieser beiden, ernaten.</Unicode>
                </TextEquiv>
            </TextLine>
        </TextRegion>
    </Page>
</PcGts>
