4200 5352
1089 510 2867 772 Sein Leben trinkt aus freudend klaren Quellen
1103 736 2770 902 Und jede weckt den purst und leescht ihn.“
665 837 3474 1053 Beatrice ist der höchste Ausdruck dieser Lebenslust, die das Staunen und
686 1042 3424 1200 das Sinnen, das Gruebeln, nicht kennt,“ sie die jenen sternen gleich, die
690 1193 3492 1326 einen wimmel in einem Augenblick durchmessen, durch eine ganze Welt jagt,
690 1354 1412 1520 seit Abend wurde.“
679 1473 3517 1678 Es lassen sich eine ganze Anzahl solcher aus dem Ganzen heraustretende,
701 1653 3449 1843 wie Opernrezitive anmutende Hinweise auf die Idee des stücks heraus-
683 1785 3521 1962 greifen. #Das Stuck schliesst mit einem Hinweis auf den von Beatrice aus
679 1951 3248 2109 drückten Grundgedanken: “Das Leben ist die Fuel le,nicht die Zeit
1581 2094 3251 2263 Und noch der nächste Augenblick ist weit.
693 2260 3585 2450 Das erste Stuck des Einakterzyklus „Lebendige Stunden“ ist durchweg reflek -
697 2396 3449 2583 tierender Dialog zwischen Anton Hausdorfer und seinem Sohne Heinrich.
701 2601 3449 2745 Am Schlüsse steht der Hinweis auf die Symbolik des Titels.In der "Frau
697 2716 3531 2924 mit dem Dolch", dem zweiten Einakter,wird die Idee durch die Vorführung
701 2892 3488 3028 eines Traumbildes versinnlicht.in dem dritten, "Die letzten Masken" lasst
697 2996 3557 3190 sich die Technik durch die Eigenart des Stoffes begründen. Der fiebernde,
693 3187 3449 3413 anfangs äussert redselige Rademacher wird schweigsam vor der Wache des
715 3363 3521 3485 Todes.“Literatur“, das vierte der Stücke, ist ein in Handlung umgesetzter
701 3467 3460 3672 Witz mit einer guten Pointe. In der Salasugabe lässt jedoch der Autor
715 3679 3409 3822 die Figur des Gilbert aus der Handlung heraustreten und nach der bei
718 3804 3488 3998 Schnitzler nun stark hervortretenden Weise einen Witz ueber die Witzig-
715 3970 1692 4113 keit des Stuckes machen:
708 3970 3258 4160 Ges. Werke, Bd. 11. Seite [8]48 Ferner verweise ich auf die Monologe
718 4128 3266 4307 und verkappten Monologa Seite:I41:152: 176: 175: 231:245:246:247:
715 4239 1829 4358 252:287:297:310:hi7:318:3:23.
