3528 3912
3225 135 3345 298 8
645 195 3186 386 Gefahr steuern würde, an Langerweile zu
549 344 3388 553 sterben. Er klatscht ihm ja Beifall - er bewundert
528 457 3306 627 es und läßt es uns mitbewundern – aber er
528 581 3271 794 weiß auch die Illusion unser Tanfesie recht¬
567 734 3214 904 zeitig zu demeskieren, um uns zu zeigen,
556 829 3200 1003 daß hinter diesen entzückenden Spenen des
592 985 3278 1130 ästhetisch printirten Theaterspiels im Leben
592 1113 3250 1262 tüge, Schmach und Schande und Prostitution
560 1254 3356 1389 sich verbergen. Er will daß wir nicht nur be¬
571 1382 3374 1513 wundern, sondern auch erkennen, selbst wenn
556 1435 3235 1619 unser Verteruen auf Wolt und Menschen, und
567 1591 3367 1786 insbesondere auf das Leben derunter Schifsbruch
588 1715 1375 1896 leiden sollte.
631 1783 3391 1981 Schnitzler, ob Dramaliker, ob Presaschriftsteller bleibt,
585 1924 3335 2109 immer nur ein kühner Kritiker und Berbachter des Te¬
599 2077 3271 2240 bens, präciser ausgedrückt, der comédie humaine,
585 2172 3299 2339 der modernen Seelendramen. Als ein zarter und
602 2279 3310 2459 klerblickender Pegeboleg ist er auch dazu berufen
645 2420 3228 2637 Gerichtsteg zu halten und Sache zu nehmen am
599 2541 904 2722 Teben.
578 2601 3289 2839 Ein jeder dichter oder Künstler tut ja des, und
571 2750 3335 2970 seine Werke sind eigentlich nur eine Konfronta¬
556 2867 3406 3087 tirn seiner schönen Träume, seiner märchenheften
599 2980 3306 3186 Fiklirnen mit der Rahheit des Lebens, mit der
578 3115 3384 3306 Stupidität der Wirklichkeit. Aber während ein par¬
595 3253 3349 3437 sönlicher dichter die Tragik seiner verwundeten
599 3381 3388 3597 Seele in seltsam tönenden Versen eibrieren läßt,
