3512 3912
3120 106 3321 275 29.
613 190 3204 380 Seine wehre Kunst, die Quintessenz seiner
574 356 3144 511 Berbachtung jenzer Menschenschickfale und
549 479 3317 630 leegischer Lebensdramen wiederzugeben, kommt
567 574 3292 739 vielleicht am deutlichsten in seinen Einaktern
549 694 3268 835 mit zwei bis drei handelnden Personen zur
567 827 3328 989 Geltung - wie z.B. in den "Sebendigen Stun¬
560 958 3296 1102 den, wo er den tiefen Sinn der zu Grunde
556 1049 3264 1201 liegenden Ideen, in einen, den Zuhörer wie¬
532 1158 3275 1394 den Taser gleich fesselnden dieleg zu kleiden
546 1324 923 1475 weist.
546 1394 3211 1613 Erhaben und erst ist auch der Vorwurf des
567 1528 3328 1701 zweiten in diesem Cyklus enthaltenen Einak¬
542 1648 3313 1810 ters. Ein armer Heer von einem Journalisten
546 1764 3187 1937 im öffentlichen Krankenhause sterbend - ein
560 1912 3285 2088 Schauspieler, der auch keine acht Tage mehr zu
532 2021 3250 2197 leben hat, aber sein einstiges Talent noch dazu
532 2144 3345 2321 benützt seine Ärzte nachzuehmen - ein Kranken¬
539 2250 3352 2472 hausarpt, der trotzdem nach Mensch und mensch¬
539 2401 3373 2556 lich geblieben ist, und schließlich ein segenann¬
535 2553 3352 2708 ter berühmter dichter. Und diesem will der herab¬
532 2648 3257 2813 gekommene Traualist vor seinem Ende nach
528 2736 3299 2923 die Mehrheit in’s Gesicht schleudern – will Recht
546 2894 3169 3025 an ihm nehmen. Da der aber an seinem Bette
549 3004 3225 3159 sitzt, und der Verbinde die ganze erbärzliche
577 3081 3257 3303 Kleinlichkeit und Ängstlichkreit seiner Seegen
570 3218 3331 3447 und kläne für die Zukunft sieht, da beneidet
585 3356 3391 3564 er ihn nicht mehr. Befreit von diesen lächerlichen
574 3475 3359 3659 Quälereien des einseligen Lebens fühlt er sich
