4216 5384
2104 191 2325 308 1.° 1.
977 129 1201 371 J
1322 544 2868 742 FRUHESTE LITERARISCHE BETATIGUNG
1238 977 3474 1161 Schon in ungemein frühem Alter verspürte Arthur
1014 1186 3441 1359 Schnitzler den Drang, seine Gedanken und Gefühle zu
995 1252 3731 1553 Papier zu bringen. Noch ehe er das zehnte Lebensjahr über-
999 1520 3566 1671 schritten hatte, lag schon eine dramatische Arbeit von
999 1678 3614 1785 ihm fertig vor. Mit verhältnismässig wenigen und kurzen
1014 1825 3606 2005 Unterbrechungen kam seine Feder nie mehr zur Ruhe. Eine
995 1976 3841 2156 unglaubliche Masse von Arbeiten jeglichen Genres häufte sich
988 2148 3467 2255 an, ehe er seine ersten schüchternen Schritte in die
999 2284 3643 2405 Offentlichkeit wagte. Ein Teil dieser Werke ist entweder
995 2450 3672 2600 zerstört worden oder im Laufe der Zeit abhanden gekommen,
995 2600 3643 2696 aber die meisten befinden sich noch unversehrt und unbe-
981 2732 3750 2916 rührt in des Dichters Nachlass. Zu seinen Lebzeiten wurden
981 2861 3882 3056 sie wie geheime Jugendsunden streng bewacht und unter Schloss
981 3063 1950 3162 und Riegel verwahrt.
1208 3199 3849 3415 Dieser Hang zum SchriftstellerM muss sehr stark in dem
977 3309 3926 3570 Knaben gewesen sein. Ohne Ermutigung oder Förderung von aussen
977 3518 3603 3676 musste er diesem Laster sogar im geheimen fröhnen. Sein
977 3658 3632 3863 berühmter Vater hatte nur den einen Wunsch, den begabten
970 3834 3548 3992 Jungen zu einem tüchtigen Nachfolger in seinen eigenen
959 3981 3702 4176 Fach zu erziehen und alles, was diesen Plan stören könnte,
962 4121 3676 4323 von ihm fernzuhalten. Seine dichterische Tätigkeit schien
977 4286 3617 4392 dem Vater eine nutzlose, wenn nicht gar schädliche Zeit-
959 4374 3588 4638 verschwendung, die ernstere Studien beeinträchtigte. Um
948 4605 3886 4833 seine Allotria vor dem wachsamen Auge des Vaters zu verbergen,
933 4760 3617 4973 fand Arthur es angezeigt, viele Produkte seiner Muse ge-
