4456 5640
1211 330 1453 540 V. 11. „
2001 410 2200 548 -6-
847 571 3729 828 erwachen pflegt“? Glaubt man nicht Chamfort zu hören, wenn der
851 698 3810 947 Dichter äussert: "Wer deine bittersten Feinde sind? Unbekannte,
870 874 3882 1100 dieahnen, wie sehr du sie verachten würdest, wenn du sic kenntest.
870 1039 3729 1295 Dennoch atmet jeder dieser Sätze etwas vom Wesen Schnitzlers,
862 1169 3702 1414 in ihrem Gefüge webt das Geheimnis der Persönlichkeit, das er
881 1372 3741 1567 selbst einmal mit den Worten vorbildlich umschreibt: "Was als
862 1502 3683 1790 Persönlichkeit wirkt, ist das Leuchten aller Möglich-
874 1667 3741 1874 keit eines Charakters hinter seinen wirklichen und zu-
874 1813 3810 2054 fälligen Lebensäusserungen." Zu dieser Persönlichkeit aber ge-
885 2004 3963 2192 hört im gegebenen Falle auch die nicht allen Philosolphen verliehe-
916 2165 3859 2315 ne Gabe, amüsant zu sein, das heisst, eine glückliche Beobachtung
885 2307 3955 2480 derart zu formulieren, dass ein Lachen daraus hervorbricht. Alle W
889 2411 3848 2671 Welt schreibt heute Memoiren. Und was sagt Schnitzler über die-
939 2633 3783 2813 se Memoirenschreiber, ohne einem einzigen aus ihrer illustren
901 2794 3863 2959 Schar persönlich weh zu tun? Er sagt, gleichfalls in einem Apho-
901 2932 3683 3108 rima des genannten Buches, mit dem ernstesten Gesicht: "Man
901 3032 3787 3269 hat es so leicht, seine Erinnerungen zu schreiben, wenn man ein
901 3185 3932 3461 schlechtes Gedächtnis hat." Bergson sollte diesen lapidaren Satz
947 3380 3741 3587 in sein Buch über das Lachen ( Le Rire) aufnehmen. Denn das
912 3499 3323 3741 ist, wenn irgend etwas,wahre Lustspiel-Philosophie.
1364 3679 3917 3871 Der Probestein für jede Philosophie ist ihr Verhältnis
912 3817 3921 4047 zu Gott. Wie steht es damit bei Schnitzler? Dieser feine Srepti-
912 3970 3840 4227 ker, der seine Bekannten zeitlebens mit "Grüss Sie Gott", seine
927 4185 3917 4354 Freunde, noch inkonsequenter, mit "Grüss Sie der Himmel!" begrüss-
962 4312 3901 4499 te, galt bei Leuten, die ihm die herrliche Unabhängigkeit seines
924 4488 3894 4649 Geistes und Charakters übernahmen, für einen sehr unsichern Kan-
927 4641 3955 4814 tonisten in Glaubenssachen. Tartuff, der ihm den "Professor Bern-
912 4760 3986 4967 hardi" nicht verzeihen konnte, sagte zwar nicht, dass er ihm dieses
