4424 5528
1852 218 2015 381 —4.
404 432 4048 613 menhang dieses Buches mit seinem dichterischen Werk unschwer durchschauen. Die
404 594 3909 757 Leidenschaft des Menschenforschers ist ja immer wieder hervorgebrochen und
413 757 3993 919 als treibende Kraft gleich mächtig neben die Leidenschaft des Menschen-
404 840 3993 1114 gestalters getreten. So konnte er dem nur theoretisch Betrachtenden gegenüber
409 1054 3997 1212 den glücklicheren und schöneren Beg wählen: er erforschte m Menschen nicht
1769 1170 2001 1267 dachte
427 1161 3988 1416 dadurch, dass er über sie nach###, sondern dadurch,dass er sie selbst schuf.
409 1365 4053 1523 Dass aber sein Wissen um Menschliches, in xxx schönen und tiefen Worten seines
422 1476 3997 1685 Gesamtwerks verstreut, sich einmal zu theoretischer Betrachtung klären, zu ei-
422 1657 4016 1862 nem selbständigen Werk verdichten würde, war vorauszusehen - und zu erhoffen.
409 1838 4123 1982 Wem der Mensch, dieser wesentlichste und aufregendste Gegenstand unseres Denkens
422 1959 4016 2140 nicht nur ein Objekt naturwissenschaftlicher Betrachtungsweise und logischer
409 2098 3918 2275 Zergliederung ist, wem er als lebendes Wesen, Geschöpf Gottes und der Natur,
422 2312 4062 2437 als lebend verwirklichte Einheit von Geist und Materie ein brennendes Problem
422 2386 4150 2609 bedeutet, der wusste, dass er in einem solchen Werk reichste Anregung und frucht-
427 2609 3909 2786 barsten Aufschluss finden würde. Und so bleibt nur zu wünschen, dass diesen
464 2730 3951 2888 "verläufigen Bemerkungen" bald die Fortsetzung und Erweiterung folgen möge,
418 2864 2855 3134 die sie nach vielen Richtungen hin erwarten lassen.
1560 3129 2530 3389 XXXXXXXXXXXXXXXXXXXXxx
