4456 5640
1962 458 2136 598 -3-
928 651 3769 852 Er versuchte es noch zwei Mal und traf in einen der äusseren
936 833 3719 989 Ringe. Nun kam ich an die Reihe, der ich allerdings - wie ja
958 1015 3810 1170 auch, wenn ich als Schriftsteller die von Schnitzler gewiesene
958 1148 3693 1310 Richtung weiter verfolgte - den Vorteil hatte, dass ich von
951 1329 3822 1477 Schnitzlers Beispiel etwas hatte lernen können. Ich nahm denn
966 1462 3769 1617 auch die Kugel viel vorsichtiger in die Hand und kalkulierte
958 1617 3912 1795 lange ihre Flugbahn, bevor ich sie losliess - etwas zu lange für
958 1761 3742 1928 Schnitzlers Ungeduld, der meine Ueberlegungen mit den Worten
958 1894 3867 2110 lustig ausfällig unterbrach: "Hier hilft Ihnen die Philosophie
947 2087 3693 2235 nichts!" In diesem Augenblick gab ich die Kugel vorsichtig
954 2212 3875 2405 frei, sie schwang bedächtig aus, traf, etwas zittrig und unsicher
977 2416 3859 2572 zwar, immerhin ins Schwarze. "Also, zu etwas ist sogar die Phi-
977 2564 3875 2738 losophie gut!" triumphierte ich lachend. Und Schnitzler lachte
966 2708 3962 2863 mit, wie nur er lachen konnte, über den Streich, den ihm die Philo-
958 2878 2019 3049 sophie gespielt hatte.
1424 3003 3810 3163 In dieser lachenden Geberde vor allem, die zum Bild
958 3185 3916 3360 unseres Dichters gehört, siegt bei Schnitzler der Räsonneur über
970 3306 3772 3492 den gestaltenden, der naturwissenschaftlichen Erkenntnis und
958 3500 3920 3651 Methode verschworenen Künstler. Wenn der Geist einmal ausnahms-
973 3663 4011 3822 weise Recht behält im Kampfe mit einer blos stofflichen wirklich-
981 3784 4030 3958 keit und sich dabei als wirklich er erweist als sie mit ihrem ganzen
970 3973 3859 4113 angemassten Pathos der Tatsächlichkeit, mit anderen Worten: im
954 4109 3837 4314 Lustspiel räumt der Gestalter dem Denker den Vortritt ein und
1034 4265 3803 4450 indem diese beiden beim Eintritt in die Materie an der Türe
977 4428 3799 4568 Höflichkeiten tauschen, springt zwischen ihnen dasjenige auf,
989 4556 3943 4746 was man im Französischen "le mot heureux" nennt. Schnitzler war
970 4746 3977 4897 der vielleicht letzte grosse deutsche Autor dieses unphilosophi-
981 4897 3867 5117 schen Zeitalters, bei dem die Philosophie diese angenehme Form
