3544 3944
1306 199 2646 405 Hochverehrte Anwesende.
656 367 3236 534 Als ich mich daran wegte einen Vortrag über
614 468 3369 653 den österreichischen Schriftsteller Arthur Schnitzler
614 583 3212 772 zu halten, da gescheh dies auf einen äußeren
614 684 3393 862 Anstoß hin, den ich in einer kurzen Einleitung
614 824 1634 1016 erwähnen möchte.
628 866 3376 1121 Ein mir befreundeter Schriftsteller hatte mir das
653 1019 3383 1239 Buch "Iconselasts", zu deutsch " die Bilderstür¬
632 1128 3376 1288 mer“, das amerikanischen, besser gesagt „kro¬
642 1236 3404 1452 mopolitischen Schriftstellers und Kritikers James
635 1376 3362 1561 Hunecker geliehen, darin der Autor in rein im¬
625 1473 3331 1693 pressionistischer Weise die dramatische Kunst
628 1658 3338 1781 und ihre Repräsentanten auf ihren Höhepunkten
625 1746 3338 1899 darstellt. Hünecker, der mit fast allen diesen
621 1854 3331 2018 Repraesentanten persönlich bekannt ist, und ihre
632 1952 3387 2123 Werke auf den Bühnen ihrer eigenen Heimat stu¬
611 2067 3369 2248 diert hat, bespricht in seinen Isonvelasto die
621 2206 3428 2350 Werke von Ibsen, Strindberg, Gerhart Hauptmann,
642 2336 3313 2486 Hervien, Gorki, Bernhard Abw, Maeterlink,
642 2454 3428 2625 ja sogar Sudermann - - aber Schnitzlers den¬
656 2545 3292 2685 men fehlen. Sein Name ist nicht erwehnt.
649 2674 3407 2793 des wunderte mich, und ich fühlte das Bedürf¬
653 2786 3373 2915 ins seine Werke wieder einmal ganz durch¬
635 2898 3428 3076 lesen, um mich zu überzeugen, daß Schnitzler,
639 2995 3292 3160 der doch auch einer jener Repräsentanten ist,
632 3097 3285 3275 schon allein um seines Schauspieles "Lieb Mei¬
2447 3212 3397 3390 Fronvelasts" war
625 3198 2447 3369 wegen, einen Platz in den¬
628 3334 1348 3509 dient hätte.
635 3453 3324 3620 Und einmal mit seinen Werken beschäftigt,
