4248 5368
730 564 3494 773 Verhältniss zwischen Toni und Hugo und das enge, und  das von Franziska
708 748 3596 976 deshalb zur Aufloesung gebrachte, Verhältniss zwischen ihr und Ferdinand
730 932 3632 1106 im "Schleier der meatrice" wird dem immer reflektierenden und es Lebens
726 1062 3509 1268 satten Loschi der "festen Schritts und lachelnd vorwarts wandelnde "Her
734 1225 3444 1384 zog gegenueber gestellt; im „Einsamen Weg“ findet der durch Professor
719 1362 3491 1539 Wegrat und Johanna zum Ausdruck kommende Gedanke von der Einsamkeit der
737 1525 3429 1709 Menschen eine Betonung durch die von Julian Fichtner und seinem Sohne
734 1724 3552 1872 Felix getragene Handlung : "Der Ruf des Lebens " wird Katharina verhang
708 1829 3578 2013 nissvoll, während er Maria auf ein besseres Leben hinweist;in "Zwischenspiel
708 2006 3538 2147 steht das die Liebe onelysierende Paar Amadeus- Caecilie dem die Lieben
719 2179 2331 2324 lebenden Paar Albertus-Marie gegenueber.
694 2291 3531 2447 Im "Einsamen Weg" nimmt die Parallele,wie schon angedeutet, den Raum der
708 2461 3531 2616 Haupthandlung ein,sodass im ersten Akt die Hauphandlung betont wird und
701 2609 3448 2761 die Parallele nur leise mitklingt, während im zweiten Akt die Parablele
697 2757 3520 2931 in den Vordergrund tritt und die Haupthandlung nur nebenher lauf und so
683 2938 3393 3075 fort bis die beiden Handlungen im funften,mit dem im ersten Akt ange-
683 3075 3484 3245 schlagenen Akkord als Schluss zusammen ausklingen. Die beiden Handlungen
683 3220 3476 3466 sind organisch mit einander verbunden und ergänzen sich gegenseitig in
687 3372 1319 3574 jeder Hinsicht.
672 3484 3509 3766 In dem gross angelegten Fünfakter "Der junge Medrdus" hat die Technik des
687 3686 3505 3892 psychologischen Dramas wenn auch nicht ihren vollenratsten so doch ihrer
669 3867 3397 4055 eigenartigsten Ausdruck gefunden.Die Entwicklung dieses sonderbarsten
687 4040 3505 4188 Helden, wie ihn Schnitzler selber am Ende des Stuecks nennt, nimmt einen
658 4174 3502 4351 Zeitraum von einem Jahr ein. Im Vorspiel sehen wir Meardus bereit in den
