4248 5352
2036 354 2257 557 27
1828 371 2007 561 1:1
721 532 3432 725 ten dieses mannigfaltigen und verschlungenen Lebensieben deshalb aber
707 700 3528 857 haette Medardus, von der Grosemut des Kaisers bezwungen, zum Leben zurück-
707 857 3443 1014 kehren und seine Rache späterhin mit mehr Erfolg und mit gesteigertem
707 1007 2418 1161 Rachegefühl zur Ausführung bringen koennen.
707 1150 3489 1286 Maerchen, Liebelei, Vermächtniss, Zwischenspiel, Der Ruf des Lebens, Das
714 1279 3461 1482 weite Land", sowie die Einakter, also die Mehrzahl der Schnitzlerschen
711 1478 3371 1653 Werke haben, was ich einen offenen Schluss nennen möchte. Die Men-
696 1614 3521 1793 schen kommen zur Einsicht in sich und ihre Beziehungen zu ihren Mitmen-
704 1778 3503 1953 schon, sie gehen nach dieser Einsicht auseinander oder ruecken sich viel-
696 1918 3371 2093 leicht nacher, oder sie nehmen neue Stellung zum Leben, dessen Tiefen
721 2089 3539 2289 und Gefahren sie auf Augenblicke geehnt haben. Menschen dieser Art mussen
689 2193 3482 2414 einen hohen Grad von Intelligenz besitzen, jedenfalls muss in ihnen der
714 2403 3489 2546 Verstand die Oberhand ueber das Gefuhl gewinnen koennen, oder das gefühl
679 2546 3521 2700 ist eines grossen, alle Bedenken niedersturmenden Ausbruchs uerberhaupt
689 2700 3489 2907 nicht faehig, ist dessen nie fähig gewesen. Solche Menschen- und man muss
686 2871 3436 3028 nicht vergessen dass sie Theatermenschen sind- stehen immer in der Ge-
671 3003 3543 3150 fahr, die Absichten ihres Schoepfers zu verraten, aus ihrer Rolle herauszu-
689 3161 3543 3325 treten und unz zu sagen, wozu sie da sind, was ihre und damit des Dichter
689 3321 3500 3464 Absicht ist, kurz, die Tendenz des Stueckes zu betonen. Im folgenden Kapi-
696 3482 3532 3621 tel werde ich nachzuweisen suchen, dass das soeben Gesagte auf Schnitzlem
689 3625 2303 3814 Dramen zutrifft und bis zu welchem Masse.
