<?xml version="1.0" encoding="UTF-8" standalone="yes"?>
<PcGts xmlns="http://schema.primaresearch.org/PAGE/gts/pagecontent/2013-07-15" xmlns:xsi="http://www.w3.org/2001/XMLSchema-instance" xsi:schemaLocation="http://schema.primaresearch.org/PAGE/gts/pagecontent/2013-07-15 http://schema.primaresearch.org/PAGE/gts/pagecontent/2013-07-15/pagecontent.xsd">
    <Metadata>
        <Creator>prov=READ-COOP:name=TrHtr:version=2.1.0:model_id=51170:date=15_08_2023_13:51</Creator>
        <Created>2023-05-10T15:29:26.607+02:00</Created>
        <LastChange>2023-08-15T13:51:13.431+02:00</LastChange>
        <TranskribusMetadata docId="1429071" pageId="55436525" pageNr="143" tsid="132859227" status="IN_PROGRESS" userId="64420" imgUrl="https://files.transkribus.eu/Get?id=HWFMLJUKIQLNZYTWBGNMTYAM&amp;fileType=view" xmlUrl="https://files.transkribus.eu/Get?id=YGTJXWZSRIKFETHMSMBEBLAW" imageId="44710514"/>
    </Metadata>
    <Page imageFilename="1429071_0143.jpg" imageWidth="4312" imageHeight="5416">
        <ReadingOrder>
            <OrderedGroup id="ro_1711798219649" caption="Regions reading order">
                <RegionRefIndexed index="0" regionRef="tr_1"/>
                <RegionRefIndexed index="1" regionRef="tr_2"/>
            </OrderedGroup>
        </ReadingOrder>
        <TextRegion id="tr_1" custom="readingOrder {index:0;}">
            <Coords points="686,487 3582,487 3582,3055 686,3055"/>
            <TextLine id="tr_1_tl_1" custom="readingOrder {index:0;}">
                <Coords points="1375,607 1429,596 1508,614 1541,600 1623,643 1663,618 1695,628 1688,467 1659,463 1609,488 1480,438 1454,456 1408,438 1365,445"/>
                <Baseline points="1391,537 1480,549 1570,555 1660,555 1701,549"/>
                <TextEquiv>
                    <Unicode>: " : "</Unicode>
                </TextEquiv>
            </TextLine>
            <TextLine id="tr_1_tl_2" custom="readingOrder {index:1;}">
                <Coords points="668,761 1911,804 2072,751 2079,618 1659,621 1548,675 1419,628 1311,672 1013,603 672,693"/>
                <Baseline points="686,734 740,740 830,740 919,734 1009,728 1098,728 1188,722 1277,722 1367,722 1457,722 1546,716 1636,710 1725,704 1815,704 1904,704 1994,698 2083,692"/>
                <TextEquiv>
                    <Unicode>weis auf stellen wie die folgende:</Unicode>
                </TextEquiv>
            </TextLine>
            <TextLine id="tr_1_tl_3" custom="readingOrder {index:2;}">
                <Coords points="668,927 3458,858 3462,682 2715,643 2119,804 672,815"/>
                <Baseline points="692,895 782,889 871,889 961,883 1050,883 1140,883 1230,877 1319,871 1409,871 1498,871 1588,865 1677,865 1767,859 1857,859 1946,853 2036,853 2125,847 2215,847 2304,841 2394,841 2484,835 2573,830 2663,830 2752,824 2842,824 2931,818 3021,818 3111,812 3200,812 3290,806 3379,806 3469,800"/>
                <TextEquiv>
                    <Unicode>Feder!“ Noch immer in irgend einem Winkel unsres Verstandes kauern diese</Unicode>
                </TextEquiv>
            </TextLine>
            <TextLine id="tr_1_tl_4" custom="readingOrder {index:3;}">
                <Coords points="679,1085 3221,1027 3563,980 3566,891 682,980"/>
                <Baseline points="698,1050 704,1044 794,1044 883,1044 973,1039 1062,1039 1152,1033 1242,1033 1331,1033 1421,1027 1510,1027 1600,1021 1689,1015 1779,1015 1869,1009 1958,1009 2048,1003 2137,997 2227,997 2316,997 2406,991 2496,985 2585,985 2675,979 2764,979 2854,973 2943,973 3033,967 3123,967 3212,961 3302,961 3391,955 3481,955 3570,949"/>
                <TextEquiv>
                    <Unicode>alten sterbensmueden Ideen... nur ein Pauch braucht uns anzuwehen aus die-</Unicode>
                </TextEquiv>
            </TextLine>
            <TextLine id="tr_1_tl_5" custom="readingOrder {index:4;}">
                <Coords points="672,1210 2219,1250 3358,1131 3361,1013 675,1124"/>
                <Baseline points="692,1200 770,1200 859,1200 949,1200 1039,1188 1128,1188 1218,1188 1307,1182 1397,1182 1486,1176 1576,1176 1666,1170 1755,1170 1845,1164 1934,1158 2024,1158 2113,1152 2203,1152 2292,1152 2382,1146 2472,1134 2561,1140 2651,1134 2740,1134 2830,1128 2919,1128 3009,1122 3099,1122 3188,1116 3278,1116 3367,1116"/>
                <TextEquiv>
                    <Unicode>ser kindischen Welt, die wir alle verachten - und schon regt es sich</Unicode>
                </TextEquiv>
            </TextLine>
            <TextLine id="tr_1_tl_6" custom="readingOrder {index:5;}">
                <Coords points="686,1436 3369,1318 3394,1217 3221,1153 948,1304 690,1235"/>
                <Baseline points="704,1349 716,1349 806,1349 895,1349 985,1343 1074,1343 1164,1343 1253,1343 1343,1337 1433,1331 1522,1331 1612,1331 1701,1325 1791,1319 1880,1319 1970,1313 2060,1313 2149,1307 2239,1307 2328,1301 2418,1301 2507,1295 2597,1289 2687,1289 2776,1283 2866,1283 2955,1277 3045,1277 3134,1271 3224,1271 3314,1271 3403,1265"/>
                <TextEquiv>
                    <Unicode>wieder in diesem Winkel... und diese alten Ideen werden wieder frech</Unicode>
                </TextEquiv>
            </TextLine>
            <TextLine id="tr_1_tl_7" custom="readingOrder {index:6;}">
                <Coords points="693,1555 1174,1580 1257,1519 1318,1555 1372,1519 1605,1566 1709,1537 1709,1454 1602,1422 1383,1408 1171,1454 1063,1411 783,1465 697,1436"/>
                <Baseline points="716,1504 734,1504 824,1510 913,1510 1003,1504 1092,1498 1182,1498 1271,1498 1361,1492 1451,1486 1540,1486 1630,1486 1719,1474"/>
                <TextEquiv>
                    <Unicode>und lebendig und jung...</Unicode>
                </TextEquiv>
            </TextLine>
            <TextLine id="tr_1_tl_8" custom="readingOrder {index:7;}">
                <Coords points="722,1691 2104,1717 2363,1620 3329,1627 3383,1519 725,1602"/>
                <Baseline points="740,1642 788,1648 877,1654 967,1654 1056,1654 1146,1654 1236,1654 1325,1648 1415,1642 1504,1642 1594,1636 1683,1636 1773,1630 1863,1624 1952,1624 2042,1624 2131,1618 2221,1618 2310,1612 2400,1612 2490,1606 2579,1606 2669,1600 2758,1600 2848,1594 2937,1588 3027,1588 3117,1582 3206,1582 3296,1576 3385,1576"/>
                <TextEquiv>
                    <Unicode>"Nur die Schablons hasse ich und die alten Vorurteile", ruft Fedor an</Unicode>
                </TextEquiv>
            </TextLine>
            <TextLine id="tr_1_tl_9" custom="readingOrder {index:8;}">
                <Coords points="697,1889 2747,1846 3038,1738 3480,1763 3487,1634 700,1742"/>
                <Baseline points="716,1821 806,1821 895,1815 985,1809 1074,1809 1164,1809 1253,1803 1343,1803 1433,1797 1522,1791 1612,1791 1701,1791 1791,1785 1880,1785 1970,1779 2060,1773 2149,1773 2239,1767 2328,1761 2418,1761 2507,1755 2597,1755 2687,1755 2776,1749 2866,1749 2955,1743 3045,1737 3134,1737 3224,1731 3314,1731 3403,1731 3493,1731"/>
                <TextEquiv>
                    <Unicode>andrer Stelle aus.“O, das sind keine Vorurteile“, entgegenet ihm Wandel,</Unicode>
                </TextEquiv>
            </TextLine>
            <TextLine id="tr_1_tl_10" custom="readingOrder {index:9;}">
                <Coords points="704,2011 3487,1914 3530,1778 707,1900"/>
                <Baseline points="728,1964 758,1970 847,1964 937,1964 1027,1958 1116,1964 1206,1958 1295,1958 1385,1952 1474,1946 1564,1946 1654,1940 1743,1940 1833,1940 1922,1934 2012,1934 2101,1928 2191,1922 2281,1922 2370,1916 2460,1916 2549,1916 2639,1910 2728,1904 2818,1904 2908,1898 2997,1898 3087,1892 3176,1886 3266,1886 3355,1880 3445,1880 3535,1886"/>
                <TextEquiv>
                    <Unicode>worauf Bedor antwortet: "Cewiss, denn wir haben kein Recht ###verliches</Unicode>
                </TextEquiv>
            </TextLine>
            <TextLine id="tr_1_tl_11" custom="readingOrder {index:10;}">
                <Coords points="704,2133 3333,2076 3419,2058 3422,1900 2708,2022 707,2072"/>
                <Baseline points="728,2125 740,2125 830,2125 919,2119 1009,2119 1098,2119 1188,2113 1277,2107 1367,2107 1457,2101 1546,2101 1636,2101 1725,2095 1815,2095 1904,2089 1994,2083 2083,2083 2173,2083 2263,2078 2352,2072 2442,2066 2531,2066 2621,2066 2710,2060 2800,2054 2890,2054 2979,2048 3069,2048 3158,2042 3248,2042 3337,2036 3427,2036"/>
                <TextEquiv>
                    <Unicode>zu strafen. Und ich finde es höchst anmassend von der Gesellschaft ein</Unicode>
                </TextEquiv>
            </TextLine>
            <TextLine id="tr_1_tl_12" custom="readingOrder {index:11;}">
                <Coords points="707,2280 2162,2331 2500,2234 3383,2241 3494,2140 711,2187"/>
                <Baseline points="728,2275 818,2281 907,2275 997,2275 1086,2269 1176,2269 1265,2263 1355,2263 1445,2263 1534,2257 1624,2251 1713,2251 1803,2245 1892,2245 1982,2239 2072,2239 2161,2233 2251,2227 2340,2227 2430,2227 2519,2221 2609,2215 2699,2215 2788,2215 2878,2209 2967,2209 3057,2203 3146,2197 3236,2197 3326,2191 3415,2191 3505,2185"/>
                <TextEquiv>
                    <Unicode>Weib einfach darum, weil es wahr und natürlich liebte, mit gedankenloser</Unicode>
                </TextEquiv>
            </TextLine>
            <TextLine id="tr_1_tl_13" custom="readingOrder {index:12;}">
                <Coords points="725,2474 1411,2496 1821,2395 2008,2478 2227,2395 2485,2399 2489,2288 1832,2341 1505,2291 729,2377"/>
                <Baseline points="746,2430 788,2430 877,2430 967,2430 1056,2424 1146,2418 1236,2418 1325,2412 1415,2412 1504,2412 1594,2406 1683,2406 1773,2400 1863,2394 1952,2394 2042,2394 2131,2388 2221,2382 2310,2382 2400,2376 2490,2376"/>
                <TextEquiv>
                    <Unicode>Verachtung aus ihrem Kreise auszuschliessen.</Unicode>
                </TextEquiv>
            </TextLine>
            <TextLine id="tr_1_tl_14" custom="readingOrder {index:13;}">
                <Coords points="725,2622 3318,2582 3476,2543 3480,2449 729,2507"/>
                <Baseline points="746,2585 800,2585 889,2585 979,2579 1068,2573 1158,2573 1248,2573 1337,2567 1427,2561 1516,2561 1606,2555 1695,2555 1785,2549 1874,2549 1964,2543 2054,2543 2143,2537 2233,2537 2322,2531 2412,2531 2501,2525 2591,2525 2681,2525 2770,2519 2860,2513 2949,2513 3039,2507 3128,2507 3218,2501 3308,2501 3397,2501 3487,2507"/>
                <TextEquiv>
                    <Unicode>In diesem Tone wird durch den ganzen ersten Akt hindurch diskuttiert,</Unicode>
                </TextEquiv>
            </TextLine>
            <TextLine id="tr_1_tl_15" custom="readingOrder {index:14;}">
                <Coords points="722,2769 3261,2715 3433,2697 3440,2561 725,2675"/>
                <Baseline points="740,2740 758,2740 847,2734 937,2728 1027,2728 1116,2728 1206,2728 1295,2722 1385,2716 1474,2716 1564,2710 1654,2710 1743,2705 1833,2705 1922,2705 2012,2699 2101,2693 2191,2693 2281,2687 2370,2681 2460,2681 2549,2681 2639,2675 2728,2675 2818,2669 2908,2669 2997,2663 3087,2657 3176,2651 3266,2651 3355,2651 3445,2663"/>
                <TextEquiv>
                    <Unicode>bis Schnitzler schliesslich seinen Berger zu Witte sagen laeset: "Geh,</Unicode>
                </TextEquiv>
            </TextLine>
            <TextLine id="tr_1_tl_16" custom="readingOrder {index:15;}">
                <Coords points="736,2948 2701,2891 2966,2859 2970,2747 740,2808"/>
                <Baseline points="758,2896 830,2896 919,2890 1009,2884 1098,2884 1188,2884 1277,2878 1367,2872 1457,2872 1546,2866 1636,2860 1725,2860 1815,2854 1904,2854 1994,2854 2083,2848 2173,2848 2263,2842 2352,2836 2442,2836 2531,2830 2621,2830 2710,2824 2800,2824 2890,2824 2979,2818"/>
                <TextEquiv>
                    <Unicode>spiel was, dass endlich die grausliche Rederei aufhoert.“</Unicode>
                </TextEquiv>
            </TextLine>
            <TextLine id="tr_1_tl_17" custom="readingOrder {index:16;}">
                <Coords points="729,3085 3541,3020 3577,2816 3074,2927 736,2948"/>
                <Baseline points="752,3045 806,3045 895,3045 985,3039 1074,3039 1164,3033 1253,3027 1343,3027 1433,3021 1522,3021 1612,3021 1701,3015 1791,3009 1880,3009 1970,3003 2060,3003 2149,2997 2239,2997 2328,2997 2418,2991 2507,2991 2597,2991 2687,2979 2776,2979 2866,2973 2955,2967 3045,2967 3134,2961 3224,2961 3314,2961 3403,2955 3493,2955 3582,2949"/>
                <TextEquiv>
                    <Unicode>Im zweiten Akt tritt die "Hederei" ganz in den Hintergrund und im dritten</Unicode>
                </TextEquiv>
            </TextLine>
        </TextRegion>
        <TextRegion id="tr_2" custom="readingOrder {index:1;}">
            <Coords points="770,3055 3630,3055 3630,4416 770,4416"/>
            <TextLine id="tr_2_tl_1" custom="readingOrder {index:0;}">
                <Coords points="747,3225 3573,3117 3361,3002 1246,3142 754,3078"/>
                <Baseline points="770,3200 806,3200 895,3194 985,3188 1074,3182 1164,3188 1253,3182 1343,3182 1433,3182 1522,3170 1612,3170 1701,3170 1791,3170 1880,3164 1970,3158 2060,3158 2149,3152 2239,3152 2328,3146 2418,3146 2507,3140 2597,3134 2687,3134 2776,3134 2866,3128 2955,3128 3045,3123 3134,3123 3224,3117 3314,3111 3403,3111 3493,3111 3582,3105"/>
                <TextEquiv>
                    <Unicode>ist der Dialog ihrer ganz Herr geworden. Das Stueck endet ohne den in den</Unicode>
                </TextEquiv>
            </TextLine>
            <TextLine id="tr_2_tl_2" custom="readingOrder {index:1;}">
                <Coords points="751,3426 3552,3322 3613,3182 754,3261"/>
                <Baseline points="770,3355 841,3349 931,3343 1021,3343 1110,3337 1200,3337 1289,3337 1379,3332 1468,3332 1558,3326 1648,3326 1737,3320 1827,3320 1916,3314 2006,3314 2095,3308 2185,3308 2275,3308 2364,3302 2454,3302 2543,3296 2633,3290 2722,3290 2812,3284 2902,3284 2991,3278 3081,3278 3170,3272 3260,3272 3349,3266 3439,3266 3529,3266 3618,3260"/>
                <TextEquiv>
                    <Unicode>späteren Stücken angebrachten Rückblick, bietet also die umgekehrte Tach-</Unicode>
                </TextEquiv>
            </TextLine>
            <TextLine id="tr_2_tl_3" custom="readingOrder {index:2;}">
                <Coords points="751,3545 959,3573 1103,3509 1196,3541 1390,3509 1551,3541 1638,3516 1641,3422 1580,3401 1462,3433 1393,3397 1289,3430 1210,3387 1167,3408 1070,3379 1016,3415 754,3430"/>
                <Baseline points="770,3505 841,3505 931,3499 1021,3499 1110,3493 1200,3493 1289,3493 1379,3487 1468,3481 1558,3481 1648,3481"/>
                <TextEquiv>
                    <Unicode>nik wie die letzteren.</Unicode>
                </TextEquiv>
            </TextLine>
            <TextLine id="tr_2_tl_4" custom="readingOrder {index:3;}">
                <Coords points="758,3681 3591,3634 3620,3512 761,3595"/>
                <Baseline points="782,3660 853,3660 943,3654 1033,3654 1122,3648 1212,3648 1301,3648 1391,3642 1480,3636 1570,3636 1660,3636 1749,3630 1839,3630 1928,3624 2018,3624 2107,3624 2197,3618 2287,3618 2376,3612 2466,3606 2555,3606 2645,3600 2734,3594 2824,3594 2914,3594 3003,3588 3093,3588 3182,3582 3272,3582 3361,3576 3451,3576 3541,3570 3630,3564"/>
                <TextEquiv>
                    <Unicode>In „Liebelei“ tritt der gewandte, im Anatol geuebte Dialog in einem lange-</Unicode>
                </TextEquiv>
            </TextLine>
            <TextLine id="tr_2_tl_5" custom="readingOrder {index:4;}">
                <Coords points="758,3868 3512,3782 3552,3649 765,3742"/>
                <Baseline points="782,3815 871,3809 961,3809 1050,3803 1140,3803 1230,3803 1319,3797 1409,3797 1498,3797 1588,3791 1677,3791 1767,3785 1857,3779 1946,3779 2036,3779 2125,3773 2215,3767 2304,3767 2394,3761 2484,3761 2573,3755 2663,3755 2752,3755 2842,3749 2931,3744 3021,3744 3111,3738 3200,3732 3290,3732 3379,3732 3469,3726 3558,3720"/>
                <TextEquiv>
                    <Unicode>ren Stueck in Erscheinung und wird mit wenig Unterbrechungen durchge-</Unicode>
                </TextEquiv>
            </TextLine>
            <TextLine id="tr_2_tl_6" custom="readingOrder {index:5;}">
                <Coords points="761,4011 3426,3965 3563,3914 3566,3782 765,3904"/>
                <Baseline points="782,3970 794,3970 883,3964 973,3964 1062,3964 1152,3958 1242,3958 1331,3953 1421,3953 1510,3947 1600,3947 1689,3941 1779,3941 1869,3941 1958,3935 2048,3935 2137,3929 2227,3923 2316,3923 2406,3923 2496,3917 2585,3917 2675,3911 2764,3905 2854,3905 2943,3899 3033,3899 3123,3893 3212,3887 3302,3887 3391,3887 3481,3881 3570,3869"/>
                <TextEquiv>
                    <Unicode>fehrt bis zur letzten Szene des letzte Akts. Jn dieser Verzweiflungs +</Unicode>
                </TextEquiv>
            </TextLine>
            <TextLine id="tr_2_tl_7" custom="readingOrder {index:6;}">
                <Coords points="769,4141 2406,4148 3329,4094 3329,3997 769,4065"/>
                <Baseline points="788,4120 830,4126 919,4126 1009,4120 1098,4114 1188,4114 1277,4114 1367,4108 1457,4102 1546,4102 1636,4102 1725,4096 1815,4096 1904,4090 1994,4090 2083,4090 2173,4084 2263,4078 2352,4078 2442,4072 2531,4072 2621,4066 2710,4060 2800,4060 2890,4060 2979,4054 3069,4048 3158,4048 3248,4048 3337,4042"/>
                <TextEquiv>
                    <Unicode>szene scheitert er, trotz der meisterhaft aufgebauten Steigerung.</Unicode>
                </TextEquiv>
            </TextLine>
            <TextLine id="tr_2_tl_8" custom="readingOrder {index:7;}">
                <Coords points="786,4302 3229,4288 3613,4238 3616,4101 790,4202"/>
                <Baseline points="806,4275 847,4281 937,4281 1027,4275 1116,4269 1206,4269 1295,4269 1385,4269 1474,4263 1564,4257 1654,4257 1743,4251 1833,4245 1922,4245 2012,4245 2101,4239 2191,4239 2281,4233 2370,4233 2460,4227 2549,4227 2639,4227 2728,4221 2818,4221 2908,4215 2997,4209 3087,4209 3176,4203 3266,4197 3355,4197 3445,4197 3535,4197 3624,4197"/>
                <TextEquiv>
                    <Unicode>Theodor und Mizi neberbringen Christine die Nachricht vom Tode Fritzens</Unicode>
                </TextEquiv>
            </TextLine>
            <TextLine id="tr_2_tl_9" custom="readingOrder {index:8;}">
                <Coords points="783,4446 1045,4410 1178,4460 1268,4399 1361,4457 1799,4381 2327,4410 2331,4302 1656,4263 786,4317"/>
                <Baseline points="806,4406 812,4400 901,4406 991,4400 1080,4400 1170,4394 1259,4394 1349,4394 1439,4388 1528,4382 1618,4376 1707,4376 1797,4371 1886,4371 1976,4371 2066,4365 2155,4365 2245,4365 2334,4365"/>
                <TextEquiv>
                    <Unicode>Ges. Wrke Bd I, Seite 137.- Seite 141 ff.</Unicode>
                </TextEquiv>
            </TextLine>
        </TextRegion>
    </Page>
</PcGts>
