4152 5352
1949 421 2138 592 40 “
1797 534 2305 759 VI. Sprache.
632 737 3307 926 Das wauptsächlichste ueber diesen weil meiner Untersuchung muss fuer
632 893 3427 1045 eine besondere Abhandlung aufgehoben werden. Es kann wohl ganz allgemein
635 1060 3409 1202 gesagt werden, dass mit der Ausdehnung des Ruhnenapparates, mit dem wach-
624 1194 3459 1365 sen des Stoffgebietes, eine vervollkommnung der pialogführung bedingt ist
624 1339 3398 1506 und von Schnitzler auch erreicht wurde. Ferner darf gesagt werden, dass
639 1456 3492 1695 Schnitzlers menschen  im allgemeinen das in ihren kreisen geläufige, ziem-
643 1626 3329 1844 lich dialectfreie Deutsch reden. Papieren, unnatürlich klingt eben das
650 1786 3441 1967 Reflektierende.No die modernen naturalisten in solchen Fällen abgerisse-
635 1975 3416 2134 ne, stammelnde oder lakonische Ausdruecke anwenden, wird Schnitzler weit-
639 2091 3427 2254 schweifig und pathetisch.mie sprache ist dann konstruiert,wie die durch
635 2232 3398 2468 sie ausgedrückte Idee, sie fällt aus dem Rahmen des bisher gesprochenen
635 2374 3347 2581 Wortes und wirkt unmatürlich trotz ihrer Glaette und wohlgeformtheit.
635 2585 2922 2744 Das Versmass kommt in den folgenden Stücken zur Anwendung:
624 2697 3361 2882 In "Paracolsus" mit Blankvers, und Reim in den zwei letzten Strophen.
635 2893 3485 3031 In der Traumszene des Einakters "Die Frau mit dem Dolch“, die in Blankvers
650 3049 1303 3213 geschrieben ist.
643 3194 3478 3387 Wechsel von Vers und Prosa weisen auf "Der Schlbier der Beatrice" (Blank-
643 3332 2846 3525 vers) und der Einakter "Zum grossen Wurstel" (Knüdtelvers)
650 3478 3441 3692 Einex Erklärung fuer die mit dem Wechsel von Vers und Prosa angestrebte
661 3641 3470 3844 Absicht ist gerade so Abnig zu geben wie eine Feststellung der damit er-
635 3822 3474 3968 zielten Wirkung. Sie in meinem Briefen auf diesen Punkt hinzielende Frage
650 3942 3478 4113 ist von Schnitzler unbeantwortet gelassen worden. Weder Rang der Personen
635 4076 3554 4327 noch Gennetsstimmung, noch Beziehung des Wortes auf die möch Gesamt,
653 4269 3561 4421 wirkung einer Szone geben eine befriedigende Lossung. So spricht der Her=
