4152 5320
1902 167 2125 414 -14-
784 704 3784 943 Ebenso sind Julian und Tilda allein in dem schon zitierten Frag-
796 899 3557 1094 ment "Prinz Indian", während in der Ferne ein Aufruhr tobt.
780 1034 2976 1233 Das erzeugt eine sinnliche Stimmung im Gemach.
1015 1174 3720 1361 Auch kommen schon öfters manche der später so bevorzugten
792 1309 3541 1536 ungewöhnlichen Namen für die Personen seiner Werke vor. In
824 1500 3716 1699 "Noderne Jugend,“ z. E., heisst eine der Personen Cyprian, ein
792 1655 3581 1822 ame der dann im "Professor Bernhardi" wieder erscheint. In
808 1842 3621 2001 "Die alten Schüler" trägt der Tanzlehrer den Namen Fridolin,
796 1985 3720 2145 der später in der "Traumnovelle" wieder verwendet wurde. Kerner
796 2101 3569 2280 gibt es in "Sebaldus" (1880) einen Fink und einen Medardud,
792 2248 3983 2419 während in "Prinz Julius" (1880) ein Fliederbusch eine holle spielt.
1015 2371 3891 2598 Wir wenden uns nun etwas ausführlicher Zwei Theaterstücken, zo,
768 2570 3537 2717 an denen Schnitzler abwechselnd von seinem siebzehnten zum
784 2686 3875 2873 achtzehnten Lebensjahr arbeitete, und die erselbst für verhältnis-
768 2861 3553 3044 mässig am gelungensten hielt. Das eine ist eine Komödie in
784 2988 3847 3179 fünf Aufzügen. Sie ist in Prosa geschrieben, umfasst etwa hundert
780 3191 3585 3346 Seiten und trägt den Titel "Vor der Welt." Das umfangreiche
792 3334 3676 3505 Personenverzeichnis enthält über zwanzig Rollen, die
780 3477 3851 3656 der elfrige Burgtheaterbesucher in seinem jugendlichen Optimismus
792 3613 3772 3800 auch sogleich an bekannte Grössen des Hoftheaters verteilte, an
784 3780 3656 3967 Charlotte Wolter, Sonnenthal, Mitterwurzer, Hartmann, Thimig,
784 3947 1345 4094 Robert usw.
1003 4102 3649 4261 Das eigentliche Thea des Stückes, das an verschiedenen
772 4269 3712 4424 Personen immer wieder abgewandelt wird, ist, dass die Menschen
768 4404 3768 4576 Komödie spielen, dass sie sich verstellen und ihr wahres Wesen,
768 4540 3756 4735 ihre wirklichen Gedanken und Gefühle vor ihren Mitmenschen ver-
768 4699 3692 4918 bergen, oder um es mit den Worten des Paracelsus auszudrücken:
