4264 5400
1916 433 2086 632 45
624 606 3425 779 Amadeustüm Gottes Willen, zun Sie doch nicht, als ob Sie dergleichen in-
642 772 2079 992 teressierte.Es verlangts ja niemand.
646 942 1902 1140 Friederickelst sie bald fertig?
650 1028 3432 1303 Und so erfolgt denn der Uebergang auf Persoenliches und auf die eigent-
653 1249 1732 1440 liche Handlung des Stückes.
646 1360 3490 1577 Leise wie der Aufgang ist bei der grossen Zahl der spaeteren Stücke auch
646 1534 3436 1779 der Aktschluss. Hier ist es die versöhnliche oder resignierte reflexion,
664 1682 3468 1909 ein Thraene, ein stilles Abgehen, oder die Nache des Todes, was den "lang-
657 1826 2144 2032 samen“ Vorhang angebracht sein lässt.
671 1923 3500 2158 Ein sehr wichtiges timmunsmittel ist fuer Schnitzler die Beleuchtung. Man
660 2100 3410 2310 kann kein Stuck Schnitzlers durchlesen ohne eine darauf bezügliche Be-
2573 2255 3031 2360 8e fundant
668 2281 3468 2508 merkung, meist aus dem Munde der personen selbst, ablesen zu haben. Fast
686 2429 3461 2649 immer ist es die Lampe, welche den Stimmungszauber abgibt.Auch die weiche
668 2533 3490 2826 Luft des Bruhlings, oder die Ruhe einer Sommernacht oder fie gelauche
682 2714 3472 2956 eines Herbsttages werden zur Stimmungssuggestien verwandt.Nicht zu ver-
682 2891 3580 3161 gessen die Musik, ob es nun ein Klavier auf der Buehne selbst ist (Mannchen),
696 3002 3580 3230 Liebelei, Zwischenspiel), ob ein musikantenquartett (Schleier der Beatrief
693 3201 3464 3403 oder eine Militaerkapelle, deren Toene vom Kurpark herueberklingen (Das
696 3349 3580 3547 weite Land) oder die vorm hause vorbeizicht(Ruf des ebens, per junge Me-
707 3526 3421 3706 dardus).Auch hat schnitzler ein Auge fuer arbenwirkungen und Farben-
715 3685 3493 3854 stimmungen,wie die Anweisungen fuer die Zuchnenherrichtung und fuer- die
704 3843 2086 4060 Kleidung seiner Personen bezeugen.
733 3944 3526 4161 Es ist scheinbar diese mit viel Geschick angewandte Stimmungstechnik, in
707 4139 3454 4327 der viele ein lyrisches Empfinden, ein tiefes gefühl sehen, wo es sich
725 4305 2681 4493 eben um wohlberechnete und kalte Absicht handelt.
