4472 5608
1249 700 3912 967 Zur Entstehungsgeschichte von Arthur Schnitzlers Historie
1560 923 2538 1091 ter junge Medardus,
1194 1124 2425 1318 Blätter aus dem Nachlass.
1179 1275 2912 1520 Mitgeteilt von Heinrich Schnitzler.
1751 1747 3630 1978 Der erste Einfall zum "Jungen Medardus"
809 1959 3699 2110 stammt - nach den im Nachlass gefundenen Entwürfen - aus den
813 2095 3362 2249 90iger Jahren und trägt den Titel : "Doppelselkstmord".
1410 2329 3783 2531 Bei dem Leichenbegängnis der unglücklich Liebenden
795 2476 3736 2663 treffen sich Vater und Mutter der Toten. Sie erkennen sich, sie
798 2641 2842 2838 haben sich geliebt. Ihr Vater, seine Mutter.
1454 2809 3926 2970 Auch anders. Die Eltern aus den verschiedenen Welten
802 2945 2692 3139 treffen einander bei dieser Gelegenheit.
1399 3109 2688 3282 Ihr Vater und seine Mutter.
1399 3260 2776 3446 Sein Vater und ihre Mutter.
1443 3410 2062 3589 Geschwister.
1340 3597 3630 3750 Oder: Wie ihr Bruder den Beschluss fasst,seine
762 3721 1915 3941 Schwester zu verführen.
1329 3871 2080 4065 Auch satirisch.
1326 4040 3783 4227 Er verführt sie, aber es geschieht nichts anderes, als
754 4168 2282 4384 dass sie sich einen Mann nimmt.
1311 4347 2311 4563 Als burleskes StückM
1344 4490 2538 4717 Beginn auf dem Friedhof.
1308 4662 3417 4867 Er wünscht ein gemeinschaftliches Begräbnis.
1304 4809 2318 5007 Sie war eine Dirne?
1289 4977 3747 5190 Der Bruder verführt sie - Rache. Er denkt sich, man
