4296 5416
1393 554 3031 769 1. Allgemeines ueber die Form der Dramen.
606 724 3438 902 Art der Dramen. Eine Einteilung der Schnitzlerschen pramen nach Stuecken
1201 846 3541 1053 mit tVagischer Stimmung und nach Komoedien, Tragikomoedich,
647 1024 3471 1242 Burlesken, ergibt ein Ueberwiegen der letzteren Gruppe, also der Stuecke,
636 1105 3611 1390 die unter dem Gesichtspunkt des Verstandes entstanden sind. Zu den Stuecken,
647 1308 3486 1508 in denen die tragische Stimmung vorherrecht, gehoeren: Liebelei.-Freiwild
665 1497 3412 1693 Das Vermaechtniss.- Lebendige Stunden (mit Ausnahme von "literatur").-
651 1641 3271 1859 Der Schleier der Beatrice.- Der einsame Weg.- vor Ruf des Lebens.-
647 1804 3541 1981 Zur Gruppe der Komoedien, Tragikomoedien und Burlesken gehoeren alle Ein-
658 1918 3489 2125 aktor im "Anatol" mit Ausnahme von "Weihnachtseinkaufe und " Danksteine"
654 2129 3471 2306 Das Maerchen.- Der gruene wakadu.- Reigen.- Literatur.- Zwischenspiel.-
691 2255 3367 2440 Marionetten.- Komtesse Mizzie.- Der junge Medardus.- Das Weite Land.
658 2399 3456 2576 Einteilung nach Akten. Die Einakter sind fast durchweg Glieder von lose
1538 2532 3482 2724 zusammenhaengenden Cyklon, deren sich fuenf unter-
673 2669 3489 2916 scheiden lassen: „Anatol“, bestehend aus sieben Einaktern.- "Paracelsus",
676 2857 3545 3068 drei zu einem Band vereinigte Einakter, „Lebendige Stunden“, vier Ennak-
691 3038 3567 3238 ter.- Marionetten“, drei Einakter und "Reigen", eine Kette von zehn Dia-
695 3205 3345 3375 logen.Einen selbständigen Band bildet der Einakter „Komtesse Mizzi“.
684 3352 3482 3511 Unter den grossen Stuecken nimmt der preiakter mit sechs Werken den
710 3497 3467 3678 Vorrang ein;es sind das: Das Maerchen.- Liebelei.- Freiwild.- Das Ver-
702 3670 2639 3851 maechtniss. - Zwischenspiel.- Der Ruf des Lebens.
713 3826 3563 4003 Der im moderne mama häufige Vierakter findet sich unter den Schnitzler-
706 3985 3463 4143 schen Werken war nicht, dagegen der eine Zeitlang in Verruf stehende
739 4110 3563 4317 Fuenfakterwiermal, iemal sogar mit minom Merspiels Der junge Mcadardus.
721 4262 3608 4480 Zue er dem bereits genannten geheeren die folgenden Stuecke zu den Fuerf-
