<?xml version="1.0" encoding="UTF-8" standalone="yes"?>
<PcGts xmlns="http://schema.primaresearch.org/PAGE/gts/pagecontent/2013-07-15" xmlns:xsi="http://www.w3.org/2001/XMLSchema-instance" xsi:schemaLocation="http://schema.primaresearch.org/PAGE/gts/pagecontent/2013-07-15 http://schema.primaresearch.org/PAGE/gts/pagecontent/2013-07-15/pagecontent.xsd">
    <Metadata>
        <Creator>prov=READ-COOP:name=TrHtr:version=2.1.0:model_id=51170:date=15_08_2023_13:50</Creator>
        <Created>2023-05-10T15:29:14.568+02:00</Created>
        <LastChange>2023-08-15T13:50:46.525+02:00</LastChange>
        <TranskribusMetadata docId="1429071" pageId="55435964" pageNr="60" tsid="132859139" status="IN_PROGRESS" userId="64420" imgUrl="https://files.transkribus.eu/Get?id=LIYQFQREYJAOCJOWDZQPNFVS&amp;fileType=view" xmlUrl="https://files.transkribus.eu/Get?id=XEFAMLFZBOKFYABSDXPZAFSY" imageId="44709954"/>
    </Metadata>
    <Page imageFilename="1429071_0060.jpg" imageWidth="4440" imageHeight="5592">
        <ReadingOrder>
            <OrderedGroup id="ro_1711797993883" caption="Regions reading order">
                <RegionRefIndexed index="0" regionRef="tr_3"/>
                <RegionRefIndexed index="1" regionRef="tr_2"/>
                <RegionRefIndexed index="2" regionRef="tr_1"/>
            </OrderedGroup>
        </ReadingOrder>
        <TextRegion id="tr_3" custom="readingOrder {index:0;}">
            <Coords points="430,529 4223,529 4223,1945 430,1945"/>
            <TextLine id="tr_3_tl_1" custom="readingOrder {index:0;}">
                <Coords points="410,622 4014,603 4121,497 410,516"/>
                <Baseline points="436,609 460,609 549,615 639,615 728,609 818,609 908,603 997,603 1087,603 1176,603 1266,603 1356,609 1445,609 1535,609 1625,603 1714,603 1804,603 1893,603 1983,603 2073,597 2162,597 2252,597 2341,597 2431,597 2521,591 2610,591 2700,591 2790,591 2879,591 2969,591 3058,585 3148,585 3238,585 3327,579 3417,579 3506,579 3596,579 3686,579 3775,579 3865,579 3955,579 4044,579 4134,579"/>
                <TextEquiv>
                    <Unicode>Gäste, die die Bluttat zuerst wollüstig, dann schaudernd erlebt hatten, in</Unicode>
                </TextEquiv>
            </TextLine>
            <TextLine id="tr_3_tl_2" custom="readingOrder {index:1;}">
                <Coords points="415,714 4135,593 415,627"/>
                <Baseline points="442,704 471,699 561,699 651,699 740,699 830,693 920,693 1009,693 1099,693 1188,693 1278,693 1368,687 1457,687 1547,687 1636,687 1726,681 1816,681 1905,681 1995,675 2085,675 2174,675 2264,675 2353,675 2443,669 2533,669 2622,663 2712,669 2801,669 2891,669 2981,669 3070,669 3160,663 3250,663 3339,663 3429,663 3518,657 3608,657 3698,657 3787,657 3877,657 3966,657 4056,657 4146,657"/>
                <TextEquiv>
                    <Unicode>banger Ahnung des Umsturzes fliehen. Das Stück macht in seiner Bewegtheit,</Unicode>
                </TextEquiv>
            </TextLine>
            <TextLine id="tr_3_tl_3" custom="readingOrder {index:2;}">
                <Coords points="420,791 4048,782 4164,671 420,714"/>
                <Baseline points="448,776 501,776 591,776 681,776 770,776 860,770 949,770 1039,770 1129,770 1218,770 1308,770 1398,770 1487,770 1577,764 1666,764 1756,758 1846,758 1935,758 2025,758 2114,752 2204,752 2294,752 2383,752 2473,752 2563,746 2652,746 2742,752 2831,746 2921,746 3011,746 3100,752 3190,746 3279,746 3369,740 3459,740 3548,740 3638,740 3728,740 3817,734 3907,734 3996,734 4086,734 4176,734"/>
                <TextEquiv>
                    <Unicode>die wir im Folgenden näher untersuchen wollen, einen geradezu sensationell</Unicode>
                </TextEquiv>
            </TextLine>
            <TextLine id="tr_3_tl_4" custom="readingOrder {index:3;}">
                <Coords points="415,868 4159,758 415,791"/>
                <Baseline points="442,854 495,854 585,860 675,854 764,854 854,860 943,854 1033,854 1123,848 1212,848 1302,848 1392,848 1481,842 1571,842 1660,842 1750,842 1840,836 1929,842 2019,842 2108,836 2198,836 2288,830 2377,830 2467,830 2557,830 2646,830 2736,824 2825,824 2915,824 3005,830 3094,830 3184,824 3273,824 3363,818 3453,818 3542,818 3632,818 3722,812 3811,818 3901,812 3990,818 4080,824 4170,818"/>
                <TextEquiv>
                    <Unicode>Eindruck; der Nachdruck ist weniger auf vie Handlung als auf die Nerven ge</Unicode>
                </TextEquiv>
            </TextLine>
            <TextLine id="tr_3_tl_5" custom="readingOrder {index:4;}">
                <Coords points="405,946 4159,955 4188,830 405,864"/>
                <Baseline points="430,937 436,937 525,937 615,937 704,932 794,932 884,932 973,932 1063,926 1153,932 1242,926 1332,926 1421,926 1511,920 1601,920 1690,920 1780,914 1869,914 1959,914 2049,920 2138,914 2228,914 2318,914 2407,914 2497,914 2586,908 2676,908 2766,908 2855,908 2945,902 3034,902 3124,902 3214,902 3303,902 3393,902 3483,896 3572,896 3662,896 3751,896 3841,896 3931,896 4020,896 4110,896 4199,902"/>
                <TextEquiv>
                    <Unicode>legt. Es ist Schnitzlers Lieblingsthema, das hier anklingtund ausgeschöpft</Unicode>
                </TextEquiv>
            </TextLine>
            <TextLine id="tr_3_tl_6" custom="readingOrder {index:5;}">
                <Coords points="415,1023 4116,922 415,955"/>
                <Baseline points="442,1015 454,1015 543,1015 633,1009 722,1009 812,1009 902,1003 991,1009 1081,1003 1170,1003 1260,1003 1350,1003 1439,1003 1529,997 1619,997 1708,997 1798,997 1887,991 1977,991 2067,991 2156,991 2246,991 2335,991 2425,985 2515,985 2604,985 2694,979 2784,979 2873,979 2963,979 3052,985 3142,979 3232,979 3321,979 3411,979 3500,973 3590,973 3680,973 3769,973 3859,973 3949,973 4038,973 4128,979"/>
                <TextEquiv>
                    <Unicode>wird: wie Schein in Wirklichkeit sich wandelt und Wirkichkeit in Schein.</Unicode>
                </TextEquiv>
            </TextLine>
            <TextLine id="tr_3_tl_7" custom="readingOrder {index:6;}">
                <Coords points="420,1105 3730,1100 4178,1066 4178,970 420,1023"/>
                <Baseline points="448,1093 513,1087 603,1087 693,1087 782,1087 872,1087 961,1087 1051,1087 1141,1081 1230,1075 1320,1075 1409,1081 1499,1075 1589,1069 1678,1075 1768,1075 1858,1075 1947,1075 2037,1069 2126,1069 2216,1069 2306,1069 2395,1069 2485,1063 2574,1063 2664,1063 2754,1069 2843,1063 2933,1057 3023,1057 3112,1063 3202,1057 3291,1057 3381,1057 3471,1057 3560,1057 3650,1057 3739,1051 3829,1051 3919,1051 4008,1051 4098,1051 4188,1051"/>
                <TextEquiv>
                    <Unicode>Die Skepsis, die vielen Werken des Dichters eigen ist, ist hier zum Pathos</Unicode>
                </TextEquiv>
            </TextLine>
            <TextLine id="tr_3_tl_8" custom="readingOrder {index:7;}">
                <Coords points="405,1192 3995,1168 4154,1071 410,1110"/>
                <Baseline points="436,1170 489,1170 579,1165 669,1165 758,1165 848,1165 937,1159 1027,1159 1117,1159 1206,1153 1296,1153 1386,1153 1475,1153 1565,1153 1654,1153 1744,1147 1834,1147 1923,1147 2013,1147 2102,1147 2192,1147 2282,1147 2371,1147 2461,1147 2551,1141 2640,1141 2730,1141 2819,1141 2909,1141 2999,1141 3088,1141 3178,1135 3267,1135 3357,1135 3447,1135 3536,1129 3626,1129 3716,1135 3805,1135 3895,1129 3984,1129 4074,1129 4164,1129"/>
                <TextEquiv>
                    <Unicode>die blasse Tronie in blutrote Satire umgefärbt. Auch hier wie im „Schleier</Unicode>
                </TextEquiv>
            </TextLine>
            <TextLine id="tr_3_tl_9" custom="readingOrder {index:8;}">
                <Coords points="415,1254 4159,1245 4159,1144 415,1187"/>
                <Baseline points="442,1248 495,1248 585,1242 675,1242 764,1242 854,1242 943,1236 1033,1236 1123,1230 1212,1236 1302,1230 1392,1230 1481,1236 1571,1230 1660,1230 1750,1224 1840,1230 1929,1224 2019,1224 2108,1230 2198,1224 2288,1230 2377,1224 2467,1224 2557,1224 2646,1218 2736,1218 2825,1218 2915,1218 3005,1218 3094,1212 3184,1212 3273,1212 3363,1212 3453,1212 3542,1206 3632,1206 3722,1206 3811,1206 3901,1206 3990,1206 4080,1206 4170,1212"/>
                <TextEquiv>
                    <Unicode>der Beatrice“ beschleicht uns das Doppelgefühl, wir und nicht Menschen des</Unicode>
                </TextEquiv>
            </TextLine>
            <TextLine id="tr_3_tl_10" custom="readingOrder {index:9;}">
                <Coords points="420,1346 4130,1235 420,1254"/>
                <Baseline points="448,1326 466,1320 555,1320 645,1320 734,1320 824,1320 914,1320 1003,1320 1093,1314 1182,1314 1272,1314 1362,1308 1451,1308 1541,1308 1631,1308 1720,1308 1810,1308 1899,1302 1989,1302 2079,1302 2168,1302 2258,1302 2347,1302 2437,1296 2527,1296 2616,1296 2706,1296 2796,1296 2885,1296 2975,1296 3064,1296 3154,1290 3244,1290 3333,1296 3423,1290 3512,1290 3602,1290 3692,1290 3781,1290 3871,1284 3961,1284 4050,1284 4140,1278"/>
                <TextEquiv>
                    <Unicode>18. Jhdts. ständen auf der Bühne. Wir leben mit diesen ungestüm vorwärts-</Unicode>
                </TextEquiv>
            </TextLine>
            <TextLine id="tr_3_tl_11" custom="readingOrder {index:10;}">
                <Coords points="405,1419 4082,1409 4087,1308 405,1337"/>
                <Baseline points="430,1398 507,1398 597,1398 687,1392 776,1392 866,1392 955,1398 1045,1392 1135,1386 1224,1386 1314,1386 1403,1386 1493,1386 1583,1386 1672,1386 1762,1386 1852,1380 1941,1380 2031,1380 2120,1380 2210,1380 2300,1380 2389,1380 2479,1374 2568,1374 2658,1374 2748,1374 2837,1374 2927,1374 3017,1374 3106,1368 3196,1368 3285,1368 3375,1368 3465,1368 3554,1368 3644,1368 3733,1368 3823,1368 3913,1362 4002,1362 4092,1368"/>
                <TextEquiv>
                    <Unicode>drängenden, frechübermütigen Komödianten und zittern mit ihnen, wenn aus</Unicode>
                </TextEquiv>
            </TextLine>
            <TextLine id="tr_3_tl_12" custom="readingOrder {index:11;}">
                <Coords points="420,1501 4063,1394 420,1419"/>
                <Baseline points="448,1481 489,1475 579,1475 669,1475 758,1469 848,1475 937,1469 1027,1469 1117,1469 1206,1463 1296,1463 1386,1463 1475,1463 1565,1457 1654,1463 1744,1463 1834,1457 1923,1457 2013,1457 2102,1463 2192,1457 2282,1457 2371,1451 2461,1457 2551,1457 2640,1451 2730,1451 2819,1451 2909,1451 2999,1451 3088,1445 3178,1445 3267,1445 3357,1445 3447,1445 3536,1445 3626,1445 3716,1439 3805,1439 3895,1439 3984,1439 4074,1445"/>
                <TextEquiv>
                    <Unicode>dem witzigen Spiel trgische Wirklichkeit wird. Wie Richard Specht meint,</Unicode>
                </TextEquiv>
            </TextLine>
            <TextLine id="tr_3_tl_13" custom="readingOrder {index:12;}">
                <Coords points="405,1578 3855,1549 4121,1443 405,1510"/>
                <Baseline points="430,1553 460,1553 549,1553 639,1559 728,1547 818,1547 908,1547 997,1541 1087,1541 1176,1541 1266,1541 1356,1541 1445,1541 1535,1541 1625,1535 1714,1535 1804,1535 1893,1535 1983,1535 2073,1535 2162,1541 2252,1535 2341,1535 2431,1535 2521,1535 2610,1535 2700,1529 2790,1529 2879,1529 2969,1529 3058,1529 3148,1529 3238,1523 3327,1523 3417,1523 3506,1523 3596,1523 3686,1523 3775,1517 3865,1517 3955,1517 4044,1517 4134,1523"/>
                <TextEquiv>
                    <Unicode>ist,der grüne Kakadu“ so lebendig, dass die Zuschauer schattenhaft dabei</Unicode>
                </TextEquiv>
            </TextLine>
            <TextLine id="tr_3_tl_14" custom="readingOrder {index:13;}">
                <Coords points="420,1640 4203,1539 420,1578"/>
                <Baseline points="448,1631 537,1625 627,1625 716,1625 806,1625 896,1625 985,1625 1075,1619 1165,1619 1254,1619 1344,1619 1433,1619 1523,1619 1613,1613 1702,1613 1792,1619 1881,1613 1971,1613 2061,1607 2150,1613 2240,1607 2330,1607 2419,1607 2509,1607 2598,1613 2688,1607 2778,1607 2867,1607 2957,1601 3046,1607 3136,1601 3226,1601 3315,1601 3405,1601 3495,1601 3584,1601 3674,1595 3763,1595 3853,1595 3943,1595 4032,1595 4122,1595 4211,1601"/>
                <TextEquiv>
                    <Unicode>werden. Hier ist Schnitzler einmal davon abgewichten, das Seelische in den</Unicode>
                </TextEquiv>
            </TextLine>
            <TextLine id="tr_3_tl_15" custom="readingOrder {index:14;}">
                <Coords points="415,1713 4203,1607 415,1640"/>
                <Baseline points="442,1702 454,1702 543,1702 633,1702 722,1702 812,1702 902,1702 991,1696 1081,1696 1170,1696 1260,1696 1350,1696 1439,1696 1529,1696 1619,1690 1708,1690 1798,1690 1887,1696 1977,1690 2067,1690 2156,1690 2246,1684 2335,1684 2425,1690 2515,1684 2604,1684 2694,1684 2784,1678 2873,1678 2963,1684 3052,1678 3142,1678 3232,1678 3321,1678 3411,1672 3500,1678 3590,1678 3680,1678 3769,1672 3859,1672 3949,1672 4038,1672 4128,1666 4217,1666"/>
                <TextEquiv>
                    <Unicode>Vordergrund treten zu lassen; aus dem ausserlichen erwächst die Tragik. Wie</Unicode>
                </TextEquiv>
            </TextLine>
            <TextLine id="tr_3_tl_16" custom="readingOrder {index:15;}">
                <Coords points="415,1800 4198,1698 415,1708"/>
                <Baseline points="442,1786 501,1786 591,1786 681,1780 770,1780 860,1780 949,1774 1039,1774 1129,1768 1218,1774 1308,1768 1398,1768 1487,1768 1577,1768 1666,1768 1756,1768 1852,1769 1852,1769 1881,1768 1971,1768 2061,1762 2150,1762 2240,1768 2330,1768 2419,1762 2509,1762 2598,1762 2688,1762 2778,1762 2867,1762 2957,1762 3046,1756 3136,1756 3226,1756 3315,1756 3405,1756 3495,1750 3584,1750 3674,1750 3763,1750 3853,1756 3943,1750 4032,1750 4122,1750 4211,1750"/>
                <TextEquiv>
                    <Unicode>im „Schleier der Beatrice“ bildet auch hier ein historisch bedeutungsvollen</Unicode>
                </TextEquiv>
            </TextLine>
            <TextLine id="tr_3_tl_17" custom="readingOrder {index:16;}">
                <Coords points="420,1877 4140,1766 420,1800"/>
                <Baseline points="448,1864 501,1858 591,1858 681,1858 770,1858 860,1858 949,1858 1039,1852 1129,1852 1218,1852 1308,1852 1398,1846 1487,1846 1577,1846 1666,1846 1756,1852 1850,1832 1850,1832 1941,1846 2031,1846 2120,1846 2210,1846 2300,1840 2389,1846 2479,1846 2568,1840 2658,1834 2748,1840 2837,1834 2927,1834 3017,1834 3106,1834 3196,1834 3285,1834 3375,1834 3465,1834 3554,1834 3644,1828 3733,1828 3823,1828 3913,1828 4002,1828 4092,1816 4146,1810"/>
                <TextEquiv>
                    <Unicode>Ereignis die Voraussetzung für das wuchtige Werden und erschütternde Aus-</Unicode>
                </TextEquiv>
            </TextLine>
            <TextLine id="tr_3_tl_18" custom="readingOrder {index:17;}">
                <Coords points="405,1973 4145,1940 4212,1814 405,1872"/>
                <Baseline points="430,1935 460,1935 549,1935 639,1935 728,1935 818,1929 908,1929 997,1923 1087,1929 1176,1923 1266,1929 1356,1929 1445,1923 1535,1923 1625,1923 1714,1923 1804,1917 1893,1923 1983,1923 2073,1917 2162,1917 2252,1917 2341,1917 2431,1917 2521,1917 2610,1917 2700,1917 2790,1917 2879,1917 2969,1917 3058,1911 3148,1911 3238,1911 3327,1911 3417,1911 3506,1911 3596,1905 3686,1905 3775,1905 3865,1905 3955,1905 4044,1905 4134,1905 4223,1899"/>
                <TextEquiv>
                    <Unicode>klingen der Groteske. Die Bew ütheit wurzelt wieder in den starken Gegensät¬</Unicode>
                </TextEquiv>
            </TextLine>
        </TextRegion>
        <TextRegion id="tr_2" custom="readingOrder {index:1;}">
            <Coords points="430,1933 4253,1933 4253,3343 430,3343"/>
            <TextLine id="tr_2_tl_1" custom="readingOrder {index:0;}">
                <Coords points="410,2031 3995,2017 4150,1916 410,1964"/>
                <Baseline points="436,2019 477,2013 567,2013 657,2013 746,2013 836,2013 926,2007 1015,2007 1105,2007 1194,2007 1284,2007 1374,2007 1463,2007 1553,2001 1642,2001 1732,2001 1822,2001 1911,2001 2001,2001 2091,2001 2180,2001 2270,2001 2359,1995 2449,2001 2539,1995 2628,1995 2718,1995 2807,1989 2897,1995 2987,1995 3076,1989 3166,1989 3256,1989 3345,1989 3435,1989 3524,1989 3614,1989 3704,1983 3793,1983 3883,1983 3972,1983 4062,1983 4152,1983"/>
                <TextEquiv>
                    <Unicode>zen: Spiel und Wahrheit, Sein und Schein, Leben und Tod. Die Personen des</Unicode>
                </TextEquiv>
            </TextLine>
            <TextLine id="tr_2_tl_2" custom="readingOrder {index:1;}">
                <Coords points="434,2109 4130,2094 4169,2002 434,2031"/>
                <Baseline points="460,2097 507,2097 597,2097 687,2091 776,2091 866,2085 955,2085 1045,2085 1135,2085 1224,2085 1314,2085 1403,2085 1493,2085 1583,2079 1672,2085 1762,2079 1852,2079 1941,2079 2031,2079 2120,2073 2210,2073 2300,2073 2389,2079 2479,2073 2568,2073 2658,2073 2748,2073 2837,2073 2927,2067 3017,2067 3106,2067 3196,2067 3285,2067 3375,2061 3465,2067 3554,2061 3644,2061 3733,2061 3823,2061 3913,2061 4002,2061 4092,2061 4182,2061"/>
                <TextEquiv>
                    <Unicode>Einakters sind krankhaft, entnervt und fühllos. Während über der Erde die</Unicode>
                </TextEquiv>
            </TextLine>
            <TextLine id="tr_2_tl_3" custom="readingOrder {index:2;}">
                <Coords points="415,2191 4034,2080 415,2109"/>
                <Baseline points="442,2168 460,2168 549,2168 639,2168 728,2168 818,2168 908,2168 997,2162 1087,2162 1176,2162 1266,2156 1356,2156 1445,2156 1535,2156 1625,2156 1714,2156 1804,2156 1893,2156 1983,2156 2073,2156 2162,2156 2252,2156 2341,2156 2431,2150 2521,2150 2610,2150 2700,2150 2790,2150 2879,2150 2969,2144 3058,2150 3148,2144 3238,2144 3327,2144 3417,2144 3506,2144 3596,2138 3686,2138 3775,2138 3865,2138 3955,2138 4044,2138"/>
                <TextEquiv>
                    <Unicode>Bastille erstürmt wird und Brandfanale über Paris leuchten, lassen sich</Unicode>
                </TextEquiv>
            </TextLine>
            <TextLine id="tr_2_tl_4" custom="readingOrder {index:3;}">
                <Coords points="420,2273 3633,2258 4121,2234 4121,2123 420,2186"/>
                <Baseline points="448,2252 460,2246 549,2252 639,2246 728,2246 818,2246 908,2246 997,2240 1087,2240 1176,2240 1266,2240 1356,2234 1445,2240 1535,2240 1625,2234 1714,2234 1804,2234 1893,2234 1983,2228 2073,2228 2162,2228 2252,2228 2341,2228 2431,2228 2521,2228 2610,2228 2700,2228 2790,2228 2879,2228 2969,2228 3058,2228 3148,2222 3238,2222 3327,2222 3417,2222 3506,2222 3596,2216 3686,2216 3775,2216 3865,2216 3955,2216 4044,2216 4134,2216"/>
                <TextEquiv>
                    <Unicode>Adelige in einer Spelunke Verbrecherszenen vorspielen. Diese sind für sie</Unicode>
                </TextEquiv>
            </TextLine>
            <TextLine id="tr_2_tl_5" custom="readingOrder {index:4;}">
                <Coords points="420,2340 4178,2244 420,2273"/>
                <Baseline points="448,2330 513,2324 603,2324 693,2324 782,2318 872,2318 961,2318 1051,2318 1141,2318 1230,2312 1320,2312 1409,2312 1499,2312 1589,2312 1678,2312 1768,2312 1858,2312 1947,2312 2037,2312 2126,2306 2216,2306 2306,2306 2395,2306 2485,2306 2574,2300 2664,2300 2754,2306 2843,2306 2933,2300 3023,2300 3112,2300 3202,2300 3291,2300 3381,2300 3471,2294 3560,2294 3650,2294 3739,2294 3829,2294 3919,2294 4008,2294 4098,2294 4188,2282"/>
                <TextEquiv>
                    <Unicode>wichtiger als die weltgeschichtlich bedeutsamen Geschehnisse in der Seine-</Unicode>
                </TextEquiv>
            </TextLine>
            <TextLine id="tr_2_tl_6" custom="readingOrder {index:5;}">
                <Coords points="415,2427 3903,2427 4082,2311 415,2335"/>
                <Baseline points="442,2401 507,2401 597,2395 687,2395 776,2401 866,2395 955,2389 1045,2389 1135,2395 1224,2395 1314,2389 1403,2389 1493,2389 1583,2395 1672,2389 1762,2389 1852,2389 1941,2389 2031,2383 2120,2383 2210,2383 2300,2383 2389,2383 2479,2383 2568,2383 2658,2383 2748,2383 2837,2383 2927,2377 3017,2383 3106,2377 3196,2377 3285,2377 3375,2371 3465,2371 3554,2371 3644,2371 3733,2371 3823,2371 3913,2371 4002,2371 4092,2371"/>
                <TextEquiv>
                    <Unicode>Stadt. Da endlich das Spiel durch die Ermordung des Herzogs von Cadignan</Unicode>
                </TextEquiv>
            </TextLine>
            <TextLine id="tr_2_tl_7" custom="readingOrder {index:6;}">
                <Coords points="429,2495 3985,2490 4212,2388 429,2412"/>
                <Baseline points="454,2485 460,2485 549,2479 639,2479 728,2479 818,2473 908,2473 997,2473 1087,2473 1176,2473 1266,2467 1356,2467 1445,2467 1535,2467 1625,2467 1714,2467 1804,2473 1893,2467 1983,2467 2073,2461 2162,2461 2252,2461 2341,2461 2431,2461 2521,2461 2610,2461 2700,2455 2790,2455 2879,2455 2969,2455 3058,2455 3148,2455 3238,2455 3327,2455 3417,2449 3506,2449 3596,2449 3686,2449 3775,2449 3865,2455 3955,2449 4044,2449 4134,2449 4223,2449"/>
                <TextEquiv>
                    <Unicode>grausige Wirklichkeit wird, klatscht man Beifall und verabredet sich an der</Unicode>
                </TextEquiv>
            </TextLine>
            <TextLine id="tr_2_tl_8" custom="readingOrder {index:7;}">
                <Coords points="415,2577 4222,2596 4222,2461 415,2499"/>
                <Baseline points="442,2557 466,2551 555,2557 645,2551 734,2545 824,2551 914,2545 1003,2545 1093,2551 1182,2551 1272,2545 1362,2545 1451,2545 1541,2545 1631,2545 1720,2545 1810,2545 1899,2539 1989,2539 2079,2539 2168,2539 2258,2539 2347,2545 2437,2539 2527,2539 2616,2539 2706,2539 2796,2533 2885,2539 2975,2533 3064,2533 3154,2533 3244,2539 3333,2533 3423,2533 3512,2527 3602,2527 3692,2527 3781,2527 3871,2527 3961,2527 4050,2527 4140,2527 4229,2533"/>
                <TextEquiv>
                    <Unicode>Leiche zu einer Liebesnacht. Séverine, die Frau des Marquis von Langac ruft</Unicode>
                </TextEquiv>
            </TextLine>
            <TextLine id="tr_2_tl_9" custom="readingOrder {index:8;}">
                <Coords points="415,2654 3402,2683 4034,2625 4039,2523 415,2577"/>
                <Baseline points="442,2634 460,2634 549,2634 639,2628 728,2628 818,2628 908,2628 997,2622 1087,2622 1176,2628 1266,2622 1356,2628 1445,2628 1535,2622 1625,2622 1714,2622 1804,2622 1893,2622 1983,2616 2073,2622 2162,2622 2252,2622 2341,2622 2431,2616 2521,2616 2610,2616 2700,2622 2790,2616 2879,2616 2969,2616 3058,2610 3148,2610 3238,2610 3327,2610 3417,2610 3506,2610 3596,2610 3686,2610 3775,2610 3865,2610 3955,2604 4044,2610"/>
                <TextEquiv>
                    <Unicode>nach der Ermordung des Herzogs aus: „Es trifft sich wunderbar. Man sieht</Unicode>
                </TextEquiv>
            </TextLine>
            <TextLine id="tr_2_tl_10" custom="readingOrder {index:9;}">
                <Coords points="405,2726 4072,2712 4217,2596 410,2654"/>
                <Baseline points="430,2712 466,2712 555,2712 645,2706 734,2706 824,2706 914,2706 1003,2700 1093,2706 1182,2706 1272,2706 1362,2700 1451,2700 1541,2700 1631,2706 1720,2706 1810,2700 1899,2700 1989,2700 2079,2700 2168,2700 2258,2700 2347,2700 2437,2700 2527,2694 2616,2694 2706,2694 2796,2694 2885,2694 2975,2694 3064,2694 3154,2694 3244,2694 3333,2688 3423,2688 3512,2688 3602,2688 3692,2688 3781,2688 3871,2688 3961,2688 4050,2688 4140,2688 4229,2682"/>
                <TextEquiv>
                    <Unicode>nicht alle Tage einen wirklichen Herzog wirklich ermorden.“ Von dem Dichter</Unicode>
                </TextEquiv>
            </TextLine>
            <TextLine id="tr_2_tl_11" custom="readingOrder {index:10;}">
                <Coords points="420,2808 3749,2803 4212,2697 420,2726"/>
                <Baseline points="448,2796 460,2790 549,2790 639,2784 728,2784 818,2784 908,2784 997,2784 1087,2778 1176,2784 1266,2778 1356,2778 1445,2778 1535,2778 1625,2778 1714,2778 1804,2778 1893,2778 1983,2778 2073,2772 2162,2772 2252,2772 2341,2778 2431,2772 2521,2772 2610,2772 2700,2772 2790,2772 2879,2772 2969,2772 3058,2772 3148,2772 3238,2772 3327,2766 3417,2766 3506,2766 3596,2766 3686,2766 3775,2766 3865,2766 3955,2766 4044,2766 4134,2766 4223,2766"/>
                <TextEquiv>
                    <Unicode>Rollin verabschiedet sie sich mit den Worten: Rollin, warten Sie heut Nacht</Unicode>
                </TextEquiv>
            </TextLine>
            <TextLine id="tr_2_tl_12" custom="readingOrder {index:11;}">
                <Coords points="420,2876 3595,2905 4222,2789 425,2808"/>
                <Baseline points="448,2867 471,2861 561,2867 651,2861 740,2861 830,2861 920,2861 1009,2861 1099,2861 1188,2855 1278,2855 1368,2855 1457,2855 1547,2855 1636,2855 1726,2855 1816,2855 1905,2855 1995,2855 2085,2855 2174,2849 2264,2849 2353,2849 2443,2849 2533,2849 2622,2849 2712,2849 2801,2849 2891,2849 2981,2849 3070,2849 3160,2849 3250,2849 3339,2849 3429,2849 3518,2843 3608,2843 3698,2837 3787,2837 3877,2843 3966,2843 4056,2843 4146,2843 4235,2837"/>
                <TextEquiv>
                    <Unicode>vor meinem Fenster. Ich werfe den Schlüssel hinunter wie neulich - wir wol-</Unicode>
                </TextEquiv>
            </TextLine>
            <TextLine id="tr_2_tl_13" custom="readingOrder {index:12;}">
                <Coords points="429,2958 4101,2987 4188,2861 429,2876"/>
                <Baseline points="454,2945 519,2945 609,2939 699,2939 788,2939 878,2939 967,2939 1057,2939 1147,2939 1236,2933 1326,2933 1415,2933 1505,2933 1595,2933 1684,2933 1774,2933 1864,2933 1953,2927 2043,2927 2132,2927 2222,2927 2312,2927 2401,2927 2491,2927 2580,2927 2670,2927 2760,2927 2849,2927 2939,2927 3029,2921 3118,2921 3208,2921 3297,2921 3387,2921 3477,2927 3566,2921 3656,2921 3745,2921 3835,2921 3925,2927 4014,2927 4104,2927 4194,2915"/>
                <TextEquiv>
                    <Unicode>len eine schöne Stunde haben - ich fühle mich angenehm erregt." Henri, der</Unicode>
                </TextEquiv>
            </TextLine>
            <TextLine id="tr_2_tl_14" custom="readingOrder {index:13;}">
                <Coords points="415,3035 3662,3035 4014,2934 420,2963"/>
                <Baseline points="442,3017 531,3017 621,3017 710,3017 800,3017 890,3017 979,3017 1069,3017 1159,3017 1248,3011 1338,3011 1427,3011 1517,3011 1607,3011 1696,3011 1786,3011 1875,3011 1965,3005 2055,3005 2144,3005 2234,2999 2324,3005 2413,3005 2503,3005 2592,3005 2682,3005 2772,3005 2861,3005 2951,3005 3040,3005 3130,3005 3220,3005 3309,2999 3399,2999 3489,3005 3578,2999 3668,2999 3757,2999 3847,2999 3937,2999 4026,2999"/>
                <TextEquiv>
                    <Unicode>Schauspieler, ist eifersüchtig und vermutet, dass ihn seine junge Frau-</Unicode>
                </TextEquiv>
            </TextLine>
            <TextLine id="tr_2_tl_15" custom="readingOrder {index:14;}">
                <Coords points="415,3102 3686,3107 3971,3011 415,3040"/>
                <Baseline points="442,3094 489,3094 579,3094 669,3094 758,3094 848,3094 937,3094 1027,3088 1117,3088 1206,3088 1296,3088 1386,3088 1475,3082 1565,3088 1654,3088 1744,3088 1834,3088 1923,3088 2013,3082 2102,3088 2192,3082 2282,3082 2371,3088 2461,3082 2551,3076 2640,3082 2730,3082 2819,3088 2909,3082 2999,3076 3088,3076 3178,3076 3267,3076 3357,3076 3447,3076 3536,3076 3626,3076 3716,3076 3805,3076 3895,3076 3984,3082"/>
                <TextEquiv>
                    <Unicode>eine Schauspielerin - mit anderen Männern betrüge. Deshalb will er mit</Unicode>
                </TextEquiv>
            </TextLine>
            <TextLine id="tr_2_tl_16" custom="readingOrder {index:15;}">
                <Coords points="429,3184 4169,3180 4169,3054 429,3107"/>
                <Baseline points="454,3178 507,3172 597,3172 687,3172 776,3172 866,3172 955,3172 1045,3166 1135,3166 1224,3166 1314,3166 1403,3166 1493,3166 1583,3166 1672,3166 1762,3166 1852,3166 1941,3160 2031,3160 2120,3160 2210,3160 2300,3160 2389,3160 2479,3160 2568,3160 2658,3160 2748,3160 2837,3160 2927,3160 3017,3160 3106,3160 3196,3154 3285,3160 3375,3160 3465,3154 3554,3154 3644,3154 3733,3154 3823,3154 3913,3154 4002,3160 4092,3154 4182,3154"/>
                <TextEquiv>
                    <Unicode>Leocadie am andern Tage Paris für immer verlassen. Heute spielen beide zum</Unicode>
                </TextEquiv>
            </TextLine>
            <TextLine id="tr_2_tl_17" custom="readingOrder {index:16;}">
                <Coords points="415,3271 4034,3175 415,3180"/>
                <Baseline points="442,3256 460,3256 549,3250 639,3244 728,3250 818,3244 908,3244 997,3244 1087,3244 1176,3244 1266,3244 1356,3244 1445,3244 1535,3244 1625,3244 1714,3244 1804,3244 1893,3238 1983,3238 2073,3238 2162,3238 2252,3238 2341,3238 2431,3238 2521,3238 2610,3238 2700,3238 2790,3238 2879,3238 2969,3238 3058,3238 3148,3238 3238,3232 3327,3238 3417,3238 3506,3232 3596,3232 3686,3232 3775,3232 3865,3232 3955,3232 4044,3232"/>
                <TextEquiv>
                    <Unicode>letzten Mal Theater. Er brachte sie zur Bühne und kehrte allein um. Aber</Unicode>
                </TextEquiv>
            </TextLine>
            <TextLine id="tr_2_tl_18" custom="readingOrder {index:17;}">
                <Coords points="420,3353 4241,3257 420,3271"/>
                <Baseline points="448,3327 489,3327 579,3327 669,3327 758,3333 848,3327 937,3327 1027,3327 1117,3327 1206,3327 1296,3321 1386,3327 1475,3321 1565,3321 1654,3321 1744,3321 1834,3321 1923,3321 2013,3321 2102,3321 2192,3315 2282,3321 2371,3321 2461,3315 2551,3315 2640,3315 2730,3315 2819,3315 2909,3315 2999,3315 3088,3315 3178,3315 3267,3315 3357,3315 3447,3315 3536,3315 3626,3315 3716,3315 3805,3315 3895,3315 3984,3309 4074,3315 4164,3315 4253,3315"/>
                <TextEquiv>
                    <Unicode>schon nach hundert Schritten hat's begonnen....in mir...versteht ihr mich...</Unicode>
                </TextEquiv>
            </TextLine>
        </TextRegion>
        <TextRegion id="tr_1" custom="readingOrder {index:2;}">
            <Coords points="430,3337 4289,3337 4289,5052 430,5052"/>
            <TextLine id="tr_1_tl_1" custom="readingOrder {index:0;}">
                <Coords points="429,3426 4236,3450 4236,3334 4039,3320 429,3344"/>
                <Baseline points="454,3405 483,3405 573,3405 663,3405 752,3405 842,3405 932,3405 1021,3405 1111,3405 1200,3399 1290,3399 1380,3399 1469,3399 1559,3399 1648,3399 1738,3399 1828,3399 1917,3399 2007,3399 2097,3393 2186,3399 2276,3399 2365,3393 2455,3399 2545,3393 2634,3399 2724,3399 2813,3393 2903,3393 2993,3393 3082,3393 3172,3399 3262,3393 3351,3393 3441,3393 3530,3393 3620,3393 3710,3393 3799,3393 3889,3387 3978,3393 4068,3387 4158,3393 4247,3393"/>
                <TextEquiv>
                    <Unicode>eine ungeheure Unruhe... und es war, als zwänge mich irgendetwas, umzukehren</Unicode>
                </TextEquiv>
            </TextLine>
            <TextLine id="tr_1_tl_2" custom="readingOrder {index:1;}">
                <Coords points="434,3503 3749,3498 4082,3402 434,3426"/>
                <Baseline points="460,3489 507,3483 597,3483 687,3483 776,3483 866,3483 955,3477 1045,3477 1135,3477 1224,3477 1314,3483 1403,3477 1493,3477 1583,3477 1672,3477 1762,3477 1852,3477 1941,3471 2031,3471 2120,3471 2210,3471 2300,3471 2389,3471 2479,3471 2568,3471 2658,3471 2748,3471 2837,3471 2927,3471 3017,3471 3106,3471 3196,3471 3285,3465 3375,3465 3465,3471 3554,3471 3644,3471 3733,3465 3823,3465 3913,3465 4002,3465 4092,3471"/>
                <TextEquiv>
                    <Unicode>...und ich bin ungekehrt.und hingegangen. Aber da hab' ich mich geschämt</Unicode>
                </TextEquiv>
            </TextLine>
            <TextLine id="tr_1_tl_3" custom="readingOrder {index:2;}">
                <Coords points="420,3575 4193,3575 4251,3445 420,3498"/>
                <Baseline points="448,3566 501,3560 591,3554 681,3554 770,3554 860,3554 949,3554 1039,3554 1129,3554 1218,3554 1308,3554 1398,3554 1487,3554 1577,3554 1666,3554 1756,3554 1846,3554 1935,3548 2025,3548 2114,3548 2204,3548 2294,3548 2383,3548 2473,3548 2563,3548 2652,3548 2742,3548 2831,3548 2921,3548 3011,3548 3100,3548 3190,3542 3279,3542 3369,3542 3459,3542 3548,3542 3638,3542 3728,3542 3817,3542 3907,3542 3996,3548 4086,3548 4176,3548 4265,3548"/>
                <TextEquiv>
                    <Unicode>und bin wieder forte...und weder war ich hundert Schritt weit vom Theater...</Unicode>
                </TextEquiv>
            </TextLine>
            <TextLine id="tr_1_tl_4" custom="readingOrder {index:3;}">
                <Coords points="415,3667 4203,3648 4130,3551 420,3570"/>
                <Baseline points="448,3644 454,3638 543,3638 633,3632 722,3632 812,3632 902,3632 991,3632 1081,3632 1170,3638 1260,3632 1350,3632 1439,3632 1529,3632 1619,3632 1708,3632 1798,3626 1887,3626 1977,3626 2067,3626 2156,3626 2246,3626 2335,3626 2425,3626 2515,3626 2604,3626 2694,3626 2784,3626 2873,3626 2963,3626 3052,3626 3142,3626 3232,3626 3321,3620 3411,3626 3500,3620 3590,3620 3680,3626 3769,3626 3859,3626 3949,3626 4038,3620 4128,3626 4217,3626"/>
                <TextEquiv>
                    <Unicode>da hat es mich gepackt...und wieder bin ich zurück. Ihre Szene war zu Ende.</Unicode>
                </TextEquiv>
            </TextLine>
            <TextLine id="tr_1_tl_5" custom="readingOrder {index:4;}">
                <Coords points="429,3735 4043,3730 4130,3638 429,3677"/>
                <Baseline points="454,3722 466,3722 555,3716 645,3716 734,3710 824,3710 914,3710 1003,3710 1093,3710 1182,3710 1272,3710 1362,3710 1451,3710 1541,3710 1631,3710 1720,3710 1810,3710 1899,3710 1989,3710 2079,3704 2168,3704 2258,3704 2347,3704 2437,3704 2527,3704 2616,3704 2706,3704 2796,3704 2885,3704 2975,3704 3064,3698 3154,3704 3244,3704 3333,3704 3423,3704 3512,3698 3602,3704 3692,3704 3781,3704 3871,3704 3961,3704 4050,3704 4140,3698"/>
                <TextEquiv>
                    <Unicode>...sie hat ja nicht viel zu tun, steht nur eine Weile auf der Bühne, halb-</Unicode>
                </TextEquiv>
            </TextLine>
            <TextLine id="tr_1_tl_6" custom="readingOrder {index:5;}">
                <Coords points="405,3807 4087,3826 4130,3720 405,3735"/>
                <Baseline points="430,3793 466,3793 555,3793 645,3793 734,3799 824,3799 914,3787 1003,3787 1093,3787 1182,3787 1272,3787 1362,3787 1451,3781 1541,3781 1631,3787 1720,3781 1810,3781 1899,3781 1989,3781 2079,3781 2168,3781 2258,3781 2347,3781 2437,3781 2527,3781 2616,3781 2706,3781 2796,3781 2885,3781 2975,3781 3064,3781 3154,3781 3244,3781 3333,3775 3423,3781 3512,3781 3602,3781 3692,3781 3781,3781 3871,3781 3961,3781 4050,3781 4140,3781"/>
                <TextEquiv>
                    <Unicode>nackt — und dann ist sie fertig... ich stehe vor ihrer Gaferobe, ich lehne</Unicode>
                </TextEquiv>
            </TextLine>
            <TextLine id="tr_1_tl_7" custom="readingOrder {index:6;}">
                <Coords points="410,3884 3691,3903 4154,3802 410,3807"/>
                <Baseline points="436,3871 489,3871 579,3871 669,3865 758,3865 848,3865 937,3865 1027,3865 1117,3865 1206,3865 1296,3865 1386,3859 1475,3865 1565,3865 1654,3865 1744,3859 1834,3859 1923,3865 2013,3859 2102,3859 2192,3859 2282,3859 2371,3859 2461,3859 2551,3859 2640,3859 2730,3859 2819,3859 2909,3859 2999,3859 3088,3859 3178,3859 3267,3859 3357,3859 3447,3859 3536,3859 3626,3859 3716,3859 3805,3859 3895,3859 3984,3859 4074,3865 4164,3865"/>
                <TextEquiv>
                    <Unicode>mein Ohr an die Tür und höre flüstern. Ich kann kein Wort unterscheiden.</Unicode>
                </TextEquiv>
            </TextLine>
            <TextLine id="tr_1_tl_8" custom="readingOrder {index:7;}">
                <Coords points="410,3956 4227,3990 4227,3874 4005,3865 410,3894"/>
                <Baseline points="436,3955 477,3949 567,3949 657,3949 746,3943 836,3943 926,3943 1015,3943 1105,3943 1194,3943 1284,3943 1374,3943 1463,3943 1553,3943 1642,3943 1732,3943 1822,3943 1911,3943 2001,3937 2091,3937 2180,3937 2270,3937 2359,3943 2449,3943 2539,3943 2628,3937 2718,3943 2807,3943 2897,3937 2987,3943 3076,3937 3166,3937 3256,3937 3345,3937 3435,3937 3524,3937 3614,3937 3704,3937 3793,3943 3883,3943 3972,3943 4062,3937 4152,3943 4241,3949"/>
                <TextEquiv>
                    <Unicode>das Flüstern verstummt... ich stosse die Tür auf... (Er brüllt wie ein wildes</Unicode>
                </TextEquiv>
            </TextLine>
            <TextLine id="tr_1_tl_9" custom="readingOrder {index:8;}">
                <Coords points="420,4053 3817,4053 3706,3942 420,3956"/>
                <Baseline points="448,4026 537,4032 627,4026 716,4026 806,4020 896,4026 985,4026 1075,4026 1165,4020 1254,4026 1344,4026 1433,4026 1523,4026 1613,4020 1702,4026 1792,4020 1881,4020 1971,4026 2061,4020 2150,4020 2240,4026 2330,4020 2419,4026 2509,4026 2598,4026 2688,4032 2778,4026 2867,4026 2957,4020 3046,4020 3136,4026 3226,4020 3315,4026 3405,4020 3495,4014 3584,4020 3674,4020 3763,4032 3829,4032"/>
                <TextEquiv>
                    <Unicode>Tier.) - es war der Herzog von Cadignan und ich hab' ihn ermordet.-</Unicode>
                </TextEquiv>
            </TextLine>
            <TextLine id="tr_1_tl_10" custom="readingOrder {index:9;}">
                <Coords points="868,4193 4125,4207 4222,4082 873,4101"/>
                <Baseline points="896,4170 985,4170 1075,4170 1165,4176 1254,4176 1344,4176 1433,4176 1523,4176 1613,4176 1702,4170 1792,4176 1881,4176 1971,4170 2061,4170 2150,4176 2240,4170 2330,4176 2419,4170 2509,4170 2598,4170 2688,4170 2778,4170 2867,4170 2957,4170 3046,4170 3136,4170 3226,4170 3315,4170 3405,4170 3495,4170 3584,4170 3674,4170 3763,4170 3853,4170 3943,4176 4032,4176 4122,4176 4211,4176 4223,4176"/>
                <TextEquiv>
                    <Unicode>Eine ungeheure Steigerung liegt in diesen Worten. Der Wirt und die</Unicode>
                </TextEquiv>
            </TextLine>
            <TextLine id="tr_1_tl_11" custom="readingOrder {index:10;}">
                <Coords points="405,4304 4019,4260 405,4159"/>
                <Baseline points="430,4253 442,4253 531,4259 621,4253 710,4253 800,4253 890,4259 979,4253 1069,4253 1159,4247 1248,4247 1338,4247 1427,4247 1517,4253 1607,4247 1696,4253 1786,4259 1875,4253 1965,4247 2055,4247 2144,4247 2234,4247 2324,4253 2413,4247 2503,4247 2592,4247 2682,4247 2772,4247 2861,4247 2951,4247 3040,4247 3130,4247 3220,4247 3309,4247 3399,4247 3489,4247 3578,4247 3668,4253 3757,4253 3847,4253 3937,4253 4026,4247"/>
                <TextEquiv>
                    <Unicode>Zuschauer, die sie erleben, sind hingerissen und halten alles für wahr.</Unicode>
                </TextEquiv>
            </TextLine>
            <TextLine id="tr_1_tl_12" custom="readingOrder {index:11;}">
                <Coords points="420,4362 4067,4352 4178,4241 420,4309"/>
                <Baseline points="448,4355 513,4337 603,4337 693,4331 782,4331 872,4337 961,4331 1051,4331 1141,4325 1230,4325 1320,4325 1409,4325 1499,4325 1589,4325 1678,4325 1768,4325 1858,4325 1947,4325 2037,4325 2126,4325 2216,4325 2306,4325 2395,4331 2485,4331 2574,4325 2664,4325 2754,4331 2843,4331 2933,4331 3023,4325 3112,4325 3202,4325 3291,4325 3381,4325 3471,4325 3560,4331 3650,4331 3739,4331 3829,4331 3919,4331 4008,4331 4098,4331 4188,4325"/>
                <TextEquiv>
                    <Unicode>„Elender," ruft Prospère, der Herr der Spelunke, seinem besten Schauspieler</Unicode>
                </TextEquiv>
            </TextLine>
            <TextLine id="tr_1_tl_13" custom="readingOrder {index:12;}">
                <Coords points="410,4429 4241,4453 4241,4323 410,4362"/>
                <Baseline points="436,4409 525,4415 615,4415 704,4415 794,4409 884,4409 973,4409 1063,4409 1153,4409 1242,4409 1332,4403 1421,4409 1511,4403 1601,4403 1690,4409 1780,4403 1869,4403 1959,4403 2049,4403 2138,4403 2228,4403 2318,4403 2407,4403 2497,4409 2586,4409 2676,4403 2766,4403 2855,4403 2945,4403 3034,4409 3124,4403 3214,4403 3303,4403 3393,4403 3483,4409 3572,4409 3662,4409 3751,4409 3841,4409 3931,4409 4020,4415 4110,4409 4199,4409 4253,4415"/>
                <TextEquiv>
                    <Unicode>zu. Er weiss, dass Léocadie mit dem Herzog wirklich ein Verhältnis hat; die-</Unicode>
                </TextEquiv>
            </TextLine>
            <TextLine id="tr_1_tl_14" custom="readingOrder {index:13;}">
                <Coords points="415,4516 4077,4507 4077,4415 415,4429"/>
                <Baseline points="442,4492 531,4492 621,4492 710,4486 800,4486 890,4486 979,4486 1069,4486 1159,4480 1248,4486 1338,4486 1427,4480 1517,4486 1607,4486 1696,4486 1786,4486 1875,4486 1965,4486 2055,4486 2144,4486 2234,4480 2324,4480 2413,4480 2503,4480 2592,4486 2682,4486 2772,4486 2861,4486 2951,4486 3040,4486 3130,4486 3220,4486 3309,4486 3399,4486 3489,4486 3578,4486 3668,4486 3757,4486 3847,4486 3937,4486 4026,4492 4086,4492"/>
                <TextEquiv>
                    <Unicode>ses Wissen lässt ihn die schauspielerische Begabung Henris verkennen. So</Unicode>
                </TextEquiv>
            </TextLine>
            <TextLine id="tr_1_tl_15" custom="readingOrder {index:14;}">
                <Coords points="415,4603 4227,4608 4227,4478 415,4521"/>
                <Baseline points="442,4576 531,4570 621,4570 710,4564 800,4564 890,4564 979,4564 1069,4564 1159,4564 1248,4564 1338,4564 1427,4564 1517,4564 1607,4564 1696,4564 1786,4564 1875,4564 1965,4564 2055,4564 2144,4564 2234,4570 2324,4564 2413,4564 2503,4564 2592,4564 2682,4564 2772,4564 2861,4564 2951,4564 3040,4564 3130,4564 3220,4564 3309,4570 3399,4564 3489,4564 3578,4570 3668,4564 3757,4570 3847,4570 3937,4570 4026,4570 4116,4570 4205,4570 4241,4576"/>
                <TextEquiv>
                    <Unicode>glaubt er, die Mordtat sei wirklich geschehen. Der Schauspieler seinerseits</Unicode>
                </TextEquiv>
            </TextLine>
            <TextLine id="tr_1_tl_16" custom="readingOrder {index:15;}">
                <Coords points="420,4656 4178,4666 3648,4564 420,4598"/>
                <Baseline points="448,4654 537,4648 627,4648 716,4648 806,4642 896,4642 985,4648 1075,4642 1165,4642 1254,4642 1344,4642 1433,4642 1523,4642 1613,4642 1702,4642 1792,4642 1881,4642 1971,4642 2061,4642 2150,4642 2240,4642 2330,4642 2419,4642 2509,4642 2598,4648 2688,4642 2778,4642 2867,4642 2957,4642 3046,4642 3136,4642 3226,4642 3315,4642 3405,4648 3495,4642 3584,4642 3674,4642 3763,4648 3853,4648 3943,4648 4032,4648 4122,4648 4188,4654"/>
                <TextEquiv>
                    <Unicode>ahnt, dass Léocadie ihn betrogen und hintergangen hat und leidet darunter.</Unicode>
                </TextEquiv>
            </TextLine>
            <TextLine id="tr_1_tl_17" custom="readingOrder {index:16;}">
                <Coords points="429,4748 4236,4738 429,4656"/>
                <Baseline points="454,4725 483,4725 573,4725 663,4725 752,4719 842,4719 932,4719 1021,4719 1111,4719 1200,4719 1290,4719 1380,4719 1469,4719 1559,4719 1648,4719 1738,4719 1828,4725 1917,4719 2007,4719 2097,4713 2186,4719 2276,4719 2365,4719 2455,4719 2545,4719 2634,4719 2724,4719 2813,4719 2903,4719 2993,4719 3082,4719 3172,4719 3262,4719 3351,4719 3441,4719 3530,4725 3620,4719 3710,4725 3799,4725 3889,4725 3978,4725 4068,4725 4158,4725 4247,4719"/>
                <TextEquiv>
                    <Unicode>In seinen Eifersuchtsqualen zeigt er so in seiner Abschiedsvorstellung die-</Unicode>
                </TextEquiv>
            </TextLine>
            <TextLine id="tr_1_tl_18" custom="readingOrder {index:17;}">
                <Coords points="405,4815 4222,4825 4275,4724 405,4733"/>
                <Baseline points="430,4809 436,4809 525,4803 615,4803 704,4803 794,4803 884,4803 973,4803 1063,4797 1153,4797 1242,4797 1332,4797 1421,4797 1511,4797 1601,4797 1690,4797 1780,4797 1869,4797 1959,4797 2049,4797 2138,4797 2228,4797 2318,4797 2407,4797 2497,4797 2586,4797 2676,4797 2766,4797 2855,4797 2945,4797 3034,4797 3124,4797 3214,4797 3303,4809 3393,4803 3483,4797 3572,4803 3662,4803 3751,4803 3841,4803 3931,4809 4020,4809 4110,4803 4199,4803 4289,4803"/>
                <TextEquiv>
                    <Unicode>ses dunkle Blatt in seinem Leben auf und macht den Herzog, den er vielleicht</Unicode>
                </TextEquiv>
            </TextLine>
            <TextLine id="tr_1_tl_19" custom="readingOrder {index:18;}">
                <Coords points="405,4912 4270,4931 4270,4815 405,4815"/>
                <Baseline points="430,4881 519,4881 609,4881 699,4881 788,4881 878,4875 967,4875 1057,4881 1147,4875 1236,4881 1326,4875 1415,4875 1505,4869 1595,4875 1684,4875 1774,4875 1864,4875 1953,4875 2043,4875 2132,4875 2222,4875 2312,4875 2401,4875 2491,4875 2580,4875 2670,4875 2760,4881 2849,4875 2939,4881 3029,4881 3118,4881 3208,4875 3297,4881 3387,4881 3477,4881 3566,4881 3656,4881 3745,4887 3835,4881 3925,4881 4014,4881 4104,4881 4194,4887 4283,4893"/>
                <TextEquiv>
                    <Unicode>im Verdacht hat, der Verführer seiner Frau zu sein, von dem er es aber nicht</Unicode>
                </TextEquiv>
            </TextLine>
            <TextLine id="tr_1_tl_20" custom="readingOrder {index:19;}">
                <Coords points="410,4979 3754,4994 4169,4897 410,4902"/>
                <Baseline points="436,4970 507,4964 597,4958 687,4958 776,4958 866,4958 955,4958 1045,4958 1135,4952 1224,4952 1314,4952 1403,4952 1493,4952 1583,4952 1672,4952 1762,4952 1852,4952 1941,4952 2031,4952 2120,4952 2210,4952 2300,4952 2389,4952 2479,4952 2568,4952 2658,4952 2748,4958 2837,4952 2927,4952 3017,4952 3106,4952 3196,4952 3285,4952 3375,4946 3465,4952 3554,4958 3644,4952 3733,4952 3823,4958 3913,4958 4002,4958 4092,4958 4182,4958"/>
                <TextEquiv>
                    <Unicode>genau weiss, zum Mittelpunkt seiner kurzen Tragödie. Dedurch, dass er hier</Unicode>
                </TextEquiv>
            </TextLine>
            <TextLine id="tr_1_tl_21" custom="readingOrder {index:20;}">
                <Coords points="410,5081 3918,5095 4183,4970 410,4975"/>
                <Baseline points="436,5042 519,5036 609,5036 699,5036 788,5036 878,5030 967,5030 1057,5036 1147,5036 1236,5030 1326,5030 1415,5030 1505,5030 1595,5030 1684,5024 1774,5024 1864,5024 1953,5024 2043,5024 2132,5024 2222,5024 2312,5018 2401,5024 2491,5024 2580,5024 2670,5024 2760,5018 2849,5018 2939,5024 3029,5018 3118,5024 3208,5024 3297,5024 3387,5024 3477,5024 3566,5024 3656,5024 3745,5024 3835,5024 3925,5024 4014,5024 4104,5030 4194,5030"/>
                <TextEquiv>
                    <Unicode>unbewusst das Richtige trifft und die auf der Bühne befindlichen Zuschauer</Unicode>
                </TextEquiv>
            </TextLine>
        </TextRegion>
    </Page>
</PcGts>
