4296 5416
2102 430 2274 645 31
703 583 3476 805 Sie erfahrt, dass er im Duell gefallen.Christine will wissen, um wen das
700 762 3411 947 Quell stattgefunden. Theodor macht Ausflüchte, da sagt es ihm Christine
685 936 2831 1111 auf den Kopf zu, dass es "fuer diese Frau" gewesen sei.
696 1049 3494 1250 Christine:“Ja, fuer eine Frau, für diese Frau- fuer dieseFrau, d/e er
703 1261 3527 1432 geliebt hat. Und ihr Mann- ja. ihrMann hat ihn umgebracht.. Und ich... was
696 1377 3531 1567 bin denn ich ihm gewesen? Theodor, haben Sie denn gar nichts an mich.. hat
700 1560 3462 1738 er nichts niedergeschrieben? Hat er Ihnen kein Wort fuer mich gesagt?
685 1709 2995 1898 Haben Sie nichts gefunden..einen Brief.. einen Zettel..?
714 1869 1829 2059 Theodor schuettelt den Kopf.
696 2015 3575 2172 Christine!"Und an dem Abend.. wo er da war, wo Sie ihn da abgeholt haben,
703 2161 3542 2325 da hat er's schon gewuest, dass er mich vielleicht nie mehr..Und er ist
703 2292 3626 2481 von da weggegangen, um sich fuer eine andre umbringen zu lassen. Hein, nein,
707 2463 3476 2638 es ist ja nicht moeglich.. hat er denn nicht gewusst, was er fuer mich
714 2682 1294 2846 is t..hat or..
703 2817 3527 2999 Theodor:Er hat es gewusst.Am letzten Morgen wie wir hinausgefahren sind,
707 2966 2048 3112 hat er auch von Ihnen gesprochen.
707 3075 3454 3236 Christinae:Auch von mir hat er gesprochen! Auch ven mir! Und von was denn
718 3232 3472 3411 noch? Von wieviel anderen Leuten, von wievieh anderen Sachen, die ihm grad
714 3367 3462 3575 so viel gewesen sind wie ich? Von mir auch. O Gott! Und von seinem Vater
721 3553 3513 3742 und von seiner Mutter und von seinen Freunden und von einem Zimmer und
703 3698 3491 3884 vom Frühling und von der Stadt und von allen, von allem, was so mit dazu
707 3833 3443 4045 gehört hat zu seinem Leben und was er grade so hat verlassen muessen
721 4045 3352 4230 wie mich.. Von allem hat er mit Ihnen gesprochen und..auch volumir.
707 4176 2234 4362 Theodor:Er hat Sie gewiss lieb gehabt.
714 4369 3545 4526 Christine:Lieb.-Er? Ich bin ihm nichts gewesen als ein Zeitvertreib - und
