4408 5544
3302 256 3472 483 1:1
2028 461 2202 598 -8-
910 665 3810 836 seins und der Unzulänglichkeit unserer Sinne, auch schon unend-
899 791 3855 977 lich und geheimnisvoll genug erscheint." Spricht so ein platter
906 973 3654 1159 materialist und Gottesleugner? Gewiss nicht. Wohl aber ein
899 1136 3807 1289 Mann, der an die Wahrheit glaubt. Auch das ist Glaube und viel-
902 1266 3885 1463 leicht der sittlichste Teil jedes Glaubens, jeder Religion. Wenn
917 1422 3729 1589 also, wie die Priester sagen, Gott die Wahrheit ist, dann waren
917 1556 3665 1764 auch die philosophischen Bemühungen Arthur Schnitzlers, des
906 1727 3814 1950 Künstlers wie des Denkers und des Menschen, der beide zusammen-
917 1916 3725 2091 fasst, auf Gott gerichtet. Dann lebte, dann dichtete,dann ruht
906 2072 1537 2239 er "in Gott".
