4408 5544
381 358 4033 584 damals unseren Zorn, unsere Erbitterung unsere Verzweiflung ins Gesicht
386 480 4038 673 geschrien, statt die Gefassten und Überlegenen zu zu spielen, dann wären
391 555 3934 739 wir wahr gewesen, Amadeus,-und wir waren es nicht.“ Amadous erwiedert:
391 635 3901 791 "Gut denn-wir waren es nicht. Und wenn wir es gewesen wären?" Jawohl
405 682 4038 889 wenn sie wahr gewesen wären, wäre die gegenseitige Untreue damit aus der
400 767 4085 979 Welt geschafft gewesen? Wäre nicht vielmehr der Riss viel einschneidender
391 927 1624 1087 und unheilbarer gewesen?
805 932 3991 1115 Schonung lassen diese Menschen walten. Sie sind hochkultiviert,
400 1017 4052 1210 können den Anderen nichts Unangenehmes sagen und arbeiten mit Anspielun¬
409 1144 2226 1313 gen. Auch das ist wiederum Dämpfung.
814 1130 4000 1337 Die Gestalten des „Zwischenspiels“ kennen sich wohl, wissen von
409 1242 4014 1440 ihrer Unfähigkeit zu liebendem Beharren, und dieses Bewusstsein umflort
409 1322 3920 1506 die Handlung von Anbeginn mit dem melancholischen Schmelz vorgeahnten
424 1370 4057 1577 Endes. Die geschlechtliche Untreue ist keine Schuld, nur eine unlengbare
428 1468 4061 1661 Tatsache. Hier klingt erstmals das so beliebte Todesmotiv nicht auf, ist
424 1511 4193 1751 erstmals ganz reine Dämpfung zu finden; denn die Spannweite der Gegensätze,
424 1642 4080 1826 aus denen die Tragik erwächst, ist so gering, dass aus ihr keinerlei Be-
428 1675 4174 1897 wegtheit entstehenk kann. Der Tod der Cäcilie oder des Amadeus könnte nie-
419 1854 1741 1977 mals rein tragisch wikken.
772 1826 4170 2033 Nunmehr stossen wir ins Letzte, Ursprünglichste, Tiefste vor. Viel¬
424 1953 4156 2132 leicht ist es ein Paradoxon, den „Anatol“ (also das erste Werk Schnitzlers)
438 2024 4019 2207 an letzter Stelle zu erwähnen. Gleichwohl gebietet das der stufenartige
438 2057 4217 2273 Aufbau vom Allgemeinen zum Besonderen, wie er in dieser Arbeit geboten ist.
433 2160 4014 2363 Denn der "Anatol" vereinigt alle Momente, die für uns Dämpfung bedeuten,
447 2235 4170 2428 in sich. “In sieben dramatisierten Gesprächen unterhalten sich zwei frivole
438 2320 4179 2504 Freunde über Beziehungen zu Frauenen, der eine nur reflektierend, spöttisch
428 2410 4076 2584 und innerlich unbeteiligt, der andere aber interessiert und miterlebend.
438 2475 4090 2673 Letzterer ist Anatol, der verwöhnte, blasierte Dichter, frühgereift und
447 2546 4217 2744 zart und traurig", schmetterlingsartig von einer zur anderen Blume gaukelnd
447 2631 4174 2814 alle Reize der Erotik in den verschiedensten Kreisen auskostend, mit einer
457 2711 4033 2894 perversen Vorliebe für das Anormale, wenn es nur pikant ist: „Ich fühle,
457 2805 4217 2984 wieviel mir verloren ginge, wenn ich mich eines schönen Tages stark "fände."
471 2871 4033 3040 ...Es gibt so viele Krankheiten und nur eine Gesundheit!-Man muss immer
457 2951 3963 3120 genau so gesund sein wie die andern - man kann aber ganz, ganz anders
438 3068 1873 3224 krank sein wie jeder andere.
866 3045 4179 3252 Anatol ist, wie Marcus sagt, ein „Schlachtenbummler der Gefühle“.
452 3163 4151 3351 Er ist gleichsam bei seinen eigenen Gefühlen zu Gast als heiterer Melan-
471 3243 4156 3436 choliker und Lebensgeniesser. Schnitzler zeigt die Spannung zwischen die-
471 3332 4109 3497 sen beiden Elementen nicht auf. Eine müde Handbewegung Anatols gibt Auf-
461 3388 4189 3577 schluss über das lässige Zusammenschieben der Gegensätze. Diese müde Hand¬
471 3497 4193 3647 bewegung Anatols sagt : Es ist eben beides da, Genussucht und Melancholie.
461 3558 4109 3723 Ironisch und selbstironisch betonte Melancholie bedeutet es, wenn Anatol
471 3629 4165 3821 in der Frage an das Schicksal“ darauf verzichtet, von der hypnotisch Ein¬
475 3727 3949 3897 geschläferten die Worte zu hören,die ihm Gewissheit bringen mussten.
475 3798 4217 3963 Schnitzler flieht hier vor der Sentimentalität. Anatol grübelt gerne darü-
480 3883 4061 4047 ber nach, ob ihm die Weiber treu sind, geht aber der Gewissheit darüber
480 3949 4156 4113 aus dem Wege. Er pendelt zwischen dem „süssen Mädel“ und der „bösen Mondäne
461 4033 4156 4212 hin und her, bindet sich aber nirgends. Das schönste an der Liebe ist für
480 4061 4264 4273 inn die Erinnerung. Was andern Spiel ist, bedeutet für ihn Ernst, Wirklich-
471 4198 4076 4349 keit wird bei ihm zum Traum. Der Mensch des Schnitzler, schreibt Bahr
475 4273 4076 4419 in den Studien (1894), ist der österreichiche Lebemann. Nichtder grosse
475 4325 4170 4494 Viveur und Lebemann, der international ist und dem Pariser Muster folgt,
475 4414 4085 4589 sondern die wienerisch bürgerliche Ausgabe zu 500 Gulden monatlich, mit
475 4494 4151 4669 dem Gefolge jener gemütlichen Häiblichkeit, die auf dem Wege von der Gri
489 4579 4240 4734 sette zur Kokotte ist.“ Nur ein Lebejüngling konnte diesen „Anatol“schrei¬
494 4664 4094 4819 ben. Das süsse Mädel“ darin ähnelt der Mizi in der Liebeler“, hat aber
475 4730 4043 4899 niemals die edlen Züge einer Christine indem gleichen Stück. Es ähnelt
475 4777 4217 4975 mehr dem „süssen Mädel“ im „Reigen“, jenen zehn Dialogen über die niedrig¬
