4456 5640
1859 303 2139 499 V. P. F.
2339 319 2822 526 Porin läänissä Hj.
2039 549 2212 657 -2-
941 660 4032 906 da war, diese Jugend, und ihn jemand an seine Prophezeiung erinner-
941 910 3875 1087 te, fügte er persimistisch hinzu: "Nun ja, weniger Geist hat sie
929 1087 2888 1271 ka ja wirklich. Nur die Haltung fehlt...“
1405 1229 3959 1390 Wie Schnitzler als Künstler über die Philosophie dach-
933 1405 3878 1532 te, mag aus einem kleinen Erlebnis erhellen. Vor zwanzig Jahren
952 1513 3832 1667 verbrachten wir beide unseren Sommer in Seis am Schlern, einem
945 1640 3955 1832 reizenden Gebirgsort des damals noch österreichischen Süd-Tirol.
945 1862 3813 2008 Schnitzler wohnte im "Seiser Hof", ich unweit im Hotel Salegg.
933 1962 3706 2147 Tag süber arbeitete er, aber gegen Abend durfte ich mich ihm
937 2135 3951 2308 manchmal auf einem Spaziergang gesellen. Dabei fesselte uns ein-
941 2319 3740 2442 mal im Vorübergehen ein ländliches Kugelspiel, wie man es in
952 2450 3813 2650 Tirol und wohl auch anderwärts auf dem Lande spielt. An einer
933 2623 3713 2780 Holzsäule ist eine Zielscheibe angebracht, die genau wie die
933 2772 3779 2926 Scheibe eines Schiessstandes einen schwarzen Mittelpunkt und
933 2915 3974 3080 dann ein paar konzentrische, mit Zahlen versehene Kreise aufweist,
933 3080 3698 3252 Die Scheibe befand sich jedoch nicht in Augenhöhe wie beim
933 3233 3821 3398 Scheibenschiessen, sondern ganz nah vom Boden, und vor ihr hing
972 3402 3809 3594 an einem meterlangen Faden eine hölzerne Kugel von der Grösse
941 3567 3759 3736 und dem Gewicht einer Kegelkugel herunter, an der eid langer,
922 3732 3817 3855 spitzer Nagel derart befestigt war, dass, wenn man die Kugel am
929 3890 3813 4028 gestrafften Faden hob und dann losliess, der Nagel sich in die
929 4024 3944 4193 hölzerne Scheibe einbohrte und zwar je nach der Geschicklichkeit
922 4205 3848 4332 des Schützen ins Schwarze oder in einem der Ringe, die es umga-
933 4324 3898 4462 ben. Schnitzler, den jedes Spiel interessierte - wahrscheinlich,
922 4431 3921 4616 weil er, wie jeder wahre Künstler, ein Stück Kind war - versuchte
910 4589 3759 4788 sofort sein Glück. Er hob die Kugel und liess sie eilig los;
918 4773 3744 4961 der Spitze Nagel fuhr an der hölzernen Scheibe glatt vorbei.
