4248 5384
1918 252 2136 409 -15-
611 317 802 558 11
814 776 3768 955 "Wir spielen immer, wer es weiss, ist klug.“ Die leichtsinnige,
802 917 3726 1146 Mokette, frivole Gräfin Faustina wendet sich aus lauter Lange-
814 1047 3645 1242 weile den Tröstungen der Religion zu, ihre Freundin Manuela,
822 1208 3733 1452 eine schlichterne Jungfrau, spielt sich als glühendes, feuriges
814 1395 3680 1590 Wesen auf, um ihren geliebten Raphael eifersüchtig zu machen.
810 1525 3600 1700 Amandus Norbert, ein lebensmüder, melancholischer Jüngling,
814 1689 3707 1884 gibt sich als lebenslustigen, genussfrohen Mann, während sein
810 1815 3619 2002 Freund Nenedict Romuald, der frühere Lebemann und Roué, zum
833 1999 3630 2163 Philosophen und Menschenverächter geworden ist. Kaphael und
825 2140 3798 2365 Leonhard, die in Wirklichkeit innig befreundet sind, gelten als
825 2300 3695 2476 Todfeinde vor der Welt, weil sie sich vor avht Jahren um ein
822 2453 3867 2629 fünfzehnjähriges Mädchen gestritten hatten. Ambrosius Feuer und
844 2598 3901 2793 Albinus Luft sind durch ihre Min Bivalität um die Liebe Faustinas
844 2774 3768 2931 verfeindet, aber sie fahren fort, von der Welt unzertrennliche
833 2912 3730 3095 Freunde zu sein. Die ganze Situation wird von Benedict in die
848 3080 3714 3221 Worte gefasst: "Es ist eine wahre Sucht in die Welt gefahren,
841 3229 3787 3447 Komödie zu spielen. Man sieht zu und unterhält sich. Die einen
852 3374 3852 3535 lassen sich betrügen und halten die Komödie für wahr - was tut'
848 3561 3921 3707 Ihnen auch - die anderen lassen sich nicht betrügen und amüsieren
844 3688 3871 3856 sich. So ist ihnen beiden wohl... Es ist der Mühe wert, sich die
848 3863 1750 4024 Komödie anzusehen.
1108 3966 3829 4158 Jnter den Personen befindet sich auch ein Ehepaar Macarius
860 4123 3672 4318 und Genovefa Rastlos. Sie sind unruhigen Geistes und finden
848 4314 3879 4501 nirgends einen Ort, der sie dauernd festhalten könnte. Auf einer
837 4448 3840 4628 Reise begriffen können sieß es nur zwei Tage lang am Rhein aus-
848 4620 3737 4784 halten, am dritten nahen sie sich der Hauptstadt Frankreichs
867 4731 3905 4941 und am Tage darauf sind sie schon nach Petersburg unterwegs. In
