4184 5320
1907 195 2624 440 -13-
3003 226 3183 452 10
1229 207 1409 471 xx
709 724 3742 946 lebenslustigen, galanten Frauen lieber sind als diesen anständi-
724 965 3631 1115 gen Damen hier.... Jene wollen mich für eine Nacht.... die da
724 1095 3757 1222 wollen mich gleich für’s ganze Leben.“ Dies mutet gewissermassen
735 1210 3692 1409 als eine Vorarbeit zu "Weihnachtseinkäufe," einer der gelungen-
732 1406 3696 1574 sten "Anstol“ Szenen, an, wo Gabriele, eine verheiratete Frau,
724 1532 3608 1689 auch nicht den Mut besitzt, sich ihrem natürlichen Gefühl für
732 1670 3619 1850 Anatol hinzugeben, und wo der letztere dann von ihr zu seinem
732 1846 1609 2076 süssen Mädel geht.
965 1938 3646 2156 Ganz im Minklang mit der oben erwähnten wegwerfenden Ein-
720 2152 3497 2321 stellung zur Ehe kommt auch schon in einem frühen Plan und
732 2332 3661 2493 Pragment eheliche Untreue vor. In “Die Paulwürfe“ (1883) lisst
774 2482 3700 2650 sich die Frau eines reichen Kaufmanns, der viel Verstand, aber
724 2647 3673 2792 keinen Geist hat, von einem vierzigjährigen Hagestolz und Roué
724 2773 3803 2984 verführen, denn letzterer hat "so viel Geist. Die Freiheit seines
724 2949 3803 3102 Lebens hat ihm so viel Freiheit der Manieren, der Bewegungen, der
724 3125 3577 3290 Gedanken gegeben.“ Und sie rechtfertigt ihr Benehmen mit den
720 3240 3631 3455 Worten: "Es ist so lächerlich, sich durch die Ehe gebunden zu
724 3413 1183 3543 glauben."
969 3470 3562 3738 Beiläufig sei erwähnt, dass sich unter den Personen des
732 3696 3619 3891 Stückes ein Dr. Paul vorfindet, der direkt als "der Chor" be-
732 3872 3428 4006 zeichnet wird, und der genau so handelt und redet wie der
724 3991 2581 4205 Kaisonneur, der später so oft vorkommt.
954 4186 3612 4347 Noch ein anderes später sehr beliebtes Motiv, worauf wir
724 4324 3596 4512 schon bei dem Gedichte "Prosektor" aufmerksam machten, findet
720 4496 3616 4676 sich in diesem Plan. Am Schluss gibt es einen Aufstand in der
720 4646 3589 4810 Fabrik des Kaufmanns, wobei dieselbe in Flammen aufgeht. Die
709 4738 3696 4971 Frau ist bei ihrem Liebhaber und die Flammen machen sie rasend.
