4344 5464
666 337 837 474 1 1
1992 311 2151 518 -7-
978 855 1477 1036 ben wurde:
1206 902 3252 1126 Beträchtlich stört mein junges Liebesglück,
1228 1068 3205 1202 Dass dich ein andrer hat vor mir besessen,
1235 1126 3107 1286 Ich kann es leider nimmermehr vergessen,
1220 1213 2969 1398 Auf Jenem andern glühte dieser Blick.
1235 1304 3274 1510 Und wenn du deinen süssen Leib allnächtlich
1238 1427 3259 1572 In wilden Liebesseufzern schmieget an mich,
1246 1532 3082 1659 Denk ick, auch jener hörte die wie ich,
1253 1582 3643 1742 Und du begreifst mein Kind, das stört beträchtlich.
996 1680 3683 1937 Man kann die Sache natürlich auch anders auffassen. Wenn
1018 1861 3784 2086 man nicht geände selbst das Opfer der Untreue ist, sondern
1025 2006 3936 2231 ein anderer dafür büssen muss, kann es sogar sehr lustig sein.
1036 2158 3697 2376 So entstand schon im April 1884 ein Gedicht, das einfach
1072 2274 3563 2528 "Gisela" betitelt ist und wovon die eine Strophe dann
1057 2390 3846 2734 später in "Episode", der dritten Anatel-Szene, so glücklich
1057 2705 1832 2864 verwendet wurde:
1300 2788 2955 2977 Um mir die böse Laune wegzufächeln,
1293 2864 3190 3045 Denk ich an deinen Bräutigam, mein Kind.
1318 2930 3422 3125 Dann vielgeliebtes Mädchen, muss ich lächeln,
1300 3060 3303 3241 Weil's Dinge gibt, die gar zu lustig sind.
1300 3161 3911 3408 Schliesslich sei noch erwähnt, dass Schnitzler im Alter
1079 3266 3781 3531 von vierzehn Jahren, wahrscheinlich nach dem Vorbilde der
1108 3458 3835 3672 "Jobsiade," dem bekannten komischen Heldengedicht von Karl
1086 3574 3741 3849 Arnold Kortum, eine "Mayeriade" verfasst hat mit dem be-
1086 3835 2017 4012 schreibenden Titel:
1843 3969 2510 4103 Die Mayeriade
1445 4034 2915 4226 Ein ungemein rührendes Fragment
1814 4143 2611 4288 in 10 Singsängen
1872 4215 2651 4338 od. 166 Strophen
1879 4298 2571 4422 od. 664 Zeilen
1369 4353 3176 4541 geschrieben und gedichtet zur Erbauung
1506 4440 2995 4595 aller Jünglinge und Jungfrauen,
1506 4545 2930 4657 insonderheit der akademischen
1702 4599 2698 4751 Schuljugendonediziert
2184 4700 2354 4787 von
1850 4737 2669 4903 Arthur Schnitzler
1561 4787 2861 4986 vom 6. Juni bis 20. Oktober
2129 4914 2365 5052 1876
