4280 5352
620 549 3367 739 den Vorhang aufgehen, wenn es anfangt amuesant zu werden, und lasse ihn
642 732 2726 911 fallen in dem Augenblick wo ich recht behalten habe“.
638 900 3471 1072 Aus der grossen Aizahl der Schnitzlerschen Werke kann ich nur einzI-
638 1058 3396 1234 ges anführen, in welchem der Tod als aus dem Konflikt heraus enstandene
642 1169 3436 1391 Notwendigkeit empfunden wird : "Freiwild". Inden uebrigen Stuecken ist er
649 1377 3432 1553 eben eine Moeglichkeit, allerdings eine begruendete, nicht unwahrschein-
667 1503 3418 1657 liche Moeglichkeit. Selbst in "Liebelei" und in "Vermächtniss" habe ich
653 1671 3500 1865 das Gefuehl, als ob Schnitzler die Frage, was denn die beiden verlassenen
671 1786 3418 1980 Menschen nun anfangen werden, ob sie wirklich in den Tod gegangen sind,
667 1944 3393 2148 offen gelassen hat. In „Liebelei“ waere es ganz unnatürlich, dass sich
678 2098 3561 2306 die ueber ihr Verlassenwerden empoerte, ihren Schmerz analysierende Chris-
696 2241 3471 2453 tüne, sich eines als unwert erkannten geliebten wegen umbringen sollte.
685 2424 3504 2586 Im "Vermachtniss" ist es moeglich, dass Toni in den Tod geht,es ist ge-
689 2571 3475 2754 rade so gut moeglich, dass sie- und das mag noch tragischer sein- weiter-
678 2761 3446 2905 lebt, durch das Leben zu Grundigernftet wird, dem sie nun preisgegeben
703 2873 3468 3048 ist. Im "Schleier der Beatrice" wird Beatrice von ihrem Bruder niederge-
685 3073 3418 3246 stochen. Die Idee des Stueckes wuerde nun keinesfalls darunter leiden,
696 3217 3457 3353 wenn sie leben bliebe. Immerh'n erscheint es Hausibel, dass ein Bruder
706 3328 3468 3529 seine zur Dirne gewordene Schwester erstechen sollte. Sala im "Einsamen
703 3500 3468 3676 Weg "stirbt an einem Herzleiden und Johanna, seine Geliebte, stirbt mit
706 3662 3493 3848 ihm. Dass sie stirbt wird aber keineswegs so betont als der Gedanke, dass
714 3798 3497 3988 Menschen jahrelang nebeneinander hergehen und schliesslich von einander
714 3941 3418 4135 gehen koennen, ohne sich je gekannt zu haben. IM "Medardus" ist der Tod
728 4149 3482 4286 wohl im Charakter des Helden begründet wie seine ganze Handlungsweise;
721 4228 3558 4461 auch die Art seines Todes liegt ganz und gar im Bereich der Moeglichkei-
