4200 5336
572 552 3571 750 Verstand zurückgeschoben; was etwa vom Gefühl durchschlüpft, ist so schwach,
568 713 3659 971 dass es Sentimentalität zu nennen ist. So laesst es sich auch erklären, dass die
572 895 3784 1068 Schnitzlerschen Menschen gerne aus sich heraustreten, dass sie räsonnderen und die
572 1024 3808 1257 beabsichtigte Wirkung, die ohnehin - und wiederum aus dem angegebenen Grund- durch
580 1124 3724 1398 wenig sinnliche Mittel, mehr durch Wortkunst als durch Handlung vermittelt wird,
572 1358 3655 1584 noch verstandestassiger und selbst tendenzices erscheinen lassen. Der Kuenstler
592 1443 3800 1741 Schnitzler hat besonders nach dieser Seite hin an seiner Kunst gearbeitet, wie
584 1608 3635 1866 der Mensch daran gearbeitet hat, dass aus seiner Sentimentaldat "Grimmund Zorn
592 1801 3591 1987 werde", wie es Leo in dem Roman "Der Weg ins Freie" ausdrückt. Die Arbeit des
584 1914 3587 2136 Kunstlers ist vor allem dem Dialog zu Gute gekommen, der in einer Anzahl der
600 2039 3700 2325 späteren Werke und ganz besonders in dem letzten der in die Sammlausgabe aufge-
592 2285 3708 2470 genommenen ("Das weite Land") von jeder Harte der Dialektik befreit erscheint.
600 2434 3744 2611 Schon durch seinen kunstlerischen Ernst, das stete Streben nicht nur nach Kunst-
596 2595 3784 2777 vervollkommnung, sondern auch nach Menschvervollekommung, tritt mir Schnitzler als
609 2716 3796 2990 eine sympathische Dichtefnatur gegenueber, der nacher zu kommen ein Stueck meiner
604 2910 1785 3139 zukünftigen Arbeit sein wird.
609 4147 2740 4364 Ges. Werke. Erzahlende Schriften, Bd. III, Seite 223.
