4296 5400
2268 372 2441 615 xx
685 545 2639 806 Eros und Thomas gegen und nebeneinander stellt."
688 780 3453 931 Nach Rudolf Lothar ist der pramatiker Arthur Schnitzler vor allem Lyri-
685 920 3431 1101 ker.“ Seine lyrische Kraft-Kraft der Empfindung, Tiefe des Gefuehls-“ so
699 1082 3519 1252 fachrt Lothar weiter,“ hebt ihn hoch ueber die Gruppe der Jungwiener, do
688 1204 3424 1406 er sozusagen gesellschaftlich in seinen Anfaengen angehoerte. Das Heim-
696 1399 3405 1550 liche und Liebliche, die sanfte und schwermuetige Passivitaet, die ver-
714 1550 3372 1723 traumte Resignation, die die eigene Poesie der Wienerstadt ausmacht,
707 1671 3442 1859 fand in ihm ihren Dichter.Ein sentimentales Sichgehenlassen kennzeich-
703 1852 3486 2025 net unser Volkslied.wrotz und Auflehnung, Sturm und Drang sind dem ech-
707 2028 3449 2165 ten Wiener Volkssaenger fremd. Und so vermissen wir auch bei Schnitzler
707 2117 3490 2349 Bewegung und Kampf, Verschlingung und Entwirkung der Ereignisse, mit ei-
722 2352 1476 2485 nem Worte die Tat.“
722 2470 3486 2621 Der gleiche Gedanke findet sich fast woertlich genau in Eduard Engels
707 2650 2076 2794 literaturgeschichte ausgedrueckt.
648 2790 3604 2978 Das Schnitzler zum Dramatiker grossen Zuges mangelt, ist -Kraft.Hofmanns -
736 2923 3574 3103 thal hat in einem Vorwort zu Schnitzlers Anatel des preundes Art getrof¬
722 3103 1973 3265 fen: „Also spielen wir Theater,
957 3236 2128 3390 Spielen unsre signen Stuecke,
972 3424 2345 3582 Frue gereift und zart und traurig,
976 3586 2036 3725 Die Komondie unsrer Seele.“
714 3711 3549 3902 „Mit seiner Zartheit und sanften Trauer eignet sich Schnitzler im Grunde
744 3803 3070 4049 doch mehr fuer die laise Novelle als fuer das laute prama."
744 4005 3420 4163 Zu Schnitzlers erstem Fuenfakter "Der Schleier der Beatrice" bemerkt
751 4152 2297 4314 Rudolf Lothar, Das moderne Drama, Seite
762 4270 3044 4418 Eduard Engel, Geschichte der deutschen Literatur, Seite II 27
