4344 5432
2008 370 2202 542 -5-
1219 743 3431 1004 Ahnliche Gedanken finden sich in einem Gedicht
1064 919 3688 1134 Prosektor" aus dem Jahre 1880, angeregt durch seinema-
1014 1095 3628 1332 tomischen Studien im ersten Universitätsjahr. Ausserdem
1022 1258 3498 1462 begegnet man hier auch schon dem später so beliebten
1036 1384 3780 1599 Notiv, allerdings noch nicht so ausgeprägt, dass gerade im
1036 1518 3695 1772 Angesicht des Todes die moralischen Schranken fallen und
1029 1673 3628 1955 die Menschen sich hemmungslos wilden Genüssen hingeben,
1046 1842 3748 2043 wie es dann später im "Schleier der Beatrice" und im "Ruf
1039 2036 2991 2251 des Lebens" so eindeutig ausgeführt wird.
2649 2166 3040 2290 ....,..
1983 2209 2247 2318 ====  =====
1444 2251 1613 2332 -- —
1300 2258 3508 2406 Will spielen und trinken und küssen heut Nacht,
1293 2350 2695 2501 Da der Mensch nur einmal lebt,
1310 2434 2941 2571 Die Zeit ist doch keinem allzufern,
1307 2519 2825 2677 Da man ihn in den Staub begräbt.
1310 2596 3713 2822 im selben Jahre verfasste der junge Stedtat ein Ge-
1081 2762 3611 2998 dicht, in dem er sich auf humoristische Weise mit dem
1081 2927 3783 3156 Problem der Ehe abgibt. Er findet es sonderbar, dass Herr
1095 3050 3931 3272 von Hosenblümel immer Rosa als seine Frau vorstellt, während
1074 3248 3741 3452 keiner der anderen Herren das tut, die doch alle von der
1092 3410 3766 3614 schönen Rosa begünstigt werden oder wurden. Schliesslich
1092 3607 2209 3780 geht ihm ein Licht auf:
1353 3723 2779 3871 Und wenn zwei mitsammen stehen
1363 3847 2568 3945 Vor dem würdigen Rabbiner,
1360 3892 2691 4023 Oder auch vor einem Pfaffen,
1353 3995 2586 4125 Wohlgezählte vier Minuten,
1349 3995 2825 4181 Heisset dies in unsrer Sprache:
1360 4150 2825 4262 Diese zwei sind jetzt vermählt.
1367 4216 2554 4333 Darum ist die schöne kosa
1370 4248 2888 4421 Nicht auch dieses Fühlmanns Frau
1363 4361 2737 4481 Mit dem wohlgepflegten Barte,
1367 4456 2906 4586 Und des Länglich mit den Locken,
1384 4523 2688 4643 Und des Neier mit dem Gelde,
1377 4579 3019 4724 Und des Fink und Weiss und Baumann,
1384 4681 2663 4819 Sondern nur des Rosenblümel
1374 4787 2645 4956 Frau ist diese schöne kosa.
