4280 5352
1585 561 2480 762 Loesung des Konflikts.
683 697 3486 924 Die zum Schlüsse von wapitel Illangeführten Citate geben den Schluessel
690 895 3490 1046 ab fuer das vorliegende Kapitelisie erklaeren aüch das Uebergewicht der
697 1035 3450 1211 aus dem verstand heraus enstandenen Komoedien und Tragikomoedien ueber
708 1190 3490 1409 die Tragoedien unter Schnitzlers Werken. Sie erklaeren auch wie der Tod,
701 1362 3364 1513 nach Eduard Engel der "hoechste Trumpf des Lebens wie des Dramas" in
708 1488 3418 1668 Schnitzlers Stuecken als Hanswurst auftreten kann. In dem Einakter "Zum
708 1664 3392 1826 grossen Wurstel“ tritt der Tod auch tatsächlich in dieser Rolle auf.
708 1844 3432 1991 Nicht das Ende,nicht die Vernichtung, nicht die Tat, nichts der Tod, ist
708 1966 3579 2124 das Bedeutende,der Trumpf der Schnitzlerschen Stuecke, sondern das Leben,
701 2145 3468 2264 der Prozess, die Episode meinetwegen.Die Loesung des Konflikts braucht
719 2300 3543 2487 deshalb auch nicht notwendigerweise im Tode zu suchen zu sein,ja, es ist
701 2397 3490 2573 eine Frage,ob der Tod ueberhaupt eine einwandfreie Loesung eines drama-
701 2620 3472 2760 tischen Konflikte ist. Fuer Schnitzler ist der Tod eben ein Geschehniss
701 2760 3508 2897 wie jedes andere, ein Studium im grossen Lebensprozess, das noch den Vor-
701 2864 3540 3048 zug hat auch einen wertvollen Stimmungsgehalt aufzuweisen. Es bleibt sich
701 3051 3436 3206 im Grunde ganz gleich wo der Vorhang aufgeht und wo er faellt, solange
719 3224 3472 3357 das Geschaute nur interessant ist und eine kuenstlerische Einheit dar-
719 3321 3608 3525 stellt. Wie es Albertus im „Zwischenspiel“ - man beachte den charakteristis
719 3525 1919 3673 symbolischen Titel- ausdrückt:
730 3640 3551 3809 "Mein Lieber, was diese lächerliche Wirklichkeit mit euch vorhat, die sich
701 3842 3446 3993 ohne Regie und Souffleur behelfen muss- diese Wirklichkeit, in der es
704 3978 3508 4151 manchmal nicht zum fünften Akt kommt, weil dem meld selon im zweiten ein
665 4169 3554 4291 Ziegelstein auf den Kopf fallt- das interessiert mich gar nicht. Ich lass
679 4255 1754 4417 Lea. Werke, Sand III, geite
