4248 5368
1767 558 2400 772 III Entwicklung
672 772 3519 916 Es liegt in der Natur des Thomas und der in Betracht stehenden Werke, das
690 955 3480 1084 manches unter dies Kapitel Gehoerige bereits im vorangegangenen erwähnt
697 1116 3483 1216 wurde. Wie bereits gesagt, arbeiten die Stuecke der ersten Periode direkt
683 1252 3419 1445 auf den Konflikt los, in verhältnismäßig kurzer Zeit und ohne grossen
690 1398 3530 1531 Aufwand von Personen oder andrer technischer Mittel. Im “Maerchen“ bildet
701 1574 3487 1731 das Thema von den Gefallenen den bleibenden Gegenstand aller Erlebnisse
697 1692 3523 1856 und Eroerterungen bis zum Schluss. In „Liebelei“ ist alles von Beginn auf
701 1867 3573 2024 Abschiednehmen und Sterben gestimmt und diese Stimmung wird aufrecht er-
697 2021 3505 2214 halten bis zum letzten Akt. In "Freiwild" ist die Stimmung auf Kampf ge-
701 2192 3530 2339 stellt und mit einem Revolverschuss wird das Zeichen zum Niedergehen des
708 2357 3430 2453 Vorhangs gegeben. Im "Vermächtniss" wird der im ersten Akt eingeleitete
708 2496 3544 2636 Kampf zwischen Toni und der korrekten Welt im zweiten Akt auf die Spitze
715 2632 3473 2779 getrieben und findet mit dem dritten den vorausgesehenen Abschluss. Die
708 2829 3462 2961 späteren Stucke wirken in ihrer totalitaet, erst von der woche des zu-
726 2950 3422 3101 rückgelegten Wegs.Erst am Schluske werden die Zusammenhänge klar, wird
715 3090 3344 3226 das wa's als Zufall erschienen als Absicht erkannt und was als Uber-
708 3272 3430 3376 raschung hervortritt als lange unter der Oberflaeche schlummernde und
715 3358 3469 3573 wohl begründete Notwendigkeit verstandlich. Es sind Stuecke in denen uns
715 3576 3505 3698 der Dichter durch ein weites Land führt, ohne dass wir recht wissen, wo-
708 3744 3430 3884 hin der Weg führt und wo er enden wird. Wie sagt doch Aigner im "Weiten
701 3902 983 4016 Land“:
958 4002 3501 4152 "Warum ich sie betrogen habe? S i e fragen mich? Sollt es Ihnen
708 4134 1996 4345 Ges. Werke, Band IV, seite 372.
