4408 5528
391 344 3893 595 sitivem oder negativem Vorzeichen, himmlisch oder höllisch wirkend, göttlich
395 609 4014 744 oder teuflisch - und dieser notwendige Qualismus wird sich auch in dem Schema
391 712 3921 870 darstellen; jeder Typus wird seinen Gegentypus, das Dreieck sein Spiegelbild
391 879 3898 1060 bekommen, Oben und Unten Sinn gewinnen: das obere Dreieck regt in das Reich
405 1033 3935 1242 des Lichts, weist zu Gott, das untere taucht in das Reich der Nacht, we ist zu
377 1205 702 1405 Satan.
581 1335 3893 1521 So ist schliesslich der gesamte Bereich menschlichen Geisteswirkens in
391 1507 4042 1674 zwei parallelen Diogrammen schematisch dargestellt, deren jedes aus zwei gegen-
395 1670 4009 1823 ständigen, durch eine unüberschreitbare Linie getrennten Dreiecken besteht. Auf
405 1763 4051 1972 jedem dieser vier Dreiecke erscheinen die Urtypen in anderer Gestalt; die Typen
405 1954 4051 2126 des oberen Dreiecke sind die Wahren, Fruchtbaren, Lichtbringer, menschen, von Gott
395 2126 4093 2279 gesegnet - die Typen der unteren Dreiecke die Lügenhaften,Zerstörenden, Finster-
391 2256 3981 2386 linge, Un-Menschen, von Satan besessen.- Und was soll damit für die Erkenntnis
386 2381 4061 2554 getan sein? Ist es nicht eine geometrische Spielerei ohne weiteren Erkenntnis-
386 2586 4042 2758 gehalt? Ueberhebung des begrifflichen Denkens ist es, die zu solcher Frage ver-
386 2702 4126 2907 leitet. Schon der Versuch anschaulicher Typenbildung im Menschlichen ist frucht-
391 2902 3921 3056 bar und dankenswert. Wir haben zwar einige Jahrhunderte moderner Paychologie
381 3033 4033 3223 hinter uns, aber vom lebenden Menschen, vom Wirken der Seele, des Geistes in und
391 3177 4084 3363 aus ihm wissen wir noch recht wenig. Ratlos steht unser Denken vor einer unfass.
400 3363 3935 3535 baren Vielfältigkeit,die es nicht ordnend zu müberschauen vermag.Ordnung zu
395 3488 3963 3656 schaffen in dieser ungeordneten Fülle durch Feststellung weniger überall zu-
386 3637 4009 3805 grunde liegender Urtypen ist xxx wohl eine erste Aufgabe des Erkennens.-Aber
386 3800 4056 3944 das Schema? Die Anordnung der Typen in einer geometrischen Figur, ist sie nicht
391 3944 3898 4107 blosses Spiel? Nein, gewiss nicht, Denn zwei gleichberechtigte Möglichkeiten
409 4135 3902 4302 sind dem Menschen gegeben, Welt und Leben erkennend sich zuzueignen: Begrift
391 4288 3949 4451 und Bild, deren jede nur innerhalb bestimmter Bereiche Genüge tut; und wo der
381 4428 4098 4605 Begriff versagen muss,vor dem Lebendigen, da ist es das Bild, in dem wir Erkennt-
381 4581 4102 4754 nis gewinnen. So haben die Alten ihr tiefes Wissen vom Lebendigen gerne in einem
395 4726 4019 4935 einfachen Bild, eignem Schema vermittelt - man denke an die primitiven Symbole
395 4921 3986 5051 antiker Weisheit, das Dreieck, den Kreis, den Würfel, deren intensives Anschauen
386 5014 3851 5233 aus Augen des Geistes tiefste Einsicht gewähren konnte - man denke an die
