4328 5704
1438 407 2721 601 Die Neue Literatur
1457 601 2702 708 bisher „Dieschöne Literatur“
571 651 3603 841 Eine literarisch- kritische Monatsschrift 1 Herausgeber: Will Vesper
1016 837 3204 997 Eduard Avenarius Verlag G. m. b. H. / Leipzig C 1, Postfach 286
1526 966 2667 1142 Fernruf: 72211 Postscheckkonto: 67292
594 1069 1206 1218 „Die Neue Literatur" hat
1632 1115 2469 1259 18. Februar 1932.
594 1195 1199 1294 sich unter Will Vespers
578 1256 1195 1358 charaktervoller Leitung zu
582 1324 1214 1423 einer richtunggebenden
597 1400 1195 1495 geistigen Macht entwickelt
594 1469 1202 1564 Die wahrhaft kritische und
597 1537 1214 1629 dennoch durchaus positiv
1343 1533 1617 1655 Herrn
594 1598 1202 1693 lebendige und keinesweg
1343 1590 2321 1731 Heinrich Schnitzler,
594 1667 1191 1762 engherzige Kritik der neu
1362 1682 2485 1788 Berlin Charlottenburg 9
613 1739 1229 1857 esten Dichtung ist hier am
1815 1773 2161 1861 ==  =============
1358 1785 1701 1872 ===  =============
677 1807 1153 1918 ehesten zu finden.
1351 1830 2215 1979 Fredericiasstr. 3
772 1883 1050 1986 „Zeitschrift
613 1941 1206 2097 für Deutschkunde" (1931
970 2173 1963 2340 Sehr geehrter Herr!
993 2306 3440 2458 Auf Grund Ihres Briefes vom 11.ds.Mts. schicke ich
1005 2371 3581 2546 Ihnen in der Anlage einen Durschlag der Bibliographie
1001 2473 3436 2606 die s. Zt. über die Werke Ihres verstorbenen Herrn
1001 2557 3417 2671 Vaters von mir gemacht wurde. Das Orginal hat Herr
985 2641 3386 2781 Professor Schinnerer, New York bekommen. Ich habe
993 2694 3581 2831 davon zwei Durehschläge gehabt. Einen Durchschlag hat
1001 2800 3611 2926 der Verlag S. Fischer durchgesehen. Den zweiten Durch¬
1005 2865 3390 2987 schlag hat Ihr Herr Vater geprüft. Der anliegende
1012 2892 4068 3082 Durchschlag ist derjenige, den der Verlag S. Fischer (voh. Korrekturen)
1012 3006 3539 3154 in Händen gehabt hat. Ich habe in diesen Durchschlag
1012 3093 3440 3230 mit Bleistift die Notizen übertragen, die Ihr Herr
1008 3219 1826 3348 Vater hinzufügte.
1001 3291 3634 3504 Eine Rücksendung der anliegenden Aufstellung bedarf es
1001 3455 1313 3581 nicht.
2005 3520 2930 3714 Ihr sehr ergebener
2397 3695 3162 3942 Meselin
666 5129 3725 5392 Jährlich im November erscheint, „Der Buchberater“ / Herausgeber: Will Vesper
