<?xml version="1.0" encoding="UTF-8" standalone="yes"?>
<PcGts xmlns="http://schema.primaresearch.org/PAGE/gts/pagecontent/2013-07-15" xmlns:xsi="http://www.w3.org/2001/XMLSchema-instance" xsi:schemaLocation="http://schema.primaresearch.org/PAGE/gts/pagecontent/2013-07-15 http://schema.primaresearch.org/PAGE/gts/pagecontent/2013-07-15/pagecontent.xsd">
    <Metadata>
        <Creator>prov=READ-COOP:name=TrHtr:version=2.1.0:model_id=51170:date=15_08_2023_13:50</Creator>
        <Created>2023-05-10T15:29:17.292+02:00</Created>
        <LastChange>2023-08-15T13:50:52.982+02:00</LastChange>
        <TranskribusMetadata docId="1429071" pageId="55436106" pageNr="80" tsid="132859161" status="IN_PROGRESS" userId="64420" imgUrl="https://files.transkribus.eu/Get?id=LABRFCMVGYJTTPKADWJALFZI&amp;fileType=view" xmlUrl="https://files.transkribus.eu/Get?id=DJHEDBJFDORQLSPPBFGNUDCW" imageId="44710096"/>
    </Metadata>
    <Page imageFilename="1429071_0080.jpg" imageWidth="4408" imageHeight="5544">
        <ReadingOrder>
            <OrderedGroup id="ro_1711798050604" caption="Regions reading order">
                <RegionRefIndexed index="0" regionRef="tr_2"/>
                <RegionRefIndexed index="1" regionRef="tr_1"/>
            </OrderedGroup>
        </ReadingOrder>
        <TextRegion id="tr_2" custom="readingOrder {index:0;}">
            <Coords points="442,493 4038,493 4038,2590 442,2590"/>
            <TextLine id="tr_2_tl_1" custom="readingOrder {index:0;}">
                <Coords points="421,591 3898,600 4003,467 426,467"/>
                <Baseline points="448,591 513,591 603,591 693,585 782,585 872,585 961,585 1051,579 1141,579 1230,579 1320,579 1409,573 1499,579 1589,567 1678,567 1768,567 1857,567 1947,567 2037,567 2126,567 2216,567 2306,561 2395,561 2485,555 2574,555 2664,555 2754,555 2843,555 2933,555 3022,555 3112,555 3202,549 3291,549 3381,549 3470,549 3560,543 3650,543 3739,543 3829,549 3919,549 4008,543"/>
                <TextEquiv>
                    <Unicode>Zahlen der Pythagoräer - aber auch die grössten Denker der neueren Zeit, Kant</Unicode>
                </TextEquiv>
            </TextLine>
            <TextLine id="tr_2_tl_2" custom="readingOrder {index:1;}">
                <Coords points="417,802 3765,751 3861,595 417,664"/>
                <Baseline points="442,740 465,740 555,740 645,740 734,740 824,740 914,734 1003,734 1093,734 1182,734 1272,728 1362,728 1451,728 1541,728 1630,728 1720,722 1810,722 1899,722 1989,722 2079,722 2168,722 2258,722 2347,716 2437,716 2527,710 2616,710 2706,710 2795,710 2885,710 2975,710 3064,704 3154,704 3243,704 3333,704 3423,698 3512,698 3602,704 3692,704 3781,704 3871,698"/>
                <TextEquiv>
                    <Unicode>und Goethe haben ihre letzten Erkenntnisse nicht anders denn als Bild, als</Unicode>
                </TextEquiv>
            </TextLine>
            <TextLine id="tr_2_tl_3" custom="readingOrder {index:2;}">
                <Coords points="426,921 3907,884 3714,724 431,802"/>
                <Baseline points="454,896 513,896 603,896 693,890 782,890 872,890 961,884 1051,890 1141,884 1230,884 1320,884 1409,884 1499,884 1589,884 1678,878 1768,878 1857,872 1947,872 2037,872 2126,872 2216,872 2306,866 2395,866 2485,866 2574,866 2664,866 2754,866 2843,866 2933,860 3022,860 3112,860 3202,860 3291,860 3381,860 3470,854 3560,854 3650,854 3739,854 3829,854 3919,860"/>
                <TextEquiv>
                    <Unicode>Schema darstellen wollen. Aber x- und hier sei ein Einwand gegen Schnitzler</Unicode>
                </TextEquiv>
            </TextLine>
            <TextLine id="tr_2_tl_4" custom="readingOrder {index:3;}">
                <Coords points="435,1081 3783,1063 3934,1030 3939,893 435,980"/>
                <Baseline points="460,1051 537,1051 627,1045 716,1045 806,1045 896,1039 985,1039 1075,1039 1164,1039 1254,1033 1344,1033 1433,1033 1523,1033 1613,1033 1702,1027 1792,1027 1881,1027 1971,1027 2061,1021 2150,1021 2240,1021 2329,1021 2419,1015 2509,1015 2598,1015 2688,1015 2777,1015 2867,1015 2957,1015 3046,1015 3136,1015 3226,1009 3315,1009 3405,1009 3494,1009 3584,1009 3674,1009 3763,1009 3853,1003 3942,1009"/>
                <TextEquiv>
                    <Unicode>gestattet - die primitiven Formen eines Schemas sollen dem Auge einen Sinn</Unicode>
                </TextEquiv>
            </TextLine>
            <TextLine id="tr_2_tl_5" custom="readingOrder {index:4;}">
                <Coords points="440,1214 3875,1218 3879,1030 444,1136"/>
                <Baseline points="465,1200 483,1200 573,1200 663,1200 752,1200 842,1200 931,1200 1021,1194 1111,1194 1200,1194 1290,1194 1380,1194 1469,1188 1559,1188 1648,1188 1738,1188 1828,1182 1917,1182 2007,1182 2096,1182 2186,1176 2276,1176 2365,1176 2455,1176 2544,1170 2634,1170 2724,1170 2813,1170 2903,1170 2993,1170 3082,1170 3172,1164 3261,1164 3351,1164 3441,1164 3530,1164 3620,1164 3709,1158 3799,1158 3889,1158"/>
                <TextEquiv>
                    <Unicode>vermitteln und wenn ich ein Dreieck sehe, dessen Spitze zu Gott weist, dann</Unicode>
                </TextEquiv>
            </TextLine>
            <TextLine id="tr_2_tl_6" custom="readingOrder {index:5;}">
                <Coords points="440,1411 3513,1397 3939,1328 3943,1218 440,1278"/>
                <Baseline points="465,1356 543,1356 633,1356 722,1356 812,1350 902,1350 991,1350 1081,1344 1170,1344 1260,1344 1350,1344 1439,1344 1529,1344 1618,1344 1708,1344 1798,1344 1887,1338 1977,1338 2067,1332 2156,1332 2246,1332 2335,1332 2425,1332 2515,1326 2604,1326 2694,1326 2783,1326 2873,1326 2963,1320 3052,1320 3142,1320 3232,1320 3321,1320 3411,1320 3500,1320 3590,1320 3680,1314 3769,1314 3859,1314 3948,1308"/>
                <TextEquiv>
                    <Unicode>soll das Aufsteigen der Seitenlinien von der Grundlinie zur Spitze ein Auf-</Unicode>
                </TextEquiv>
            </TextLine>
            <TextLine id="tr_2_tl_7" custom="readingOrder {index:6;}">
                <Coords points="440,1580 2959,1566 3916,1502 3916,1392 440,1411"/>
                <Baseline points="465,1505 519,1511 609,1511 698,1511 788,1511 878,1505 967,1499 1057,1499 1147,1499 1236,1499 1326,1499 1415,1493 1505,1493 1595,1493 1684,1493 1774,1493 1863,1493 1953,1487 2043,1487 2132,1487 2222,1487 2311,1487 2401,1487 2491,1487 2580,1487 2670,1481 2760,1481 2849,1481 2939,1481 3028,1475 3118,1475 3208,1475 3297,1475 3387,1475 3476,1469 3566,1475 3656,1469 3745,1469 3835,1469 3925,1475"/>
                <TextEquiv>
                    <Unicode>steigen zu Gott bedeuten und die Anordnung der Typen auf ihnen soll dieser</Unicode>
                </TextEquiv>
            </TextLine>
            <TextLine id="tr_2_tl_8" custom="readingOrder {index:7;}">
                <Coords points="435,1690 3916,1658 3916,1539 3412,1511 440,1589"/>
                <Baseline points="465,1660 519,1660 609,1660 698,1660 788,1660 878,1660 967,1654 1057,1654 1147,1654 1236,1654 1326,1654 1415,1654 1505,1648 1595,1648 1684,1648 1774,1648 1863,1648 1953,1648 2043,1642 2132,1642 2222,1642 2311,1636 2401,1636 2491,1636 2580,1636 2670,1636 2760,1636 2849,1630 2939,1630 3028,1630 3118,1630 3208,1630 3297,1624 3387,1630 3476,1630 3566,1624 3656,1624 3745,1624 3835,1618 3925,1618"/>
                <TextEquiv>
                    <Unicode>Bedeutung Ausdruck geben. Dem aber weicht der Autor bewusst aus, da er nicht</Unicode>
                </TextEquiv>
            </TextLine>
            <TextLine id="tr_2_tl_9" custom="readingOrder {index:8;}">
                <Coords points="440,1846 3815,1837 4008,1823 4012,1649 440,1695"/>
                <Baseline points="465,1822 519,1822 609,1816 698,1816 788,1816 878,1816 967,1810 1057,1810 1147,1810 1236,1810 1326,1810 1415,1804 1505,1804 1595,1804 1684,1804 1774,1804 1863,1798 1953,1798 2043,1798 2132,1798 2222,1792 2311,1792 2401,1792 2491,1792 2580,1792 2670,1792 2760,1786 2849,1786 2939,1786 3028,1786 3118,1786 3208,1786 3297,1786 3387,1780 3476,1780 3566,1780 3656,1780 3745,1774 3835,1780 3925,1780 4014,1780"/>
                <TextEquiv>
                    <Unicode>in den Verdacht kommen möchte, die Urtypen werten zu wollen, und er geht darin</Unicode>
                </TextEquiv>
            </TextLine>
            <TextLine id="tr_2_tl_10" custom="readingOrder {index:9;}">
                <Coords points="444,1979 3930,1983 3930,1837 3513,1805 449,1896"/>
                <Baseline points="471,1971 537,1971 627,1971 716,1971 806,1965 896,1965 985,1965 1075,1965 1164,1965 1254,1959 1344,1959 1433,1959 1523,1959 1613,1959 1702,1959 1792,1953 1881,1953 1971,1953 2061,1953 2150,1947 2240,1947 2329,1947 2419,1947 2509,1941 2598,1941 2688,1941 2777,1941 2867,1941 2957,1935 3046,1935 3136,1935 3226,1935 3315,1935 3405,1935 3494,1935 3584,1935 3674,1929 3763,1929 3853,1929 3942,1941"/>
                <TextEquiv>
                    <Unicode>vielleicht einen Schritt zu weit, da eine solche bedeutungsvolle Anordnung</Unicode>
                </TextEquiv>
            </TextLine>
            <TextLine id="tr_2_tl_11" custom="readingOrder {index:10;}">
                <Coords points="435,2148 2977,2176 3985,2116 4030,1992 435,2043"/>
                <Baseline points="460,2126 543,2126 633,2120 722,2120 812,2120 902,2120 991,2120 1081,2114 1170,2114 1260,2114 1350,2108 1439,2108 1529,2108 1618,2108 1708,2108 1798,2108 1887,2108 1977,2108 2067,2102 2156,2102 2246,2096 2335,2096 2425,2096 2515,2096 2604,2096 2694,2096 2783,2096 2873,2090 2963,2090 3052,2090 3142,2090 3232,2090 3321,2084 3411,2084 3500,2084 3590,2084 3680,2084 3769,2084 3859,2084 3948,2084 4038,2084"/>
                <TextEquiv>
                    <Unicode>nicht unbedingt als Wertung angesehen werden muss, das Schema aber erst durch</Unicode>
                </TextEquiv>
            </TextLine>
            <TextLine id="tr_2_tl_12" custom="readingOrder {index:11;}">
                <Coords points="440,2295 2102,2308 2198,2285 2198,2212 1850,2166 898,2217 824,2171 440,2221"/>
                <Baseline points="465,2276 507,2276 597,2276 687,2276 776,2276 866,2270 955,2276 1045,2270 1135,2270 1224,2264 1314,2264 1403,2264 1493,2264 1583,2264 1672,2264 1762,2258 1851,2258 1941,2258 2031,2252 2120,2252 2210,2258"/>
                <TextEquiv>
                    <Unicode>sie seinen vollen Sinn gewinnen kann.</Unicode>
                </TextEquiv>
            </TextLine>
            <TextLine id="tr_2_tl_13" custom="readingOrder {index:12;}">
                <Coords points="618,2450 3930,2455 3957,2290 618,2395"/>
                <Baseline points="645,2425 651,2425 740,2425 830,2425 920,2425 1009,2419 1099,2419 1188,2419 1278,2419 1368,2419 1457,2419 1547,2419 1636,2413 1726,2413 1816,2413 1905,2407 1995,2407 2084,2407 2174,2407 2264,2407 2353,2407 2443,2401 2533,2401 2622,2401 2712,2401 2801,2401 2891,2395 2981,2395 3070,2395 3160,2395 3249,2395 3339,2395 3429,2395 3518,2395 3608,2395 3697,2395 3787,2389 3877,2389 3966,2395"/>
                <TextEquiv>
                    <Unicode>Ausser den Bemerkungen zu den beiden Diogrammen, seinem Hauptgegenstand,</Unicode>
                </TextEquiv>
            </TextLine>
            <TextLine id="tr_2_tl_14" custom="readingOrder {index:13;}">
                <Coords points="440,2588 3824,2615 3852,2469 440,2505"/>
                <Baseline points="465,2580 549,2580 639,2580 728,2580 818,2580 908,2580 997,2580 1087,2574 1176,2574 1266,2574 1356,2574 1445,2568 1535,2568 1624,2568 1714,2568 1804,2568 1893,2562 1983,2562 2073,2562 2162,2562 2252,2556 2341,2556 2431,2556 2521,2556 2610,2556 2700,2550 2789,2550 2879,2550 2969,2550 3058,2550 3148,2550 3237,2550 3327,2550 3417,2544 3506,2544 3596,2544 3686,2544 3775,2544 3865,2544"/>
                <TextEquiv>
                    <Unicode>bringt das Buch in einem höchst interessanten „Zwischenkapitel" die Skizze</Unicode>
                </TextEquiv>
            </TextLine>
        </TextRegion>
        <TextRegion id="tr_1" custom="readingOrder {index:1;}">
            <Coords points="465,2644 4140,2644 4140,5147 465,5147"/>
            <TextLine id="tr_1_tl_1" custom="readingOrder {index:0;}">
                <Coords points="453,2762 3962,2757 3962,2615 3801,2601 458,2679"/>
                <Baseline points="483,2742 567,2736 657,2736 746,2736 836,2730 925,2730 1015,2730 1105,2730 1194,2730 1284,2730 1374,2730 1463,2724 1553,2718 1642,2724 1732,2718 1822,2718 1911,2718 2001,2718 2090,2718 2180,2718 2270,2712 2359,2712 2449,2706 2539,2706 2628,2706 2718,2706 2807,2706 2897,2706 2987,2706 3076,2706 3166,2700 3255,2700 3345,2700 3435,2700 3524,2700 3614,2700 3703,2700 3793,2694 3883,2700 3972,2700"/>
                <TextEquiv>
                    <Unicode>eines weiteren Schemas: die Persönlichkeit des Geistesmenschen. Zu dem Hori-</Unicode>
                </TextEquiv>
            </TextLine>
            <TextLine id="tr_1_tl_2" custom="readingOrder {index:1;}">
                <Coords points="435,2936 3925,2867 3925,2771 3046,2743 440,2766"/>
                <Baseline points="465,2891 531,2891 621,2891 710,2885 800,2885 890,2885 979,2885 1069,2879 1158,2879 1248,2879 1338,2879 1427,2879 1517,2879 1607,2873 1696,2873 1786,2873 1875,2873 1965,2873 2055,2873 2144,2867 2234,2867 2323,2867 2413,2867 2503,2861 2592,2861 2682,2861 2772,2861 2861,2861 2951,2861 3040,2861 3130,2855 3220,2855 3309,2855 3399,2855 3488,2855 3578,2855 3668,2849 3757,2855 3847,2849 3936,2855"/>
                <TextEquiv>
                    <Unicode>zontalschnitt durch das Reich seines Wirkens tritt ergänzend der Vertikal-</Unicode>
                </TextEquiv>
            </TextLine>
            <TextLine id="tr_1_tl_3" custom="readingOrder {index:2;}">
                <Coords points="458,3073 3811,3050 4062,2927 458,2972"/>
                <Baseline points="483,3046 489,3040 579,3046 669,3046 758,3040 848,3040 937,3040 1027,3040 1117,3040 1206,3034 1296,3034 1386,3034 1475,3034 1565,3028 1654,3028 1744,3028 1834,3028 1923,3028 2013,3028 2102,3022 2192,3022 2282,3022 2371,3022 2461,3016 2550,3016 2640,3016 2730,3016 2819,3016 2909,3016 2999,3016 3088,3016 3178,3016 3267,3016 3357,3010 3447,3010 3536,3010 3626,3010 3715,3010 3805,3010 3895,3004 3984,3004 4074,3010"/>
                <TextEquiv>
                    <Unicode>schnitt durch seine Persönlichkeit. Hier, im Individuellen, liegt das ureigenste</Unicode>
                </TextEquiv>
            </TextLine>
            <TextLine id="tr_1_tl_4" custom="readingOrder {index:3;}">
                <Coords points="449,3229 4127,3243 4127,3069 3435,3037 453,3119"/>
                <Baseline points="477,3196 555,3196 645,3196 734,3196 824,3196 914,3196 1003,3196 1093,3190 1182,3190 1272,3190 1362,3190 1451,3190 1541,3184 1630,3184 1720,3184 1810,3184 1899,3184 1989,3184 2079,3184 2168,3178 2258,3184 2347,3178 2437,3178 2527,3178 2616,3172 2706,3172 2795,3172 2885,3172 2975,3172 3064,3172 3154,3172 3243,3166 3333,3166 3423,3166 3512,3166 3602,3166 3692,3166 3781,3166 3871,3160 3960,3160 4050,3160 4140,3166"/>
                <TextEquiv>
                    <Unicode>Gebiet des Dichters, dessen Hauptsorge ja immer der ganze lebende Mensch bleibt.</Unicode>
                </TextEquiv>
            </TextLine>
            <TextLine id="tr_1_tl_5" custom="readingOrder {index:4;}">
                <Coords points="453,3371 3499,3394 4003,3375 4058,3247 453,3270"/>
                <Baseline points="477,3357 483,3357 573,3357 663,3357 752,3351 842,3351 931,3351 1021,3351 1111,3351 1200,3351 1290,3345 1380,3345 1469,3345 1559,3339 1648,3345 1738,3339 1828,3339 1917,3339 2007,3339 2096,3339 2186,3339 2276,3333 2365,3333 2455,3327 2544,3327 2634,3327 2724,3327 2813,3327 2903,3327 2993,3327 3082,3327 3172,3327 3261,3327 3351,3327 3441,3321 3530,3321 3620,3321 3709,3321 3799,3321 3889,3315 3978,3321 4068,3315"/>
                <TextEquiv>
                    <Unicode>Damit in der Betrachtung jener Urtypen die Anschauung nur ja nicht starr wer-</Unicode>
                </TextEquiv>
            </TextLine>
            <TextLine id="tr_1_tl_6" custom="readingOrder {index:5;}">
                <Coords points="449,3559 4067,3499 3994,3394 3087,3353 453,3430"/>
                <Baseline points="477,3512 495,3512 585,3512 675,3506 764,3506 854,3506 943,3506 1033,3500 1123,3506 1212,3500 1302,3500 1391,3500 1481,3500 1571,3500 1660,3494 1750,3494 1840,3494 1929,3494 2019,3494 2108,3488 2198,3488 2288,3488 2377,3488 2467,3482 2556,3482 2646,3482 2736,3482 2825,3482 2915,3476 3004,3476 3094,3476 3184,3476 3273,3482 3363,3476 3453,3476 3542,3476 3632,3476 3721,3476 3811,3476 3901,3476 3990,3476 4080,3470"/>
                <TextEquiv>
                    <Unicode>de, führt er uns den Weg wieder zurück, lässt Schritt für Schritt den beharren-</Unicode>
                </TextEquiv>
            </TextLine>
            <TextLine id="tr_1_tl_7" custom="readingOrder {index:6;}">
                <Coords points="453,3696 3916,3691 3985,3522 453,3586"/>
                <Baseline points="477,3668 501,3668 591,3668 681,3668 770,3662 860,3662 949,3662 1039,3662 1129,3662 1218,3662 1308,3656 1397,3656 1487,3656 1577,3656 1666,3650 1756,3650 1846,3650 1935,3650 2025,3650 2114,3644 2204,3644 2294,3644 2383,3644 2473,3638 2562,3638 2652,3638 2742,3638 2831,3638 2921,3638 3010,3638 3100,3638 3190,3638 3279,3638 3369,3632 3459,3632 3548,3632 3638,3632 3727,3632 3817,3632 3907,3626 3996,3626"/>
                <TextEquiv>
                    <Unicode>den Mittelpunkt zu der fliessenden Bewegtheit persönlichen Lebens sich aus-</Unicode>
                </TextEquiv>
            </TextLine>
            <TextLine id="tr_1_tl_8" custom="readingOrder {index:7;}">
                <Coords points="458,3847 3462,3852 3888,3815 3893,3669 458,3765"/>
                <Baseline points="483,3817 489,3823 579,3823 669,3823 758,3817 848,3817 937,3817 1027,3817 1117,3817 1206,3811 1296,3811 1386,3811 1475,3811 1565,3811 1654,3811 1744,3811 1834,3805 1923,3805 2013,3805 2102,3805 2192,3805 2282,3799 2371,3799 2461,3799 2550,3799 2640,3793 2730,3793 2819,3793 2909,3793 2999,3787 3088,3793 3178,3793 3267,3787 3357,3793 3447,3787 3536,3787 3626,3787 3715,3787 3805,3787 3895,3781"/>
                <TextEquiv>
                    <Unicode>weiten. Es sind einmal die Begabungen, allgemeine und spezielle, die mit der</Unicode>
                </TextEquiv>
            </TextLine>
            <TextLine id="tr_1_tl_9" custom="readingOrder {index:8;}">
                <Coords points="453,4040 3728,4012 3847,3861 453,3898"/>
                <Baseline points="477,3978 543,3978 633,3972 722,3972 812,3972 902,3972 991,3972 1081,3972 1170,3966 1260,3966 1350,3966 1439,3960 1529,3960 1618,3960 1708,3960 1798,3960 1887,3954 1977,3960 2067,3954 2156,3954 2246,3954 2335,3954 2425,3948 2515,3948 2604,3948 2694,3948 2783,3948 2873,3948 2963,3942 3052,3948 3142,3942 3232,3942 3321,3942 3411,3942 3500,3942 3590,3942 3680,3936 3769,3936 3859,3942"/>
                <TextEquiv>
                    <Unicode>Geistesverfassung zusammenwirkend die Persönlichkeit bestimmen,angeboren</Unicode>
                </TextEquiv>
            </TextLine>
            <TextLine id="tr_1_tl_10" custom="readingOrder {index:9;}">
                <Coords points="453,4149 3142,4163 3788,4122 3843,4021 453,4040"/>
                <Baseline points="477,4134 537,4128 627,4128 716,4128 806,4128 896,4128 985,4128 1075,4128 1164,4128 1254,4122 1344,4122 1433,4116 1523,4116 1613,4116 1702,4116 1792,4116 1881,4116 1971,4110 2061,4110 2150,4110 2240,4110 2329,4104 2419,4104 2509,4104 2598,4104 2688,4104 2777,4104 2867,4104 2957,4104 3046,4098 3136,4098 3226,4098 3315,4098 3405,4098 3494,4098 3584,4092 3674,4092 3763,4092 3853,4086"/>
                <TextEquiv>
                    <Unicode>wie jene, aber der Entwicklung oder Verkümmerung fähig; dann aber ist der</Unicode>
                </TextEquiv>
            </TextLine>
            <TextLine id="tr_1_tl_11" custom="readingOrder {index:10;}">
                <Coords points="453,4301 3888,4342 3888,4191 3682,4136 453,4227"/>
                <Baseline points="477,4283 495,4283 585,4283 675,4283 764,4277 854,4283 943,4277 1033,4277 1123,4277 1212,4277 1302,4271 1391,4271 1481,4271 1571,4271 1660,4271 1750,4265 1840,4271 1929,4265 2019,4265 2108,4259 2198,4259 2288,4259 2377,4259 2467,4259 2556,4259 2646,4259 2736,4259 2825,4259 2915,4253 3004,4253 3094,4253 3184,4253 3273,4253 3363,4253 3453,4253 3542,4247 3632,4247 3721,4247 3811,4253 3901,4247"/>
                <TextEquiv>
                    <Unicode>feste unveränderliche Kern umgeben von den Schichten der Seelenzustände -</Unicode>
                </TextEquiv>
            </TextLine>
            <TextLine id="tr_1_tl_12" custom="readingOrder {index:11;}">
                <Coords points="449,4470 3870,4452 3811,4305 3430,4287 453,4337"/>
                <Baseline points="477,4444 567,4438 657,4438 746,4438 836,4438 925,4438 1015,4432 1105,4432 1194,4432 1284,4426 1374,4426 1463,4426 1553,4426 1642,4426 1732,4420 1822,4426 1911,4420 2001,4420 2090,4420 2180,4420 2270,4414 2359,4414 2449,4414 2539,4414 2628,4414 2718,4414 2807,4414 2897,4414 2987,4414 3076,4408 3166,4408 3255,4408 3345,4402 3435,4402 3524,4402 3614,4402 3703,4402 3793,4402 3883,4402"/>
                <TextEquiv>
                    <Unicode>dem Kern nahe noch von dessen Festigkeit durchstrahlt, nehmen sie mit der</Unicode>
                </TextEquiv>
            </TextLine>
            <TextLine id="tr_1_tl_13" custom="readingOrder {index:12;}">
                <Coords points="453,4607 3971,4603 4076,4443 453,4484"/>
                <Baseline points="477,4594 501,4594 591,4594 681,4594 770,4594 860,4588 949,4588 1039,4588 1129,4582 1218,4588 1308,4582 1397,4582 1487,4582 1577,4582 1666,4576 1756,4576 1846,4576 1935,4576 2025,4576 2114,4570 2204,4570 2294,4570 2383,4570 2473,4570 2562,4570 2652,4570 2742,4564 2831,4564 2921,4564 3010,4564 3100,4558 3190,4558 3279,4558 3369,4558 3459,4558 3548,4558 3638,4558 3727,4558 3817,4558 3907,4558 3996,4558 4086,4564"/>
                <TextEquiv>
                    <Unicode>Entfernung von ihm an Veränderlichkeit rasch zu: Charakteranlagen - seelische</Unicode>
                </TextEquiv>
            </TextLine>
            <TextLine id="tr_1_tl_14" custom="readingOrder {index:13;}">
                <Coords points="453,4795 3293,4786 4076,4731 4076,4585 453,4658"/>
                <Baseline points="477,4749 501,4749 591,4749 681,4749 770,4743 860,4749 949,4743 1039,4743 1129,4743 1218,4737 1308,4737 1397,4737 1487,4737 1577,4737 1666,4737 1756,4731 1846,4737 1935,4737 2025,4731 2114,4725 2204,4725 2294,4725 2383,4725 2473,4719 2562,4725 2652,4725 2742,4725 2831,4725 2921,4719 3010,4719 3100,4719 3190,4719 3279,4719 3369,4719 3459,4713 3548,4713 3638,4713 3727,4713 3817,4713 3907,4713 3996,4713 4086,4713"/>
                <TextEquiv>
                    <Unicode>Eigenschaften - fliessende Seelenzustände - Stimmungen. Schrittweise erscheint</Unicode>
                </TextEquiv>
            </TextLine>
            <TextLine id="tr_1_tl_15" custom="readingOrder {index:14;}">
                <Coords points="453,4969 2404,4992 4095,4804 453,4850"/>
                <Baseline points="477,4904 519,4898 609,4904 698,4898 788,4898 878,4898 967,4898 1057,4898 1147,4898 1236,4892 1326,4892 1415,4892 1505,4892 1595,4892 1684,4892 1774,4886 1863,4886 1953,4886 2043,4880 2132,4880 2222,4886 2311,4880 2401,4880 2491,4880 2580,4880 2670,4880 2760,4880 2849,4874 2939,4874 3028,4874 3118,4874 3208,4868 3297,4874 3387,4868 3476,4868 3566,4868 3656,4868 3745,4868 3835,4868 3925,4868 4014,4868 4104,4868"/>
                <TextEquiv>
                    <Unicode>durch sie das Starre gelöst dem beweglichen Strom des Lebens wieder einflies-</Unicode>
                </TextEquiv>
            </TextLine>
            <TextLine id="tr_1_tl_16" custom="readingOrder {index:15;}">
                <Coords points="463,5070 513,5070 531,5088 559,5070 595,5070 623,5098 682,5070 779,5075 783,4983 701,4960 673,4978 650,4956 637,4965 623,4951 600,4960 591,4951 563,4978 554,4969 513,4992 467,4983"/>
                <Baseline points="489,5060 579,5060 669,5054 758,5054 788,5060"/>
                <TextEquiv>
                    <Unicode>sends.</Unicode>
                </TextEquiv>
            </TextLine>
            <TextLine id="tr_1_tl_17" custom="readingOrder {index:16;}">
                <Coords points="646,5157 3953,5198 4049,5024 1809,4969 646,5075"/>
                <Baseline points="669,5137 740,5137 830,5137 920,5131 1009,5131 1099,5131 1188,5131 1278,5131 1368,5131 1457,5131 1547,5131 1636,5125 1726,5125 1816,5125 1905,5125 1995,5125 2084,5125 2174,5119 2264,5119 2353,5119 2443,5119 2533,5119 2622,5119 2712,5119 2801,5119 2891,5113 2981,5113 3070,5113 3160,5113 3249,5113 3339,5113 3429,5113 3518,5113 3608,5113 3697,5107 3787,5113 3877,5107 3966,5107 4056,5107"/>
                <TextEquiv>
                    <Unicode>Wer das bisherige Schaffen Arthur Schnitzlers überblickt, wird den Zusam-</Unicode>
                </TextEquiv>
            </TextLine>
        </TextRegion>
    </Page>
</PcGts>
