<?xml version="1.0" encoding="UTF-8" standalone="yes"?>
<PcGts xmlns="http://schema.primaresearch.org/PAGE/gts/pagecontent/2013-07-15" xmlns:xsi="http://www.w3.org/2001/XMLSchema-instance" xsi:schemaLocation="http://schema.primaresearch.org/PAGE/gts/pagecontent/2013-07-15 http://schema.primaresearch.org/PAGE/gts/pagecontent/2013-07-15/pagecontent.xsd">
    <Metadata>
        <Creator>prov=READ-COOP:name=TrHtr:version=2.1.0:model_id=51170:date=15_08_2023_13:50</Creator>
        <Created>2023-05-10T15:29:10.386+02:00</Created>
        <LastChange>2023-08-15T13:50:36.149+02:00</LastChange>
        <TranskribusMetadata docId="1429071" pageId="55435763" pageNr="30" tsid="132859107" status="IN_PROGRESS" userId="64420" imgUrl="https://files.transkribus.eu/Get?id=LDBHOQTBAPTFNNYPXWZSGFPA&amp;fileType=view" xmlUrl="https://files.transkribus.eu/Get?id=SHPOLZHKBALLRSYDALFERLRU" imageId="44709753"/>
    </Metadata>
    <Page imageFilename="1429071_0030.jpg" imageWidth="3544" imageHeight="3928">
        <ReadingOrder>
            <OrderedGroup id="ro_1711797931320" caption="Regions reading order">
                <RegionRefIndexed index="0" regionRef="tr_1"/>
                <RegionRefIndexed index="1" regionRef="tr_2"/>
                <RegionRefIndexed index="2" regionRef="tr_3"/>
            </OrderedGroup>
        </ReadingOrder>
        <TextRegion id="tr_1" custom="readingOrder {index:0;}">
            <Coords points="599,158 3405,158 3405,1200 599,1200"/>
            <TextLine id="tr_1_tl_1" custom="readingOrder {index:0;}">
                <Coords points="3169,234 3204,231 3232,255 3263,231 3284,248 3354,252 3361,136 3340,140 3326,133 3319,140 3309,129 3295,129 3281,140 3263,133 3221,161 3204,147 3172,150"/>
                <Baseline points="3187,220 3229,220 3274,217 3319,217 3363,208"/>
                <TextEquiv>
                    <Unicode>11</Unicode>
                </TextEquiv>
            </TextLine>
            <TextLine id="tr_1_tl_2" custom="readingOrder {index:1;}">
                <Coords points="584,399 2882,437 3274,388 3274,238 2735,336 2273,241 584,241"/>
                <Baseline points="602,355 647,355 692,355 737,355 782,355 826,355 871,352 916,349 961,349 1005,349 1050,346 1095,346 1140,346 1184,346 1229,346 1274,349 1319,352 1364,352 1408,355 1453,355 1498,361 1543,361 1587,361 1632,358 1677,361 1722,361 1767,361 1811,361 1856,361 1901,361 1946,361 1990,361 2035,361 2080,361 2125,358 2169,361 2214,358 2259,361 2304,361 2349,361 2393,361 2438,361 2483,361 2528,361 2572,364 2617,364 2662,364 2707,367 2751,367 2796,367 2841,367 2886,367 2931,364 2975,364 3020,367 3065,367 3110,367 3154,367 3199,370 3244,376 3283,376"/>
                <TextEquiv>
                    <Unicode>und mächtigen Einfluß gewonnen auf die</Unicode>
                </TextEquiv>
            </TextLine>
            <TextLine id="tr_1_tl_3" custom="readingOrder {index:2;}">
                <Coords points="581,514 3274,556 3386,444 577,399"/>
                <Baseline points="599,480 644,480 689,480 734,483 779,483 823,483 868,480 913,480 958,480 1002,480 1047,477 1092,477 1137,474 1181,474 1226,474 1271,474 1316,480 1361,480 1405,480 1450,480 1495,480 1540,480 1584,483 1629,483 1674,483 1719,483 1764,483 1808,483 1853,486 1898,486 1943,486 1987,486 2032,486 2077,486 2122,486 2166,489 2211,492 2256,492 2301,489 2346,489 2390,486 2435,486 2480,486 2525,489 2569,489 2614,492 2659,495 2704,498 2749,495 2793,495 2838,498 2883,501 2928,498 2972,498 3017,498 3062,504 3107,504 3151,507 3196,510 3241,513 3286,516 3331,522 3375,528 3396,531"/>
                <TextEquiv>
                    <Unicode>Umwertung der Begriffe "Leben" und Genießen."</Unicode>
                </TextEquiv>
            </TextLine>
            <TextLine id="tr_1_tl_4" custom="readingOrder {index:3;}">
                <Coords points="605,619 3277,651 3235,535 605,507"/>
                <Baseline points="623,596 668,599 713,605 758,608 802,611 847,608 892,608 937,608 982,605 1026,605 1071,605 1116,605 1161,608 1205,605 1250,605 1295,605 1340,605 1384,605 1429,605 1474,605 1519,605 1564,605 1608,605 1653,605 1698,608 1743,605 1787,608 1832,608 1877,608 1922,614 1966,617 2011,614 2056,614 2101,614 2146,611 2190,611 2235,611 2280,611 2325,608 2369,608 2414,608 2459,608 2504,608 2549,605 2593,608 2638,608 2683,608 2728,611 2772,614 2817,617 2862,614 2907,617 2951,614 2996,617 3041,617 3086,620 3131,620 3175,623 3220,626 3265,632 3283,635"/>
                <TextEquiv>
                    <Unicode>Stimmungsvollte Dämmerung, der Luft seiner ligaretten</Unicode>
                </TextEquiv>
            </TextLine>
            <TextLine id="tr_1_tl_5" custom="readingOrder {index:4;}">
                <Coords points="630,773 3204,776 3284,651 630,689"/>
                <Baseline points="650,725 695,728 740,731 785,728 829,728 874,725 919,722 964,719 1008,716 1053,716 1098,716 1143,713 1187,713 1232,713 1277,713 1322,716 1367,713 1411,713 1456,710 1501,707 1546,707 1590,710 1635,707 1680,707 1725,707 1769,707 1814,707 1859,713 1904,713 1949,713 1993,713 2038,713 2083,713 2128,710 2172,710 2217,710 2262,710 2307,710 2352,710 2396,710 2441,707 2486,707 2531,707 2575,710 2620,710 2665,707 2710,710 2754,710 2799,710 2844,713 2889,713 2934,716 2978,719 3023,722 3068,722 3113,722 3157,725 3202,728 3247,728 3289,734"/>
                <TextEquiv>
                    <Unicode>gemischt mit dem Hauch parfümierter Tegeten – halb¬</Unicode>
                </TextEquiv>
            </TextLine>
            <TextLine id="tr_1_tl_6" custom="readingOrder {index:5;}">
                <Coords points="616,881 3246,895 3396,871 3396,759 1228,724 616,804"/>
                <Baseline points="635,835 680,835 725,835 770,838 814,838 859,835 904,832 949,829 993,829 1038,826 1083,823 1128,820 1173,820 1217,820 1262,817 1307,820 1352,817 1396,817 1441,814 1486,814 1531,814 1575,814 1620,814 1665,811 1710,814 1755,811 1799,814 1844,814 1889,814 1934,814 1978,814 2023,817 2068,811 2113,808 2158,808 2202,808 2247,808 2292,808 2337,808 2381,808 2426,808 2471,808 2516,805 2560,808 2605,808 2650,808 2695,814 2740,814 2784,814 2829,814 2874,817 2919,817 2963,820 3008,820 3053,820 3098,823 3142,829 3187,832 3232,835 3277,841 3322,853 3366,856 3405,862"/>
                <TextEquiv>
                    <Unicode>geleerte Champagnergläser – Flüstern heißer, sinnlicher</Unicode>
                </TextEquiv>
            </TextLine>
            <TextLine id="tr_1_tl_7" custom="readingOrder {index:6;}">
                <Coords points="626,962 3092,990 3316,965 3316,846 626,881"/>
                <Baseline points="644,949 680,949 725,949 770,949 814,949 859,946 904,946 949,940 993,940 1038,937 1083,937 1128,934 1173,934 1217,934 1262,934 1307,934 1352,934 1396,931 1441,931 1486,928 1531,928 1575,928 1620,928 1665,925 1710,925 1755,922 1799,922 1844,922 1889,922 1934,919 1978,919 2023,919 2068,916 2113,919 2158,916 2202,916 2247,916 2292,916 2337,916 2381,913 2426,913 2471,910 2516,907 2560,910 2605,910 2650,910 2695,910 2740,913 2784,916 2829,916 2874,916 2919,913 2963,916 3008,919 3053,922 3098,922 3142,928 3187,928 3232,931 3277,934 3322,943"/>
                <TextEquiv>
                    <Unicode>Liebesworte! Einmal ist es eine Frage an des Schick¬</Unicode>
                </TextEquiv>
            </TextLine>
            <TextLine id="tr_1_tl_8" custom="readingOrder {index:7;}">
                <Coords points="598,1137 1948,1035 3242,1074 3302,951 602,990"/>
                <Baseline points="617,1071 623,1074 668,1074 713,1074 758,1074 802,1071 847,1068 892,1065 937,1059 982,1059 1026,1059 1071,1056 1116,1056 1161,1053 1205,1050 1250,1050 1295,1047 1340,1047 1384,1047 1429,1047 1474,1044 1519,1041 1564,1038 1608,1041 1653,1038 1698,1035 1743,1038 1787,1032 1832,1032 1877,1029 1922,1026 1966,1026 2011,1026 2056,1023 2101,1023 2146,1023 2190,1020 2235,1023 2280,1020 2325,1017 2369,1017 2414,1017 2459,1017 2504,1017 2549,1017 2593,1017 2638,1017 2683,1017 2728,1017 2772,1017 2817,1017 2862,1020 2907,1023 2951,1020 2996,1023 3041,1023 3086,1026 3131,1029 3175,1032 3220,1038 3265,1041 3310,1047"/>
                <TextEquiv>
                    <Unicode>sel - aber lieber die geheimnisvolle Stimmung der der</Unicode>
                </TextEquiv>
            </TextLine>
            <TextLine id="tr_1_tl_9" custom="readingOrder {index:8;}">
                <Coords points="577,1263 1854,1144 3253,1175 3351,1077 2494,1025 581,1147"/>
                <Baseline points="599,1190 626,1190 671,1190 716,1190 761,1190 805,1187 850,1184 895,1181 940,1176 984,1173 1029,1173 1074,1170 1119,1167 1164,1164 1208,1164 1253,1161 1298,1158 1343,1155 1387,1155 1432,1152 1477,1149 1522,1149 1567,1149 1611,1149 1656,1146 1701,1146 1746,1143 1790,1143 1835,1140 1880,1140 1925,1137 1969,1140 2014,1137 2059,1134 2104,1137 2149,1134 2193,1131 2238,1134 2283,1128 2328,1131 2372,1128 2417,1128 2462,1125 2507,1122 2552,1122 2596,1122 2641,1122 2686,1119 2731,1119 2775,1119 2820,1119 2865,1119 2910,1119 2954,1119 2999,1122 3044,1125 3089,1125 3134,1125 3178,1131 3223,1134 3268,1140 3313,1140 3357,1143"/>
                <TextEquiv>
                    <Unicode>Eitelkeit schmeichelnden Lüge, als die banale Gewiß¬</Unicode>
                </TextEquiv>
            </TextLine>
        </TextRegion>
        <TextRegion id="tr_2" custom="readingOrder {index:1;}">
            <Coords points="620,1176 3411,1176 3411,2690 620,2690"/>
            <TextLine id="tr_2_tl_1" custom="readingOrder {index:0;}">
                <Coords points="605,1364 1434,1263 3249,1284 3253,1151 609,1252"/>
                <Baseline points="626,1307 662,1307 707,1310 752,1307 796,1307 841,1301 886,1298 931,1295 976,1283 1020,1283 1065,1274 1110,1274 1155,1274 1199,1271 1244,1271 1289,1268 1334,1268 1378,1268 1423,1265 1468,1262 1513,1256 1558,1256 1602,1253 1647,1253 1692,1253 1737,1250 1781,1250 1826,1247 1871,1247 1916,1247 1961,1244 2005,1244 2050,1244 2095,1244 2140,1244 2184,1244 2229,1244 2274,1241 2319,1241 2363,1241 2408,1241 2453,1238 2498,1238 2543,1235 2587,1235 2632,1232 2677,1232 2722,1235 2766,1232 2811,1232 2856,1232 2901,1229 2946,1229 2990,1229 3035,1226 3080,1226 3125,1229 3169,1232 3214,1235 3259,1244"/>
                <TextEquiv>
                    <Unicode>heit! In den Weihnachtseinkäufen ist es der stille</Unicode>
                </TextEquiv>
            </TextLine>
            <TextLine id="tr_2_tl_2" custom="readingOrder {index:1;}">
                <Coords points="605,1441 1955,1361 2266,1444 2962,1347 3246,1420 3298,1277 605,1368"/>
                <Baseline points="626,1414 665,1414 710,1414 755,1414 799,1411 844,1411 889,1408 934,1405 979,1402 1023,1399 1068,1396 1113,1393 1158,1390 1202,1387 1247,1381 1292,1381 1337,1378 1381,1373 1426,1370 1471,1367 1516,1367 1561,1367 1605,1367 1650,1367 1695,1364 1740,1364 1784,1361 1829,1358 1874,1358 1919,1361 1964,1361 2008,1358 2053,1358 2098,1358 2143,1358 2187,1358 2232,1358 2277,1355 2322,1355 2366,1352 2411,1349 2456,1349 2501,1349 2546,1349 2590,1349 2635,1349 2680,1349 2725,1349 2769,1346 2814,1346 2859,1346 2904,1346 2948,1343 2993,1340 3038,1340 3083,1340 3128,1340 3172,1340 3217,1343 3262,1343 3307,1349"/>
                <TextEquiv>
                    <Unicode>Neid der Vorsichtigen auf die Stimmungen, die nur</Unicode>
                </TextEquiv>
            </TextLine>
            <TextLine id="tr_2_tl_3" custom="readingOrder {index:2;}">
                <Coords points="605,1595 1997,1472 2693,1553 3183,1497 3186,1361 609,1441"/>
                <Baseline points="629,1522 641,1525 686,1525 731,1525 776,1525 820,1528 865,1525 910,1522 955,1516 999,1513 1044,1507 1089,1504 1134,1498 1178,1495 1223,1492 1268,1486 1313,1486 1358,1483 1402,1480 1447,1477 1492,1474 1537,1474 1581,1474 1626,1474 1671,1474 1716,1474 1761,1471 1805,1471 1850,1471 1895,1471 1940,1468 1984,1468 2029,1471 2074,1468 2119,1468 2163,1468 2208,1465 2253,1465 2298,1462 2343,1459 2387,1459 2432,1462 2477,1459 2522,1459 2566,1456 2611,1456 2656,1456 2701,1456 2746,1459 2790,1459 2835,1459 2880,1459 2925,1459 2969,1459 3014,1459 3059,1462 3104,1462 3148,1465 3193,1471"/>
                <TextEquiv>
                    <Unicode>jene sich selbst Entäustienden so ganz genießen</Unicode>
                </TextEquiv>
            </TextLine>
            <TextLine id="tr_2_tl_4" custom="readingOrder {index:3;}">
                <Coords points="602,1675 3158,1640 3165,1497 602,1598"/>
                <Baseline points="620,1647 662,1647 707,1647 752,1647 796,1647 841,1647 886,1644 931,1644 976,1641 1020,1638 1065,1635 1110,1632 1155,1623 1199,1620 1244,1620 1289,1617 1334,1614 1378,1614 1423,1614 1468,1611 1513,1611 1558,1611 1602,1608 1647,1608 1692,1605 1737,1602 1781,1605 1826,1599 1871,1596 1916,1599 1961,1599 2005,1602 2050,1599 2095,1596 2140,1596 2184,1590 2229,1590 2274,1587 2319,1584 2363,1584 2408,1584 2453,1584 2498,1581 2543,1581 2587,1581 2632,1578 2677,1581 2722,1581 2766,1581 2811,1581 2856,1584 2901,1584 2946,1578 2990,1578 3035,1578 3080,1581 3125,1584 3169,1587"/>
                <TextEquiv>
                    <Unicode>können - einmal die Episade einer vergessenen</Unicode>
                </TextEquiv>
            </TextLine>
            <TextLine id="tr_2_tl_5" custom="readingOrder {index:4;}">
                <Coords points="626,1829 3340,1735 3344,1612 626,1735"/>
                <Baseline points="644,1764 662,1767 707,1769 752,1769 796,1767 841,1764 886,1764 931,1761 976,1755 1020,1752 1065,1752 1110,1749 1155,1749 1199,1749 1244,1749 1289,1746 1334,1746 1378,1743 1423,1737 1468,1737 1513,1734 1558,1734 1602,1734 1647,1728 1692,1728 1737,1728 1781,1728 1826,1728 1871,1728 1916,1725 1961,1722 2005,1722 2050,1719 2095,1716 2140,1713 2184,1710 2229,1707 2274,1704 2319,1704 2363,1704 2408,1704 2453,1701 2498,1698 2543,1701 2587,1701 2632,1698 2677,1695 2722,1698 2766,1698 2811,1698 2856,1698 2901,1698 2946,1701 2990,1701 3035,1701 3080,1701 3125,1704 3169,1704 3214,1704 3259,1710 3304,1716 3348,1722"/>
                <TextEquiv>
                    <Unicode>prün-voten Ampelstimmung, einmal wieder die un¬</Unicode>
                </TextEquiv>
            </TextLine>
            <TextLine id="tr_2_tl_6" custom="readingOrder {index:5;}">
                <Coords points="616,1889 913,1966 2336,1812 3333,1861 3337,1721 619,1854"/>
                <Baseline points="635,1877 656,1877 701,1880 746,1883 790,1883 835,1883 880,1880 925,1880 970,1877 1014,1874 1059,1868 1104,1868 1149,1868 1193,1868 1238,1868 1283,1865 1328,1862 1373,1859 1417,1856 1462,1853 1507,1853 1552,1847 1596,1844 1641,1841 1686,1838 1731,1838 1775,1838 1820,1838 1865,1838 1910,1838 1955,1835 1999,1832 2044,1832 2089,1829 2134,1826 2178,1823 2223,1817 2268,1817 2313,1811 2357,1811 2402,1808 2447,1805 2492,1805 2537,1805 2581,1808 2626,1808 2671,1808 2716,1808 2760,1805 2805,1805 2850,1805 2895,1808 2940,1808 2984,1808 3029,1808 3074,1811 3119,1811 3163,1811 3208,1811 3253,1811 3298,1814 3342,1814"/>
                <TextEquiv>
                    <Unicode>vergessliche erste Stimmung, wo Sonnenstrahlen auf</Unicode>
                </TextEquiv>
            </TextLine>
            <TextLine id="tr_2_tl_7" custom="readingOrder {index:6;}">
                <Coords points="630,2060 2305,1938 3025,2001 3340,1969 3344,1871 2140,1829 1903,1924 633,1966"/>
                <Baseline points="653,2002 662,2002 707,2008 752,2008 796,2008 841,2005 886,2002 931,1999 976,1996 1020,1990 1065,1987 1110,1984 1155,1984 1199,1981 1244,1981 1289,1978 1334,1975 1378,1975 1423,1969 1468,1969 1513,1966 1558,1964 1602,1961 1647,1961 1692,1961 1737,1961 1781,1958 1826,1958 1871,1958 1916,1958 1961,1958 2005,1958 2050,1946 2095,1943 2140,1940 2184,1937 2229,1934 2274,1934 2319,1928 2363,1925 2408,1922 2453,1925 2498,1922 2543,1925 2587,1925 2632,1925 2677,1925 2722,1925 2766,1925 2811,1928 2856,1925 2901,1925 2946,1928 2990,1931 3035,1931 3080,1931 3125,1931 3169,1937 3214,1937 3259,1937 3304,1937 3348,1943"/>
                <TextEquiv>
                    <Unicode>selben Blumen plänzten! Im Abschieds seiner der</Unicode>
                </TextEquiv>
            </TextLine>
            <TextLine id="tr_2_tl_8" custom="readingOrder {index:7;}">
                <Coords points="623,2123 3354,2112 3379,2008 2312,1938 623,2092"/>
                <Baseline points="641,2113 653,2113 698,2119 743,2119 787,2119 832,2116 877,2116 922,2116 967,2113 1011,2110 1056,2107 1101,2107 1146,2104 1190,2104 1235,2098 1280,2098 1325,2095 1370,2095 1414,2092 1459,2089 1504,2089 1549,2086 1593,2086 1638,2083 1683,2083 1728,2080 1772,2077 1817,2077 1862,2077 1907,2074 1952,2074 1996,2074 2041,2071 2086,2071 2131,2068 2175,2068 2220,2062 2265,2056 2310,2053 2355,2050 2399,2050 2444,2050 2489,2050 2534,2050 2578,2050 2623,2053 2668,2050 2713,2053 2757,2053 2802,2053 2847,2053 2892,2056 2937,2056 2981,2056 3026,2059 3071,2056 3116,2059 3160,2059 3205,2062 3250,2062 3295,2068 3339,2074 3384,2080"/>
                <TextEquiv>
                    <Unicode>enttäuschte Egrismus eines Stimmungsentimenta¬</Unicode>
                </TextEquiv>
            </TextLine>
            <TextLine id="tr_2_tl_9" custom="readingOrder {index:8;}">
                <Coords points="612,2249 3407,2235 3183,2064 612,2154"/>
                <Baseline points="632,2226 635,2223 680,2226 725,2229 770,2229 814,2229 859,2229 904,2226 949,2226 993,2223 1038,2220 1083,2217 1128,2217 1173,2214 1217,2214 1262,2211 1307,2208 1352,2202 1396,2199 1441,2199 1486,2199 1531,2196 1575,2196 1620,2193 1665,2193 1710,2193 1755,2190 1799,2187 1844,2187 1889,2184 1934,2187 1978,2184 2023,2184 2068,2184 2113,2181 2158,2181 2202,2181 2247,2178 2292,2178 2337,2178 2381,2175 2426,2175 2471,2178 2516,2178 2560,2178 2605,2178 2650,2178 2695,2181 2740,2181 2784,2178 2829,2175 2874,2178 2919,2178 2963,2181 3008,2181 3053,2181 3098,2181 3142,2181 3187,2181 3232,2184 3277,2187 3322,2193 3366,2199 3411,2205"/>
                <TextEquiv>
                    <Unicode>len - - und so fort bis zu gewesen hochzeitsman¬</Unicode>
                </TextEquiv>
            </TextLine>
            <TextLine id="tr_2_tl_10" custom="readingOrder {index:9;}">
                <Coords points="602,2410 780,2410 867,2347 958,2389 1340,2336 1948,2357 2064,2319 2067,2214 1906,2252 1759,2203 1507,2284 1441,2238 1119,2294 605,2266"/>
                <Baseline points="623,2334 641,2343 686,2343 731,2346 776,2346 820,2346 865,2346 910,2343 955,2343 999,2340 1044,2340 1089,2337 1134,2337 1178,2334 1223,2334 1268,2331 1313,2328 1358,2325 1402,2322 1447,2322 1492,2319 1537,2319 1581,2316 1626,2316 1671,2313 1716,2313 1761,2313 1805,2310 1850,2307 1895,2307 1940,2307 1984,2307 2029,2304 2074,2310"/>
                <TextEquiv>
                    <Unicode>genstimmung Anatrts selbst.</Unicode>
                </TextEquiv>
            </TextLine>
            <TextLine id="tr_2_tl_11" custom="readingOrder {index:10;}">
                <Coords points="619,2497 3218,2469 3347,2340 2291,2287 623,2406"/>
                <Baseline points="638,2459 671,2456 716,2453 761,2453 805,2453 850,2453 895,2453 940,2450 984,2450 1029,2450 1074,2447 1119,2447 1164,2444 1208,2441 1253,2441 1298,2438 1343,2438 1387,2435 1432,2435 1477,2435 1522,2435 1567,2432 1611,2432 1656,2429 1701,2426 1746,2429 1790,2429 1835,2429 1880,2426 1925,2426 1969,2423 2014,2423 2059,2420 2104,2423 2149,2420 2193,2417 2238,2417 2283,2414 2328,2414 2372,2417 2417,2417 2462,2417 2507,2417 2552,2414 2596,2417 2641,2417 2686,2417 2731,2417 2775,2417 2820,2423 2865,2420 2910,2417 2954,2414 2999,2414 3044,2411 3089,2411 3134,2411 3178,2411 3223,2414 3268,2417 3313,2417 3357,2420"/>
                <TextEquiv>
                    <Unicode>des ganze Weichliche dieses dekeitenten Zeitelters.</Unicode>
                </TextEquiv>
            </TextLine>
            <TextLine id="tr_2_tl_12" custom="readingOrder {index:11;}">
                <Coords points="616,2592 3057,2588 3246,2564 3246,2480 616,2494"/>
                <Baseline points="635,2569 659,2566 704,2563 749,2563 793,2563 838,2566 883,2566 928,2563 973,2563 1017,2563 1062,2560 1107,2560 1152,2557 1196,2554 1241,2552 1286,2549 1331,2549 1375,2549 1420,2549 1465,2549 1510,2546 1555,2546 1599,2543 1644,2543 1689,2543 1734,2540 1778,2540 1823,2540 1868,2537 1913,2540 1958,2540 2002,2537 2047,2537 2092,2537 2137,2537 2181,2534 2226,2534 2271,2534 2316,2534 2360,2534 2405,2534 2450,2534 2495,2534 2540,2534 2584,2534 2629,2534 2674,2534 2719,2537 2763,2537 2808,2540 2853,2537 2898,2534 2943,2534 2987,2534 3032,2537 3077,2537 3122,2534 3166,2534 3211,2537 3256,2540"/>
                <TextEquiv>
                    <Unicode>der leichte Hedreismus, der nur an den bis zur</Unicode>
                </TextEquiv>
            </TextLine>
            <TextLine id="tr_2_tl_13" custom="readingOrder {index:12;}">
                <Coords points="602,2725 3298,2704 3347,2536 1165,2567 923,2651 602,2581"/>
                <Baseline points="620,2668 662,2671 707,2677 752,2680 796,2680 841,2680 886,2680 931,2677 976,2677 1020,2674 1065,2671 1110,2671 1155,2665 1199,2665 1244,2662 1289,2659 1334,2659 1378,2659 1423,2659 1468,2656 1513,2656 1558,2656 1602,2656 1647,2653 1692,2653 1737,2650 1781,2653 1826,2653 1871,2653 1916,2653 1961,2656 2005,2653 2050,2653 2095,2653 2140,2650 2184,2647 2229,2647 2274,2644 2319,2647 2363,2647 2408,2644 2453,2644 2498,2644 2543,2647 2587,2641 2632,2641 2677,2641 2722,2635 2766,2638 2811,2641 2856,2644 2901,2644 2946,2647 2990,2647 3035,2644 3080,2644 3125,2644 3169,2647 3214,2647 3259,2650 3304,2653 3348,2662"/>
                <TextEquiv>
                    <Unicode>Perversität verfeinerten Genuß glaubt, spiegelt sich</Unicode>
                </TextEquiv>
            </TextLine>
        </TextRegion>
        <TextRegion id="tr_3" custom="readingOrder {index:2;}">
            <Coords points="608,2707 3393,2707 3393,3633 608,3633"/>
            <TextLine id="tr_3_tl_1" custom="readingOrder {index:0;}">
                <Coords points="588,2868 2361,2760 3267,2815 3375,2805 3375,2690 588,2725"/>
                <Baseline points="608,2787 653,2790 698,2790 743,2793 787,2796 832,2799 877,2796 922,2796 967,2796 1011,2796 1056,2793 1101,2793 1146,2790 1190,2787 1235,2784 1280,2784 1325,2781 1370,2781 1414,2781 1459,2778 1504,2778 1549,2778 1593,2775 1638,2772 1683,2772 1728,2772 1772,2772 1817,2772 1862,2772 1907,2769 1952,2769 1996,2766 2041,2766 2086,2766 2131,2766 2175,2766 2220,2766 2265,2760 2310,2757 2355,2757 2399,2757 2444,2757 2489,2757 2534,2757 2578,2757 2623,2760 2668,2760 2713,2760 2757,2760 2802,2760 2847,2757 2892,2760 2937,2760 2981,2760 3026,2763 3071,2763 3116,2760 3160,2760 3205,2766 3250,2766 3295,2769 3339,2775 3384,2781"/>
                <TextEquiv>
                    <Unicode>hier in dieser bezaubernden Harlckinade des Geistes.</Unicode>
                </TextEquiv>
            </TextLine>
            <TextLine id="tr_3_tl_2" custom="readingOrder {index:1;}">
                <Coords points="623,2927 2826,2882 3088,2959 3354,2906 3354,2801 623,2833"/>
                <Baseline points="641,2910 677,2901 722,2901 767,2907 811,2907 856,2910 901,2907 946,2907 990,2907 1035,2907 1080,2907 1125,2907 1170,2907 1214,2907 1259,2904 1304,2901 1349,2898 1393,2895 1438,2895 1483,2892 1528,2892 1572,2889 1617,2889 1662,2886 1707,2889 1752,2883 1796,2877 1841,2877 1886,2877 1931,2874 1975,2874 2020,2874 2065,2871 2110,2874 2155,2874 2199,2874 2244,2874 2289,2877 2334,2877 2378,2874 2423,2874 2468,2877 2513,2877 2557,2874 2602,2877 2647,2877 2692,2877 2737,2880 2781,2880 2826,2883 2871,2883 2916,2880 2960,2880 3005,2883 3050,2880 3095,2880 3140,2883 3184,2886 3229,2886 3274,2892 3319,2895 3363,2898"/>
                <TextEquiv>
                    <Unicode>Wir atmen förmlich diese parfümierte Luft mit.</Unicode>
                </TextEquiv>
            </TextLine>
            <TextLine id="tr_3_tl_3" custom="readingOrder {index:2;}">
                <Coords points="626,3036 1451,3099 1791,3015 3344,3046 3372,2969 2539,2885 630,2955"/>
                <Baseline points="644,3023 689,3020 734,3023 779,3026 823,3026 868,3026 913,3026 958,3026 1002,3029 1047,3029 1092,3032 1137,3032 1181,3032 1226,3029 1271,3029 1316,3026 1361,3023 1405,3023 1450,3020 1495,3020 1540,3017 1584,3014 1629,3014 1674,3014 1719,3011 1764,3008 1808,3005 1853,3005 1898,3002 1943,3002 1987,3002 2032,2999 2077,3002 2122,3002 2166,3002 2211,3002 2256,3002 2301,3002 2346,2999 2390,2999 2435,3002 2480,3002 2525,2999 2569,2999 2614,3002 2659,2999 2704,2999 2749,3002 2793,3002 2838,3008 2883,3008 2928,3008 2972,3008 3017,3008 3062,3008 3107,3011 3151,3011 3196,3014 3241,3014 3286,3017 3331,3020 3372,3026"/>
                <TextEquiv>
                    <Unicode>Aber gerade diesem verfeinerten Lebensgenuß ge¬</Unicode>
                </TextEquiv>
            </TextLine>
            <TextLine id="tr_3_tl_4" custom="readingOrder {index:3;}">
                <Coords points="626,3197 3218,3165 3239,3050 626,3081"/>
                <Baseline points="644,3134 689,3134 734,3134 779,3137 823,3140 868,3137 913,3137 958,3140 1002,3137 1047,3137 1092,3140 1137,3137 1181,3137 1226,3137 1271,3137 1316,3137 1361,3134 1405,3131 1450,3128 1495,3128 1540,3125 1584,3125 1629,3119 1674,3119 1719,3119 1764,3116 1808,3113 1853,3116 1898,3116 1943,3116 1987,3113 2032,3113 2077,3113 2122,3110 2166,3113 2211,3113 2256,3113 2301,3113 2346,3113 2390,3110 2435,3110 2480,3113 2525,3110 2569,3107 2614,3110 2659,3110 2704,3113 2749,3116 2793,3119 2838,3122 2883,3122 2928,3122 2972,3128 3017,3125 3062,3128 3107,3131 3151,3131 3196,3131 3241,3134 3247,3134"/>
                <TextEquiv>
                    <Unicode>genüber, dem alles zur Verfügung steht, was</Unicode>
                </TextEquiv>
            </TextLine>
            <TextLine id="tr_3_tl_5" custom="readingOrder {index:4;}">
                <Coords points="647,3256 3148,3302 3389,3281 3389,3148 647,3207"/>
                <Baseline points="665,3256 710,3256 755,3256 799,3256 844,3256 889,3256 934,3253 979,3253 1023,3253 1068,3250 1113,3250 1158,3250 1202,3250 1247,3247 1292,3244 1337,3244 1381,3244 1426,3241 1471,3241 1516,3241 1561,3238 1605,3232 1650,3232 1695,3232 1740,3232 1784,3232 1829,3229 1874,3232 1919,3232 1964,3232 2008,3229 2053,3229 2098,3232 2143,3232 2187,3235 2232,3235 2277,3238 2322,3235 2366,3232 2411,3232 2456,3226 2501,3229 2546,3232 2590,3232 2635,3232 2680,3232 2725,3235 2769,3235 2814,3238 2859,3238 2904,3241 2948,3241 2993,3244 3038,3244 3083,3250 3128,3256 3172,3256 3217,3256 3262,3256 3307,3259 3351,3262 3393,3271"/>
                <TextEquiv>
                    <Unicode>äschetister Sim, auserlesener Geschmack und stili¬</Unicode>
                </TextEquiv>
            </TextLine>
            <TextLine id="tr_3_tl_6" custom="readingOrder {index:5;}">
                <Coords points="626,3431 1574,3361 2011,3435 2214,3358 3025,3421 3291,3393 3291,3267 626,3305"/>
                <Baseline points="647,3363 692,3366 737,3369 782,3375 826,3375 871,3375 916,3375 961,3375 1005,3372 1050,3372 1095,3372 1140,3366 1184,3360 1229,3357 1274,3357 1319,3354 1364,3354 1408,3354 1453,3354 1498,3354 1543,3351 1587,3351 1632,3351 1677,3351 1722,3348 1767,3351 1811,3351 1856,3351 1901,3351 1946,3354 1990,3351 2035,3351 2080,3351 2125,3351 2169,3351 2214,3351 2259,3354 2304,3354 2349,3354 2393,3354 2438,3354 2483,3351 2528,3354 2572,3354 2617,3354 2662,3357 2707,3360 2751,3360 2796,3363 2841,3366 2886,3366 2931,3369 2975,3372 3020,3375 3065,3378 3110,3378 3154,3378 3199,3378 3244,3378 3289,3378 3301,3378"/>
                <TextEquiv>
                    <Unicode>siertes Wohlleben beansprüchen können, erfaßt</Unicode>
                </TextEquiv>
            </TextLine>
            <TextLine id="tr_3_tl_7" custom="readingOrder {index:6;}">
                <Coords points="630,3508 3323,3525 3267,3407 2466,3361 630,3466"/>
                <Baseline points="650,3492 695,3492 740,3495 785,3498 829,3498 874,3498 919,3498 964,3495 1008,3492 1053,3489 1098,3486 1143,3486 1187,3483 1232,3480 1277,3480 1322,3477 1367,3474 1411,3474 1456,3474 1501,3474 1546,3477 1590,3474 1635,3474 1680,3474 1725,3474 1769,3477 1814,3477 1859,3477 1904,3477 1949,3474 1993,3474 2038,3474 2083,3477 2128,3471 2172,3471 2217,3474 2262,3474 2307,3474 2352,3477 2396,3477 2441,3477 2486,3477 2531,3477 2575,3480 2620,3480 2665,3477 2710,3480 2754,3483 2799,3483 2844,3486 2889,3489 2934,3492 2978,3495 3023,3498 3068,3501 3113,3501 3157,3501 3202,3504 3247,3507 3292,3510 3331,3519"/>
                <TextEquiv>
                    <Unicode>uns die Melancholie des Überhältigtseins, und</Unicode>
                </TextEquiv>
            </TextLine>
            <TextLine id="tr_3_tl_8" custom="readingOrder {index:7;}">
                <Coords points="626,3637 3344,3630 3263,3511 626,3504"/>
                <Baseline points="647,3605 692,3605 737,3608 782,3608 826,3611 871,3611 916,3611 961,3608 1005,3608 1050,3605 1095,3602 1140,3599 1184,3599 1229,3596 1274,3593 1319,3590 1364,3590 1408,3590 1453,3590 1498,3587 1543,3587 1587,3587 1632,3584 1677,3584 1722,3587 1767,3587 1811,3584 1856,3584 1901,3581 1946,3581 1990,3581 2035,3578 2080,3578 2125,3581 2169,3581 2214,3581 2259,3584 2304,3584 2349,3587 2393,3587 2438,3587 2483,3587 2528,3590 2572,3587 2617,3587 2662,3587 2707,3590 2751,3590 2796,3590 2841,3593 2886,3596 2931,3596 2975,3602 3020,3602 3065,3605 3110,3605 3154,3608 3199,3611 3244,3614 3289,3617 3334,3620 3351,3623"/>
                <TextEquiv>
                    <Unicode>die ganze trostlose Nichtigkeit dieses eigentlichen</Unicode>
                </TextEquiv>
            </TextLine>
        </TextRegion>
    </Page>
</PcGts>
