3560 3928
3284 130 3375 295 9
635 242 3246 449 so als ob er seine Seele auf der flachen Hand
614 354 3256 540 dem Sturme des Lebens preisgegeben hätte.
632 484 3386 667 um ihren schmerzlichen Akkorden in atemrau¬
632 660 3242 796 bender Selbstquälerei zu leuschen, so übt
607 775 3379 926 eben Schnitzler nur eine kühle, aber narnichtende
614 863 3340 1053 Kritik, bei der uns anderen zu Mute ist, als ob
618 979 3386 1165 unsere Seele auf seiner flachen Hand lüge, und
625 1105 3319 1340 er heute sie um an, daß sie allen Schmerz
604 1214 3403 1502 und alle sein ihrer Leiden in wehrlesen dahin:
607 1382 1884 1579 tönen ihm offenbart.
674 1481 3239 1719 Und nur eines kann uns dabei Trost sein,
646 1642 3344 1856 wir empfinden doch in seinen Werken, daß
628 1772 3421 1975 ations Edles, Unvergessenes und Unvergeschliches
635 1965 3442 2123 sie durchwärmt – und das ist seine Liebe, seine
635 2042 3386 2196 Bewunderung, sein unsagbar astbetisches Ver¬
628 2151 3207 2382 ständnis für schöne, leidende Seelen – das
628 2326 3361 2491 Tspchologische Vermögen den nur seinem Ohr
628 2449 3435 2625 vernehmbaren transcendental zwoten Schrei keusch¬
607 2554 3382 2758 leidender Seelen in den subtilsten Szenen fest¬
614 2663 3400 2877 zuhalten. Da wird der scharfe Kritiker, der er¬
607 2803 3393 2982 bermungslose de mes keur, der kühle Beobachter
589 2926 3403 3140 unbewußt zart, weich und edel, weil er in der
582 3088 3386 3288 Erinnerung an irgend einen unvergessenen
593 3165 3246 3389 Widerholt in der eigenen Seele empfindet,
604 3351 3189 3551 daß das Zartefte in eller Schäpfung des
646 3470 1358 3646 leid ist!“
