<?xml version="1.0" encoding="UTF-8" standalone="yes"?>
<PcGts xmlns="http://schema.primaresearch.org/PAGE/gts/pagecontent/2013-07-15" xmlns:xsi="http://www.w3.org/2001/XMLSchema-instance" xsi:schemaLocation="http://schema.primaresearch.org/PAGE/gts/pagecontent/2013-07-15 http://schema.primaresearch.org/PAGE/gts/pagecontent/2013-07-15/pagecontent.xsd">
    <Metadata>
        <Creator>prov=READ-COOP:name=TrHtr:version=2.1.0:model_id=51170:date=15_08_2023_13:51</Creator>
        <Created>2023-05-10T15:29:27.943+02:00</Created>
        <LastChange>2023-08-15T13:51:16.155+02:00</LastChange>
        <TranskribusMetadata docId="1429071" pageId="55436575" pageNr="152" tsid="132859236" status="IN_PROGRESS" userId="64420" imgUrl="https://files.transkribus.eu/Get?id=ROQPVQOBSHFUPZBZINUUWXJP&amp;fileType=view" xmlUrl="https://files.transkribus.eu/Get?id=ATTHNUDORDKJBKUJIMRGJFYL" imageId="44710564"/>
    </Metadata>
    <Page imageFilename="1429071_0152.jpg" imageWidth="4184" imageHeight="5336">
        <ReadingOrder>
            <OrderedGroup id="ro_1711798242690" caption="Regions reading order">
                <RegionRefIndexed index="0" regionRef="tr_1"/>
                <RegionRefIndexed index="1" regionRef="tr_2"/>
            </OrderedGroup>
        </ReadingOrder>
        <TextRegion id="tr_1" custom="readingOrder {index:0;}">
            <Coords points="650,636 3503,636 3503,2116 650,2116"/>
            <TextLine id="tr_1_tl_1" custom="readingOrder {index:0;}">
                <Coords points="630,731 3457,710 3457,608 3153,572 1879,557 1756,644 999,673 630,572"/>
                <Baseline points="650,734 692,734 781,728 871,728 960,728 1050,722 1140,722 1229,722 1319,722 1408,722 1498,722 1587,722 1677,716 1766,716 1856,716 1945,710 2035,716 2124,710 2214,710 2303,704 2393,704 2482,710 2572,704 2662,698 2751,698 2841,698 2930,698 3020,692 3109,692 3199,692 3288,686 3378,686 3467,686"/>
                <TextEquiv>
                    <Unicode>da sank das angebetete Bild in nichts zusammen, die Gluten erloschen jach</Unicode>
                </TextEquiv>
            </TextLine>
            <TextLine id="tr_1_tl_2" custom="readingOrder {index:1;}">
                <Coords points="634,923 3493,898 3493,778 3066,699 2009,833 1506,847 1307,749 637,818"/>
                <Baseline points="656,877 728,883 817,883 907,883 996,883 1086,877 1175,877 1265,877 1354,877 1444,877 1533,877 1623,871 1713,877 1802,871 1892,871 1981,865 2071,865 2160,865 2250,859 2339,859 2429,859 2518,853 2608,853 2697,853 2787,847 2876,847 2966,847 3055,841 3145,841 3235,841 3324,841 3414,841 3503,829"/>
                <TextEquiv>
                    <Unicode>und in einsamer Helle flammte der grosse Entschluss in meiner Seele wie-</Unicode>
                </TextEquiv>
            </TextLine>
            <TextLine id="tr_1_tl_3" custom="readingOrder {index:2;}">
                <Coords points="637,1072 3403,1068 3406,894 1857,985 641,912"/>
                <Baseline points="656,1038 728,1038 817,1038 907,1032 996,1032 1086,1032 1175,1032 1265,1026 1354,1032 1444,1032 1533,1026 1623,1026 1713,1026 1802,1020 1892,1020 1981,1020 2071,1020 2160,1014 2250,1014 2339,1014 2429,1008 2518,1008 2608,1008 2697,1002 2787,1008 2876,1002 2966,1002 3055,996 3145,996 3235,996 3324,996 3414,996"/>
                <TextEquiv>
                    <Unicode>der auf. Ich war wieder -, n in zum ersten wale war ich ganz ich selbst,</Unicode>
                </TextEquiv>
            </TextLine>
            <TextLine id="tr_1_tl_4" custom="readingOrder {index:3;}">
                <Coords points="630,1224 3244,1224 3338,1017 2798,1122 2541,1017 1752,1129 1535,1035 1209,1119 634,1079"/>
                <Baseline points="650,1193 662,1193 752,1193 841,1187 931,1187 1020,1187 1110,1187 1199,1187 1289,1181 1378,1181 1468,1175 1557,1181 1647,1175 1736,1175 1826,1175 1915,1175 2005,1169 2095,1169 2184,1169 2274,1163 2363,1163 2453,1163 2542,1163 2632,1163 2721,1157 2811,1157 2900,1151 2990,1151 3079,1151 3169,1145 3258,1151 3348,1145"/>
                <TextEquiv>
                    <Unicode>meine Tat war rein wie je - ich durfte sie vollbringen - und so wollte</Unicode>
                </TextEquiv>
            </TextLine>
            <TextLine id="tr_1_tl_5" custom="readingOrder {index:4;}">
                <Coords points="655,1383 3352,1325 3254,1216 1003,1303 659,1205"/>
                <Baseline points="674,1348 763,1342 853,1342 943,1342 1032,1342 1122,1342 1211,1342 1301,1336 1390,1336 1480,1336 1569,1331 1659,1331 1748,1331 1838,1325 1927,1325 2017,1319 2106,1319 2196,1319 2286,1319 2375,1319 2465,1313 2554,1313 2644,1313 2733,1313 2823,1307 2912,1307 3002,1307 3091,1301 3181,1301 3270,1301 3360,1307"/>
                <TextEquiv>
                    <Unicode>ich auch. Ihn hab ich erwartet, Etzelt, Rutter - ihn, glaubt es mir.Die</Unicode>
                </TextEquiv>
            </TextLine>
            <TextLine id="tr_1_tl_6" custom="readingOrder {index:5;}">
                <Coords points="637,1510 3472,1491 3414,1314 2284,1430 2038,1347 1767,1430 641,1408"/>
                <Baseline points="656,1504 704,1498 793,1498 883,1498 972,1498 1062,1492 1151,1492 1241,1486 1331,1486 1420,1486 1510,1486 1599,1486 1689,1480 1778,1480 1868,1480 1957,1474 2047,1474 2136,1474 2226,1468 2315,1468 2405,1468 2494,1468 2584,1462 2673,1462 2763,1462 2853,1456 2942,1456 3032,1456 3121,1456 3211,1456 3300,1456 3390,1450 3479,1450"/>
                <TextEquiv>
                    <Unicode>letzte Gelegenheit war es, die sich bot und sie wollt' ich nuetzen. und da</Unicode>
                </TextEquiv>
            </TextLine>
            <TextLine id="tr_1_tl_7" custom="readingOrder {index:6;}">
                <Coords points="662,1672 3204,1669 3388,1633 3392,1473 2527,1488 2331,1586 666,1582"/>
                <Baseline points="686,1641 710,1647 799,1647 889,1647 978,1647 1068,1647 1157,1647 1247,1641 1336,1641 1426,1641 1516,1641 1605,1641 1695,1635 1784,1635 1874,1635 1963,1629 2053,1629 2142,1629 2232,1629 2321,1623 2411,1623 2500,1617 2590,1617 2679,1617 2769,1611 2858,1611 2948,1611 3038,1605 3127,1605 3217,1605 3306,1605 3396,1605"/>
                <TextEquiv>
                    <Unicode>trat mit einemmal unerwartet, ja vergessen, wie ein verzerrtes mild der</Unicode>
                </TextEquiv>
            </TextLine>
            <TextLine id="tr_1_tl_8" custom="readingOrder {index:7;}">
                <Coords points="659,1824 3450,1824 3475,1701 2672,1629 659,1730"/>
                <Baseline points="680,1802 704,1802 793,1802 883,1802 972,1796 1062,1802 1151,1796 1241,1796 1331,1796 1420,1796 1510,1796 1599,1796 1689,1790 1778,1790 1868,1784 1957,1784 2047,1778 2136,1778 2226,1778 2315,1778 2405,1772 2494,1772 2584,1766 2673,1766 2763,1766 2853,1766 2942,1766 3032,1766 3121,1760 3211,1760 3300,1760 3390,1760 3479,1760"/>
                <TextEquiv>
                    <Unicode>Erinnerung, die mir entgegen, die mich wieder zum Waren meines Schicksals</Unicode>
                </TextEquiv>
            </TextLine>
            <TextLine id="tr_1_tl_9" custom="readingOrder {index:8;}">
                <Coords points="655,1991 3015,1966 3019,1806 655,1915"/>
                <Baseline points="674,1963 698,1963 787,1957 877,1957 966,1957 1056,1951 1145,1951 1235,1951 1325,1945 1414,1945 1504,1945 1593,1939 1683,1939 1772,1939 1862,1939 1951,1939 2041,1933 2130,1933 2220,1933 2309,1927 2399,1927 2488,1927 2578,1927 2668,1921 2757,1921 2847,1921 2936,1915 3026,1915"/>
                <TextEquiv>
                    <Unicode>gemacht hatte - und sie - machte mich zum letzten Male dazu."</Unicode>
                </TextEquiv>
            </TextLine>
            <TextLine id="tr_1_tl_10" custom="readingOrder {index:9;}">
                <Coords points="666,2129 3341,2107 3410,1958 670,2027"/>
                <Baseline points="686,2106 734,2106 823,2106 913,2106 1002,2106 1092,2106 1181,2100 1271,2100 1360,2100 1450,2100 1539,2100 1629,2100 1718,2100 1808,2095 1898,2089 1987,2089 2077,2089 2166,2083 2256,2083 2345,2083 2435,2077 2524,2077 2614,2077 2703,2077 2793,2077 2882,2077 2972,2071 3061,2071 3151,2071 3240,2065 3330,2065 3420,2071"/>
                <TextEquiv>
                    <Unicode>Der Fuenfakter“ Das weite Land „das letzte Stuck der fuer diese Arbeit</Unicode>
                </TextEquiv>
            </TextLine>
        </TextRegion>
        <TextRegion id="tr_2" custom="readingOrder {index:1;}">
            <Coords points="662,2170 3569,2170 3569,3513 662,3513"/>
            <TextLine id="tr_2_tl_1" custom="readingOrder {index:0;}">
                <Coords points="666,2277 3421,2266 3482,2132 2748,2092 2074,2197 1651,2107 1430,2212 670,2208"/>
                <Baseline points="686,2268 716,2262 805,2262 895,2262 984,2262 1074,2262 1163,2262 1253,2256 1342,2256 1432,2256 1522,2250 1611,2250 1701,2250 1790,2250 1880,2250 1969,2244 2059,2244 2148,2244 2238,2238 2327,2238 2417,2238 2506,2232 2596,2232 2685,2232 2775,2226 2864,2226 2954,2226 3044,2226 3133,2226 3223,2226 3312,2226 3402,2220 3491,2220"/>
                <TextEquiv>
                    <Unicode>benutzten Tangelausgabe weist neben der Fuelle der Verwicklungen, wie man</Unicode>
                </TextEquiv>
            </TextLine>
            <TextLine id="tr_2_tl_2" custom="readingOrder {index:1;}">
                <Coords points="648,2440 3439,2465 3443,2266 2255,2259 1853,2353 948,2273 648,2360"/>
                <Baseline points="668,2417 674,2423 763,2417 853,2417 943,2417 1032,2411 1122,2411 1211,2411 1301,2411 1390,2405 1480,2405 1569,2405 1659,2405 1748,2399 1838,2405 1927,2405 2017,2399 2106,2393 2196,2393 2286,2393 2375,2393 2465,2387 2554,2387 2644,2387 2733,2387 2823,2387 2912,2381 3002,2381 3091,2381 3181,2381 3270,2375 3360,2375 3449,2381"/>
                <TextEquiv>
                    <Unicode>sie im "Jungen Medardus" verfolgen muss, die Knappheit und die dicht an</Unicode>
                </TextEquiv>
            </TextLine>
            <TextLine id="tr_2_tl_3" custom="readingOrder {index:2;}">
                <Coords points="637,2588 3428,2563 3334,2436 3099,2400 2342,2520 641,2487"/>
                <Baseline points="662,2572 752,2572 841,2572 931,2572 1020,2572 1110,2566 1199,2566 1289,2566 1378,2560 1468,2560 1557,2560 1647,2560 1736,2554 1826,2560 1915,2554 2005,2554 2095,2548 2184,2548 2274,2548 2363,2548 2453,2542 2542,2542 2632,2536 2721,2536 2811,2536 2900,2536 2990,2536 3079,2536 3169,2530 3258,2530 3348,2530 3437,2524"/>
                <TextEquiv>
                    <Unicode>die Ereignisse sich haltende nialogführung des "Grunen Kigadu", des Ana-</Unicode>
                </TextEquiv>
            </TextLine>
            <TextLine id="tr_2_tl_4" custom="readingOrder {index:3;}">
                <Coords points="655,2748 3385,2748 3388,2617 659,2668"/>
                <Baseline points="674,2727 710,2727 799,2727 889,2727 978,2721 1068,2721 1157,2721 1247,2721 1336,2721 1426,2721 1516,2715 1605,2715 1695,2715 1784,2709 1874,2709 1963,2709 2053,2703 2142,2703 2232,2703 2321,2703 2411,2703 2500,2697 2590,2697 2679,2697 2769,2691 2858,2691 2948,2691 3038,2691 3127,2685 3217,2685 3306,2685 3396,2691"/>
                <TextEquiv>
                    <Unicode>tol" auf.Die Symbolik wird durch geschickt gehandelte Aktschluesse und</Unicode>
                </TextEquiv>
            </TextLine>
            <TextLine id="tr_2_tl_5" custom="readingOrder {index:4;}">
                <Coords points="655,2947 3446,2853 3117,2740 659,2813"/>
                <Baseline points="674,2876 680,2882 769,2882 859,2882 949,2882 1038,2876 1128,2876 1217,2876 1307,2876 1396,2870 1486,2870 1575,2870 1665,2870 1754,2870 1844,2864 1933,2864 2023,2864 2112,2864 2202,2858 2291,2858 2381,2853 2471,2853 2560,2853 2650,2853 2739,2847 2829,2847 2918,2847 3008,2847 3097,2847 3187,2847 3276,2841 3366,2841 3455,2847"/>
                <TextEquiv>
                    <Unicode>durch den Schluss selbst betont. Mit Ausnahme der schon erwähnten Stelle</Unicode>
                </TextEquiv>
            </TextLine>
            <TextLine id="tr_2_tl_6" custom="readingOrder {index:5;}">
                <Coords points="655,3052 3511,3044 3562,2900 655,2983"/>
                <Baseline points="674,3038 704,3038 793,3038 883,3038 972,3038 1062,3032 1151,3032 1241,3032 1331,3032 1420,3032 1510,3026 1599,3026 1689,3026 1778,3020 1868,3020 1957,3020 2047,3014 2136,3014 2226,3014 2315,3014 2405,3008 2494,3008 2584,3002 2673,3008 2763,3002 2853,3002 2942,3002 3032,3002 3121,2996 3211,3002 3300,3002 3390,3002 3479,3002 3569,3002"/>
                <TextEquiv>
                    <Unicode>die des Titels Ermahnung tut, ist keine langere Stelle aus dem kunstvollen</Unicode>
                </TextEquiv>
            </TextLine>
            <TextLine id="tr_2_tl_7" custom="readingOrder {index:6;}">
                <Coords points="655,3196 3338,3196 3439,3077 655,3117"/>
                <Baseline points="674,3193 763,3193 853,3187 943,3193 1032,3187 1122,3187 1211,3187 1301,3181 1390,3181 1480,3181 1569,3181 1659,3175 1748,3175 1838,3175 1927,3175 2017,3175 2106,3175 2196,3169 2286,3169 2375,3169 2465,3163 2554,3163 2644,3157 2733,3163 2823,3157 2912,3151 3002,3157 3091,3157 3181,3151 3270,3151 3360,3151 3449,3151"/>
                <TextEquiv>
                    <Unicode>Gefuege zu entnehmen, oder vom Autor selbst der Idee gegenübergestellt.</Unicode>
                </TextEquiv>
            </TextLine>
            <TextLine id="tr_2_tl_8" custom="readingOrder {index:7;}">
                <Coords points="659,3359 3309,3367 3425,3356 3428,3247 659,3309"/>
                <Baseline points="680,3342 746,3348 835,3342 925,3342 1014,3342 1104,3342 1193,3342 1283,3336 1372,3336 1462,3336 1551,3336 1641,3330 1730,3330 1820,3330 1909,3324 1999,3324 2089,3324 2178,3324 2268,3324 2357,3324 2447,3318 2536,3318 2626,3312 2715,3312 2805,3312 2894,3312 2984,3306 3073,3306 3163,3306 3252,3306 3342,3306 3431,3306"/>
                <TextEquiv>
                    <Unicode>Gestalten und Worte bleiben innerhalb des Stuckes und das Werk verdent</Unicode>
                </TextEquiv>
            </TextLine>
            <TextLine id="tr_2_tl_9" custom="readingOrder {index:8;}">
                <Coords points="670,3522 938,3562 1408,3497 2147,3522 2147,3428 1785,3406 1039,3450 934,3396 673,3446"/>
                <Baseline points="692,3503 722,3503 811,3503 901,3497 990,3497 1080,3497 1169,3497 1259,3491 1348,3491 1438,3491 1527,3491 1617,3485 1707,3485 1796,3485 1886,3479 1975,3479 2065,3479 2154,3479"/>
                <TextEquiv>
                    <Unicode>eine Tragikmoedie genannt zu werdelt.</Unicode>
                </TextEquiv>
            </TextLine>
        </TextRegion>
    </Page>
</PcGts>
