3560 3928
3130 123 3309 287 15
634 200 3330 400 Lebensfolngrafie geliefert scheint. Hier herrscht
592 365 3347 526 der reine Naturalismus vor, der sonst zurück¬
578 526 3330 701 jedrängt wird von der sich darüber erhebenden,
582 596 3351 831 resp. hinein verliefenden Kunst Schnitzlers, mehr
578 740 3347 950 zu sehen und zu ihnen, als die materielle Natur
557 894 2264 1066 allein sehen und ahnen läßt.
652 971 3386 1199 Sein erster, im Jahre 1902 erschienener Stellen
585 1167 3389 1388 band „Die Frau des Weisen“, der außer dieser nach
589 1272 2015 1462 die Hevollen "Abschied"
2117 1279 3204 1472 Blumen und "die
603 1437 3228 1577 Tolden schweigen" enthält, bewegt sich meist
606 1535 3260 1710 um einen und denselben Mittelpunkt- und
613 1668 3246 1865 zwar um die Leiden, die eine verheiratete Trau¬
585 1844 3263 2001 wenn sie eine bließe Convenienzufe geschlossen.
592 1956 3267 2103 durchzumachen hat, wenn sie später in einem
603 2050 3344 2240 anderen Manne ihr Jolial findet, und seine Ge¬
620 2201 3295 2380 liebte wird. Aber Schnitzler weiß durch seine
606 2334 3270 2510 seelenentschleiernde Kunst die Schmerzen und
627 2443 3333 2643 Leiden einer solchen Frau so liefempfunden zu
603 2615 3232 2758 schildern, daß ihr anziehen werden muß, mit
606 2723 3302 2892 dem Hinweis darauf, daß die gewöhnliche Reche
610 2811 3333 3039 des Schicksals solchem Glücke herte Bußen aufer:
592 2993 3375 3172 legt. Und wenn das Christentum denen vergrift,
606 3130 3382 3277 die viel geliebt haben, so gewährt es diese Ver¬
652 3253 3410 3484 zeihung nur weil sie auch viel gelitten haben.
634 3344 3449 3568 und Schnitzler weiß euch diese durch die Tränen¬
613 3505 3158 3670 taufe zu göttlicher Leidenschaft werdenden
