4456 5592
445 474 4228 651 das wissen, bewirkt der Dichter die Spannung - diese Art, die Bühne auf die
402 565 4233 718 Bühne zu stellen (ich erinnere an Shakespeares „Hamlet")hat Schnitzler gerne
421 646 4094 805 angewandt - durch das Erscheinen des Herzogs und seine Ermordung lässt
402 704 4176 881 der Dichter diese Spannung und Herzensbeklemmung zu Zittern und Erschütte-
417 790 4152 953 rung werden, und so entsteht aus kleinster Wurzel, dem Spiel, die grösste
417 848 4224 1039 tragische Wirkung, der Mod. An der Leiche des Herzogs erhebt sich ein Sch=
436 958 4147 1111 Schlachtruf der französischen Revolution: „Es lebe die Freiheit!“ Jäh er-
426 1034 4042 1188 wacht jetzt der Zuschauer, der, durch die doppelte Bühne ein wenig ver-
436 1101 4042 1264 wirrt, geglaubt hat, er habe nur Spiel und nicht Wirklichkeit vor sich.
426 1145 4190 1346 Alle Personen der Groteske befleissigen sich einer möglichst wilden Gebär-
417 1264 4152 1394 de. Das kann man sich leisten; niemand wird sagen können, ob gewisse Wün¬
426 1336 4142 1494 sche und Flüche im Spiel oder Scherz gemacht worden sind. So begrüsst der
441 1422 3951 1566 Wirt die hochadligen Gäste als Schurken und Schweine, die hoffentlich
426 1456 4114 1647 nächstens das Volk umbringen werde. Zu Francois, Vicomte von Nogeant und
421 1561 4233 1714 Albin, Chevalier de la Tremouille, sagt er bei ihrem Eintritt: Guten Abend
436 1633 4099 1801 ihr Schweine.“ Als Francis meint, sie kämen heute etwas früh, entgegnet
445 1700 4157 1868 er: Du kannst dir ja unterdes mit deinem Lustknaben die Zeit vertreiben.
445 1777 4233 1949 Wenn das Scherz ist, dann ist es bestimmt ein etwas seltsamer Scherz, hinter
436 1882 4056 2040 dem verborgene Glut lauert. Und das kann auch kaum anders sein. Am Tage
445 1925 4205 2093 des Ausbruchs der grossen Revolution ist die Wut des Volkes gegen Adel und
426 2030 4224 2179 König auf dem Siedepunkt angelangt. Sie beginnt sich in gehässiger Rede zu
445 2107 4152 2256 entladen; die Noblesse lässt sich das alles gefallen; in ihrer Entnervung
445 2165 4252 2337 und geistigen Entkräftung trachtet sie immer wieder nach kitzligen Situati-
441 2270 4061 2404 onen, um der Erschlaffung für einige Zeit Herr zuwerden; sie merkt gar-
436 2332 4262 2476 nicht - wie sollte sie auch - dass die Bürger und Komödianten mit ihr spie¬
450 2414 4123 2552 len, und dass diese erniedrigende Behandlung für sie den Anfang vom Ende
455 2481 4243 2639 bedeutet. Weil der Dichter das ganze Geschehen einem Akt eingegliedert hat,
465 2567 3481 2710 trägt er zur Erhöhung der Bewegtheit nicht unwesentlich bei.
1010 2619 4209 2763 Wiß Oskar Walzel in seiner „Deutschen Literatur“ von Goethes Tod
455 2715 4166 2854 bis zur Gegenwart" gezeigt hat, „ist Arthur Schnitzler Ironiker im weite-
450 2792 4171 2940 sten, auch im romantischen Sinn des Wortes.“ Er gefällt sich gerne in der
465 2868 4056 3012 Rolle des sexuell Blasierten, nimmt aber sich und die Geschöpfe seiner
465 2912 4224 3094 Dichtungen meist nicht sehr ernst. In seinem Nachlassbande „ Die Berührung
450 3026 4133 3170 der sphären“ meint Hugo v. Hofmannsthal, je kühner Schnitzler die Ironie
450 3050 4272 3256 anwende und seine Motive mit ihr in die Enge treibe, desto weiter erscheine
469 3185 4281 3333 paradoxerweise sein geistiger Horizont. In welch'einer starken,künstlerisch
455 3261 4228 3405 meisterhaften Weise unser Dichter in dieser Beziehung sich auslassen kann,
469 3338 4281 3477 ersehen wir aus dem „Grünen Kakadu“. Aristokraten und Stromer tauschen hier
469 3410 4133 3548 die Rollen. Ein Komödiant wird Held. Er spielt, was er noch nicht erlebt
450 3477 4185 3659 hat. Die Mitspieler halten es für Wahrheit, die Zuschauer für Komödie? In
465 3568 4200 3716 einem Augenblick glauben beide Teile an Wahrheit, Der Schauspieler leugnet,
465 3644 4181 3774 einen Herzog erstochen zu haben. Der lebende Herzog tritt ein. Gipfel: er
469 3721 4085 3855 tötet ihn wirklich. In dieser Ironie, diesem übermütigen Spiel, das die
469 3807 3984 3932 Zuschauer munter und interessiert macht, um sie dann jäh in tragische
465 3836 4300 4018 Wirklichkeit zurückzustossen, liegt letztlich Schnitzlers besondere und höch-
469 3965 4281 4094 ste Kraft. Er beherrscht alle Instrumente und vermag auf diesen das „Forti
469 4037 3161 4195 simo" nicht am schlechtesten zum Erklingen zu bringen.
972 4152 4104 4315 Das merken wir auch aus seinem wohl grössten Bühnenwerke, dem
465 4267 4238 4401 „Jungen Medardus“. Auch hier Bewegtheit aus unvereinbaren Gegensätzen gebo-
465 4343 4233 4487 ren. Liebe vereint den jungen Wiener Helden Medardus mit Helene, der Toch-
479 4425 4205 4540 ter des französischen Herzogs Christophe Bernard von Valois; eingeborener
465 4501 4305 4616 Hass gegen die Familie der Valois, die seine Schwester in den Tod getrieben
455 4573 4291 4722 hat, und darüber hinaus, gegen alles, was französisch ist und heisst-Napole
488 4655 4209 4779 on, der das Leben seines Vaters auf dem Gewissen hat, galt von jeher sein
474 4736 4042 4865 Racheschwur -, ersticken diese Herzensneigung jeweils schon, bevor sie
465 4789 4205 4932 noch aufgeblüht ist. Es ist Schnitzler nicht möglich, den Kreis zu durch-
479 4841 4272 5019 brechen, den seine Pläne und Gedanken um ihn gezogen haben. Monach er auch
465 5004 4008 5148 greifen mag, in seiner Hand verwandelt es sich wieder in eines seiner
