4344 5448
2011 282 2233 469 -11-
664 263 851 492 1,1
859 767 3923 981 vielleicht annehmen, dass sich Schnitzler selbst in diesen Jahren
851 931 3702 1175 mit Schopenhauer beschäftigt hat. Dieser Fridolin Lux fühlte
862 1103 3637 1298 die ersten Regungen des Wissensdranges in sich, als er die
885 1263 3797 1443 ersten grauen Haare bekam. Seit drei Jahren, bekennt er, stehe
882 1393 3889 1630 er in der Vorhalle des heiligen Tempels, der da Wahrheit heisst.
885 1546 3851 1759 Sein Freund Winter aber versucht ihn aufzuklären und behauptet,
893 1691 3889 1912 er werde wie Tausende von andern, wie alle Menschen, sein Leben-
904 1866 3854 2068 langsanti 7chambrieren. Winter, mit dem sich wahrscheinlich der
893 1992 3786 2244 Dichter indentifiziert, fährt dann fort, seine Ansichten noch
908 2225 1874 2385 weiter zu erläutern:
1149 2278 3870 2538 William: Ich mache mir von diesem Tempel der Wahrheit über-
908 2496 3732 2668 haupt eine ganz eigene Vorstellung. Ich glaube, dass hinter
927 2626 3816 2816 dem Tore, das so fest geschlossen ist, wieder andere Menschen
931 2801 3679 2988 stehen, Menschen, die die Wahrheit von einer anderen Seite
939 2923 3828 3152 zu erstreben trachten und sich dabei ebenso lächerlich machen
939 3160 1568 3320 wie wir uns -
1179 3263 3225 3431 LUX: Aber wie meinen Sie das? Das wäre ja -
1187 3408 3728 3641 WIKTER: ironie - 7 Hm - und das Tor springt auf und wo
946 3541 3683 3767 jeder gemeint hat, dass sich nun die Wahrheit zeigen wird,
954 3702 2835 3946 zeigt sich ihm nur eine andere Partei
1202 3896 2752 4060 LUX: Und die Wahrheit selbst -?
1210 4011 3816 4217 William: Steckt vielleicht im Schldsselloch - 2 Denn ich
966 4160 3816 4373 bin überzeugt, dassbeste Wahrheit ist so klein, das wir sie
988 4286 3675 4530 auf den Nagel unseres kleinen Fangers schreiben könnten.
1221 4484 3656 4694 Auch Schnitzlers Einstellung zur Ehe wird in diesen
988 4633 3778 4866 frühen dramatischen Versuchen weiter beleuchtet. Sie unter-
988 4812 3740 5049 scheidet sich nicht wesentlich von der Auffassung, die wir
