4216 5368
452 397 656 594 G.C.F.P.
1815 277 2179 539 21
598 525 3403 732 noch nicht aufgefallen sein, was fuer komplizierte Subjekto wir Menschen
601 667 3400 918 im Grunde sind? So vieles hat zugleich Raum in uns - Liebe und Trug...
619 867 3429 1035 Treue und Treulosigkeit... Anbetung fuer die eine und verlangen nach ei-
619 987 3462 1228 ner andern oder nach mehreren. Wir verglichen wohl Ordnung in uns zu schaf-
605 1144 3432 1330 fen, so gut es geht, aber diese ordnung ist doch nur etwas kuenstliches...
612 1315 3451 1487 Das Natürliche.. ist das chaos. Ja, mein guter Hofreiter, die seele ist ein
630 1461 3341 1614 weites Land, wie ein Dichter es einmal ausdrueckte...Es kann uebrigens
619 1625 2073 1811 auch ein Hoteldirektor gewesen sein."
623 1775 3411 1938 Aus dem bis jetzt Gesagten laest sich schon schliessen, dass das maupt-
623 1924 3516 2073 augenmerk Schnitzlers auf die Entwicklung der Charaktere und der in ihnen
623 2073 3553 2296 schlummernden Schicksale gerichtet ist. Diese Entwicklung gibt die eigent-
623 2219 3429 2387 liche Handlung des Stueckes ab, alles andere ist Begebenheit, Mittel zum
619 2383 3378 2547 Zweck. So richtet sich denn auch der ganze grosse Apparat, der fuer die
630 2551 3454 2685 späteren stücke in Bewegung gesetzt wird, nach einigen wenigen Personen.
619 2733 3389 2835 Die andern sind, um nochmals die Worte des Arztes im "Ruf des Lebens" zu
612 2849 3505 2992 betonen, "nur da", nicht als Schicksale, sondern als Werkzeuge des Schick-
623 2992 3341 3185 sals. Es schliefst nicht aus, dass zur Erhöhung des Pfakts, zur Lebendig-
619 3148 3454 3363 machung der Idee und zur Verstärkung ihrer Wirkung Parallelen und Episo-
623 3345 3527 3480 den eingeschoben werden. Sie sind in allen Schnitzlerachen stücken zu fin -
630 3447 3389 3622 den. So wird im "Maerchen" dem freien verhältniss zwischen pelix Denner
638 3611 3465 3800 und Fanny das stets auf die landaufige Moral besuchte zwischen Adalbert
638 3771 3531 3935 Wandel und Clara gegenueber gestellt; in "Liebelei" ist es das tragisch
634 3917 3403 4110 ausgehende Verhältniss Christinens zu Fritz,dem das von beiden seiten
638 4052 3505 4241 nie ernst genommene verhältniss zwischen Mizi und Theodor zur geite geht
630 4201 3436 4442 im „Vermächtniss“: das freie und als äusserst glücklich geschilderte
