4264 5368
619 561 3476 769 Krieg zu ziehen und an Wapolson Rache fuer den Tod des Vaters zu neben.
623 714 3480 922 Ehe er noch auszieht, wird er an die Leiche seiner Schwester und der ihr
649 911 3578 1089 Liebhabers, des Prinzen von Valois, gerufen. Medardus bleibt in Wien um dez
641 1046 3451 1250 Tod seiner Schwester am Hause Valois zu raechen. Sein Hass wird also von
649 1206 3447 1370 der Person Napoleons auf das Haus Valois gelenkt. Im ersten Akt erfahren
649 1385 3374 1552 wir dass Helene, die einzige Tochter der Valois, die Raechorin ihres
649 1509 3465 1698 Hauses an Napeleon sein will.Helene und Medardus treffen sich am Grabe
649 1654 3494 1877 der durch Selbs mord geendeten und in gemeinsamer Erde bestatteten Fami-
652 1822 3578 2008 lienmitglieder.wolene findet Gefallen an dem eines grossen Hasses fähig
660 1938 3494 2164 Medardus. Akt II zeigt, wie das Rachegefühl des Medardus sich auf Helene
685 2110 3396 2339 Konzentriert; er will ihre Liebe zu ihm dazu benutzen sie zur Dirne zu
663 2266 3327 2507 machen. Im III.Akt sehen wir, wie der Plan des Medardus,wie der von
685 2456 3352 2638 Hebbels Judith,zu Schanden wird:die Schoenheit, die Reise Helenens
667 2572 3432 2766 drängen jeden Rachegedanken in den Hintergrund. Im IV.Akt wird das ur-
670 2736 3447 2926 sprüngliche Rachegefühl von neuem in ihm aufgeruettelt; sein Onkel wird
689 2857 3524 3104 von Soldaten Napoleons gefangen genommen und erschossen. Nun, da seine Ra-
689 3021 3429 3236 che an den Valois sinnlos geworden ist, wendet er sich mit neuer Kraft
689 3217 3520 3378 seinem ursprünglichen Plane zu: Napoleon aus der Welt zu schaffen. Da legt
700 3356 3534 3542 ihm Helene Valois den Gedanken des Napoleonmordes nahe- ihr zu Liebe, die
707 3480 3498 3717 ihn von seinem ursprünglichen Vorhaben abgelenkt,die ihn gezwungen hat,
700 3618 3462 3877 schwach zu werden, ihr zu Liebe soll er nun die Tat begehen. Der Gedanke
700 3841 2044 4023 entweiht die schon bereite Waffe.
721 3950 3545 4161 "Mich zu kaufen dachtest dufeinen Moerder aus mir zu machen im Solde der
703 4103 3447 4311 Valois? Du aus mir. Doch warum staun ich. Was hast du schon alles aus
711 4314 2288 4536 Ges. Werke, Band IV,Ende des IV,Aufzugs
