4264 5400
631 587 1950 810 schaft kraftvoller Uebermenschen.
634 682 3435 935 Schon dieser rein oberflaechliche Blick auf die Verschiedenheit der Be-
653 909 3490 1067 urteilung fordert eine eingehende Beschäftigung mit den Schnitzlersehen
653 1012 3498 1265 Werken heraus, noch ehe man sich der tiefer liegenden Beziehungen, die ich
656 1195 3600 1379 eingangs angedeutet habe, bewusst geworden ist oder versucht hat, sie nacher
649 1346 3454 1514 zu bestimmen. Es fehlt zunaechst an einer systematisch gefuehrten Unter-
660 1518 3542 1690 suchung und reststellung der in die konkrete Erscheinung tretenden Momen-
678 1661 3468 1866 te der Schnitzlerschen Seele, mit einem Worte der Form seiner Werke. Die
678 1796 3424 1987 vorliegende Arbeit bildet den Anfang zu einer solchen Untersuchung. Sie
686 1961 3406 2148 ist zunaechst nichts mehr als eine Zusammenstellung des bis jetzt von
671 2145 3435 2335 mir gesammelten Materials, das unzureichende Ergebniss eines oft unter-
671 2284 3512 2445 brochenen Studiums der Schnitzlerschen Werke nach ihrer technischen Sei-
682 2442 3472 2625 te hin, das einer nochmaligen Revision bedarf, ehe es zu einer einheitli-
689 2559 3523 2753 chen Wertung zusammengefasst werden kann. Ich habe bei der Zusammenstell-
697 2709 3454 2926 ung des Stoffes nach der auf der folgenden seite ausgefuehrten Ein-
700 2944 1840 3124 teilung zu verfahren gesucht.
