4200 5336
1989 335 2198 511 37
640 496 3421 727 Amadeus die reflektierende Caecilie, die langsam ueber ihren Schmerz, ihr
626 698 3486 860 Geschick hinauswachsende Frau. Am Schluss halt sie auf den zurückgelegten
648 835 3281 1032 Weg Rückschau, wie das in den späteren Stucken fast ausnahmslos ge-
662 968 3238 1176 schieht: “Wenn alles andre wahf gewesen ist,- dass wir beide uns so
666 1173 3475 1331 schnell darein gefunden in jener Stunde, da du mir deine Leidenschaft für
666 1299 3371 1511 die Graefin und ich dir meine weigung fuer Sigismund gestand- das ist
666 1461 3554 1651 nicht Wahrheit gewesen. Haetten wir einander damals unsern Zorn, unsere Er-
680 1619 3414 1831 bitterung, unsre Verzweiflung ins Gesicht geschrien, statt die Gefassten
673 1763 3400 1957 ud die Ueberlegenen zu spielen, dan m waeren wir wahr gewesen,Amadeus -
673 1943 1622 2133 und wir waren es nicht.“
698 2097 3443 2241 Also auch hier wieder Menschen, in denen wie bei Anatol, Fedor, Filippo,
680 2241 3493 2450 Gefuehl und Verstand im Widerstreit liegen, die nicht, reif sind ihre
669 2396 1899 2590 Welt“, die Welt ihres Verstandes.
680 2515 3425 2713 In "Marionetten" wird das Spiel des Verstandes mit der Wirklichkeit, mit
680 2677 3490 2874 dem wahren Gefu hl, dessen Tragik uns im Zwischenspiel nahe gelegt wurde,
673 2849 3518 2986 wieder aufgenommen. Allerdings muss auch der puprenspieler, wie Amadeus in
705 3000 3320 3198 "Zwischenspiel", das Gefahrliche dieses Spiels erkennen und vor der
716 3166 3403 3364 Wirklichkeit zurücktreten. In allen drei Stückn sprechen Handlung und
684 3317 3464 3508 der an das Ereigüiss geknuepfte Dialog eine selbstandige Sprache. Selbst
684 3479 3472 3637 die wieder am Schluss erfolgende Auslegung wird durch das Auftreten des
709 3655 2669 3803 "Unbekanten" sinnlich, durch Handlung vermittelt.
1795 3713 2223 3853 Symbolif
702 3795 3515 3928 Im „Ruf des Lebens“ tritt zur Melegerie des Titels, der Handlung, zu alle-
698 3932 3382 4083 gorischen Episoden und Wendungen des Dialogs,zum Schluss wieder der
702 4083 2130 4270 Rueckblick und Hinweis auf die Idee.
720 4245 3486 4393 Der Arzt:“Wenn Sie’s gefungen haben, das Leben das sie rief, dann wird es
