4248 5336
1528 539 3102 724 Die Tendenz in der Technik Schnitslers.
695 699 3479 898 Es wuerde weit ueber den Rahmen dieser Arbeit hinausfuhren, wollte ich
713 840 3551 1035 die Frage, ob die Stellungnahme zur Idem im Drama sich mit den gegenwar-
713 992 3435 1195 tig herrschenden Begriffen von Kunst vereinbaren laest, hier auch nür
699 1133 3504 1300 berühren. Ich muss mich auf eine Feststellung der Tatsachen beschränken
710 1318 3421 1510 und werde zunächst nachweisen, inwieweit Schnitzler seine Personen zur
695 1434 2234 1629 Idee des Dramas Stellung nehmen lasst.
695 1564 3537 1763 Mit dem Schluss des vorigen und mit der Einleitung zu diesem Kapitel ha-
713 1770 3522 1929 be ich denn schon meine Auffassung des Wortes Tendenz definiert:Stellung
702 1915 3464 2063 nahme zur Idee des Dramas, zu dem was uns der Dichter sagen oder zeigen
691 2071 3385 2259 will, zu der von ihm beabsichtigten Wirkung. Es bleibt sich meines Er-
677 2223 3587 2375 messens ganz gleich,ob des Dichters Absicht ein Protest gegen das Duell
699 2415 3540 2545 ein Wort fuer die Arbeiter ist, oder ob er uns gewisse Strömungen des Le-
691 2538 3446 2664 bens, gewisse Eigenarten eines individuellen Menschen oder merkwürdige,
673 2690 3493 2831 allen Menschen eigene Regungen und Erecheinungen im Selkenleben an Mand
684 2860 3414 3023 eines besonderen Falles darlegt. Gewiss, jeder Kunstler legt eine Ab-
673 2968 3566 3124 sicht in sein Werk und wenn es die ist, zu gefallen. Von einer Tendenz deV
677 3135 3501 3309 Technik moechte ich erst reden, wo das Kunstwerk selber diese Absicht be-
670 3309 3403 3482 tont, wenn die Absicht aus dem Ganzen aller technischen Wirkungsmittel
673 3450 3320 3624 heraustritt,wenn das Kunstwerk anstatt zu wirken zu reden anfangt.
666 3613 3475 3797 Bei Schnitzler gewährt eine Betrachtung dieser Neigung zum Tendenziosen
677 3761 3504 3935 einen besonderen Blick auf seine Persönlichkeit, insofern als sie zeigt,
681 3931 3577 4072 wie Schnitzler fortwährend an der Ueberwindung dieser weigung zu arbeite
659 4062 3566 4272 schrönt wie sie ihm bewusst wird, wie er eine Tugend macht aus ihr, und wie
659 4243 3544 4384 er anstelle der Sentimentalität, die mit dem pidaktischen wie im Volks-
