3544 3896
3112 118 3290 282 19
638 207 3184 424 Halllesigkeit solcher philosophischer Phresen.
581 392 3397 574 Und auch der junge Held, der mit Todesverachtung
545 510 3298 692 für des Vaterland zu sterben bereit ist, wird die
549 652 3380 831 Todesangst kennen lernen, wenn nicht ein rascher
581 774 3351 927 Hast ihm den erwäumten schönen Heldented be¬
549 891 3365 1045 reitet, sondern eine Wunde, die ihn erst Wenate
545 988 3387 1194 aus Krankenlager fesselt, langsam sein Lebens¬
538 1151 3287 1301 merk vorzehrt. So wäre auch die Geliebte im
549 1273 3401 1458 ersten Moment wirklich bereit gewesen mulig
538 1387 3376 1544 mit ihm zu sterben - als aber nach seinem langen
545 1472 3326 1679 und unendlich grauenvollen Krankenleger, in
553 1629 3333 1779 dem sie die Gesunde, alle Quelen und alle Ent¬
528 1718 3387 1932 setzen vor dem Tode mit durchgemacht, die Erinne
528 1872 3369 2039 rung an jenes Versprechen in ihr aufsteigt, da
542 1950 3405 2164 ist der aufopfernde Todesmut nicht mehr in ihr¬
560 2068 1929 2225 und das ist menschlich.
656 2192 3241 2371 Als ich dieses Buch zum erste umele gelesen
606 2324 3351 2524 hatte, da ergriff und erschütterte es mich so sehr
560 2449 3362 2620 daß ich wünschte, es wäre nie geschrieben wer¬
545 2531 3276 2749 den - oder ich hätte es nie gelesen – oder
563 2670 3340 2913 ich könnte es wieder vergessen - - aber es ist
578 2799 3330 3027 ja gut und schön – und gut auch, wenn man
549 2927 1226 3112 es kennt.
749 3023 3408 3258 Wenn ich mich nun Schnitzlers dramatischen
595 3219 3390 3430 Arbeiten zuwende, so will ich zunächst in aller
592 3344 3323 3544 Kürze seine historischen Versspiele besprechen.
