4472 5512
2013 407 2308 597 -4-
826 613 3821 912 Praxis hat Schnitzlers Talent, in dem vielfache Möglichkeiten zu
826 849 3848 1028 Ironie und Witzigkeit bereit lagen, davor bewahrt, jemals Oberflä-
826 1005 3945 1222 chenkunst und Amusierkunst zu werden. Die Strenge der Wissenschaft
818 1171 3747 1420 legte ihm auch Strenge des Anspruchs in der dichterischen Dar-
861 1354 1524 1559 stellung auf.
1249 1718 3774 1935 literarische Herkunft: Vor ihm ist im literarischen
807 1916 3906 2071 Raum Oesterreichs ein Vakuum. Grillparzer und Stifter sind gestor-
807 2052 3813 2219 ben, die Beide klassische deutsche Tradition ins Oesterreichische
815 2226 3689 2378 übersetzten, Grillparzer das weltbildnerische Drama Schillers,
807 2378 3879 2521 Stifter in seinem "Nachsommer" die grosse geruhsame epische Kosmik
849 2510 3855 2657 Goethes. Als repräsentativer Dichter gilt in Schnitzlers Jugend-
807 2657 3724 2886 jahren Adolf Wilbrandt, aus dem Heysekreis gekommen,schönbärtig
795 2812 3743 3006 und wie jener in pathetischen Flausch und Samtrock gehüllt; im
791 2979 3793 3142 Burgtheater herrscht neben seiner glatten Verskunst noch Bauern-
784 3138 3755 3289 felds gedämpfte katarrhalische Heiterkeit und vor allem die so-
784 3285 3689 3534 genannten Comtessenstücke,fromm und sorgfältig gesüsste Prosa
772 3510 3821 3669 und Poesie. Die amüsante, die geistreiche Form wiederlebt sich im
772 3596 3824 3782 Feuilleton der Neuen Freien Presse mit Hanslik und G.Spitzer aus
772 3755 3766 3949 beide sphären eigentlich noch Heinrich Heine-Welt, nur das Süsse
760 3921 3848 4174 und Bittere, nicht mehr zu anziehendem Widerspruch gemengt, sondern
772 4088 1796 4305 sorgfältig abgeteilt.
1121 4220 3894 4406 An diese Vorfahren schliesst sich Schnitzler nicht an. Ein
760 4395 3840 4565 Element in ihm widerstrebt der kritischen Witzigkeit, eine Neigung
749 4546 3836 4732 zu Ironie und Selbstbeobachtung dem Pathetischen der Burgtheater-
752 4717 3836 4895 theatralik. Es scheint, dass er in jungem Alter statt dieser Dich-
