4344 5496
1935 396 2098 512 -2-
1419 378 1612 548 P.
973 780 3670 1031 wöhnlichen Schulheften anzuvertrauen, falls er bei seiner
966 1006 2131 1212 Arbeit überrascht wurde.
1209 1096 3743 1318 Es braucht gar nicht besonders betont zu werden, dass
987 1209 3782 1470 diese Arbeiten, bis in sein frühes Mannesalter hinein, sehr
998 1408 3917 1644 wenig Eigenes an sich haben, besonders was die Form anbelangt.
991 1525 3634 1790 Das ist keineswegs verwunderlich, denn es ist bei allen
1006 1695 3775 1913 Dichtern von jeher der Fall gewesen. Seine schriftstelleri-
1013 1877 3677 2105 schen Versuche dieser Jahre waren Nachahmungen seiner je-
1020 1996 3764 2272 weiligen Lektüre. Schnitzler gab selbst ganz freimütig zu,
1020 2178 3728 2410 dass er in dieser Zeit die ganze Literaturgeschichte ein-
1038 2320 3942 2548 fach abgeschrieben habe. Das liegt oft so offenkundig zu Tage,
1038 2476 3746 2708 dass ein Forscher an Hand dieses Materiale ziemlich genau
1038 2628 3612 2904 feststellen könnte, mit welcher Lektüre sich der junge
1045 2784 3837 3031 Schnitzler jeweilig befasst habe. Es war eben seine litera-
1053 2937 3859 3194 rische Lehrlingszeit, in der er die Griffe kennenlernen und
1067 3129 2421 3350 sein Handgelenk üben musste.
1307 3220 3902 3448 Andrerseitsist es durchaus beachtenswert, wie frühreif,
1074 3409 3968 3601 wie selbständig im Denken und Beobachten Schnitzler in seinen
1078 3583 3750 3775 Knaben- und Jünglingsjahren doch schon war. Immer wieder
1093 3717 4004 3935 begegnet man Auffassungen, xxx Anschauungen und Formulierungen.
1078 3873 3761 4047 die eines reiferen Mannes durchaus würdig wären. Und das
1089 4026 3902 4258 Interessante dabei ist, dass man sie im späteren Schnitzler
1107 4164 3949 4410 oft wiederfindet und dass sie sich zum Teil noch bis zuletzt
1089 4287 4004 4563 mit seinen Anschauungen deckten. Nur wenige Monate vor seinen
1118 4483 3837 4748 Tode sprach er bei Gelegenheit davon, wie er sich oft
1114 4643 3822 4868 des Stiles seiner frühen Arbeiten schäme, wenn er sie einmal
