4392 5688
470 235 1453 533 V.ptorben und
979 386 2488 677 In Arthur Echnitzler  "  Gang zum Weibes"
1405 657 3949 872 Ist es ein historisches Drama? Ein modernes Schauspiel
800 832 3730 1051 im distanzierenden Kostüm vergangener Zeit? Keines von beiden:
800 979 3830 1174 es ist ein spiel, ein Spiel in Masken an jener schwebenden Grenze
800 1147 3949 1338 zwischen Realität und Märchen, wesenszugehörig diesem Dichter,in des-
808 1330 3643 1509 sen Art die seiner Vaterstadt eigene enge Beziehung von Arzt
816 1509 3870 1696 und Musiker zu produktiver Einheit geworden ist. Das scharfe klare
808 1596 3854 1823 Auge des Arztes ist es, das die Menschen sieht; das Gesetz des Mu-
812 1788 3858 1975 sikers, das sie bewegt, den Lauf des Geschehens rhythmisch regelnd.
812 1987 3838 2130 Hier geht es nicht um Logik des naturalistischen Dramas,nicht um
812 2138 3898 2301 das, was dort für Wirklichkeit, für Leben gilt; alles nur Gegenständ-
816 2257 3834 2484 liche, der Stoff, die Handlung im engeren Sinne wird letzten Endes
828 2377 3858 2616 belanglos, materielles Band, das das Spiel zusammenhält, nicht mehr.
828 2584 3842 2763 Wert und Wirkung liegen in anderem Bereiche: in der Wahrheit des
820 2735 3874 2918 Menschlichen,in der Harmonie des Formalen. So war es in jeder le-
840 2882 3858 3078 bendigen Kunst; nur ärmere Zeiten wie die unsere,streben gerne im
844 3026 3902 3233 rein Stofflichen, auf der untersten Stufe schon als bedeutend sich
832 3153 3977 3372 zu erweisen, da fraglich scheint, ob es ihnen auf höheren beschieden
824 3380 1481 3571 xsein möchte.
1393 3460 3882 3691 Dem Arzte, dem sachlich-liebevollen Betrachter mensch-
828 3663 3806 3902 licher Seele ist gegeben unverwirrbar diagnostischen Blicks die
852 3802 3898 3997 vielen Schichten zu durchdringen, die sich dem ursprünglichen Kern
840 4017 3886 4192 und seiner reinen Ausbildung überlagert haben —tradition, Gewohn-
844 4144 3818 4324 heit, Trägheit, Feigheit, Vorurteil, Lüge - und noch unter dem er -
840 4240 3949 4491 stickenden Druck ihrer Last vermag er das wahre Wesen, die gerechte
844 4443 3922 4638 Forderung auszuspielen. Solcherart durchleuchtet das letzte Stück
852 4646 4037 4817 des Dichters ein Grundverhältnis des Lebens: die ideellen Ansprüche,
852 4742 3926 4965 die an den Menschen als Glied einer Gemeinschaft, als Bürger eines
856 4897 3834 5100 Staates gerichtet werden und den Grad ihrer Berechtigung. Nur zu
852 5080 4049 5291 oft sieht man sich in diesem Bereiche der anspruchsvollen Herrschaft
944 5267 1163 5395 Dit zu
