4200 5320
1937 387 2097 572 33
594 550 2278 757 wohl auch seinen Preis wert gewesen sein.
648 750 3433 902 Marie:Ob ich's gefunden? Ich weiss es nicht mehr. Doch hab ich in dieser
637 858 3513 1025 einen Nacht erfahren, was andre Frauen nicht in tausend Tagen und Nachten
641 1086 3400 1209 Ich hab gesehen, wie Frauen betrügen, lecken, ehrlich sind und sterben,
637 1231 3429 1362 habe gesehen, wie Männer zittern, spielen und hoehnen und toeten. Und was
655 1369 2962 1539 ich sah war nur ein armes Vorspiel zu meinem Schicksal.“ -
655 1525 3357 1666 Derz Arzt:Sie leben, Marie.. und es war.. Auch seit jener Nacht und
637 1637 3321 1843 seit jenem xxx fliessen die Tage und Nachte weiter fuer Sie hin."
641 1832 3364 1995 Und mit dem fuer die Werke dieser späteren Periode charakteristischen
641 2003 3447 2137 Schluss:“ Und wer weiss, ob Ihnen nicht spaeter- viel spaeter einmal- aus
648 2100 3563 2299 einem Tag wie der Leutige, der Huf des Lebens viel reiner und tiefer inclu
659 2307 3484 2459 Seele klingen wird als an jenem andern,an dem Sie Dinge erlebt haben, die
637 2452 3064 2600 so furchtbare und gluehende Namen tragen wie Mord und Liebe."
637 2578 3484 2745 In "Komtesse Mizi" harmonieren wandlung und pialog,die Personen verblei-
659 2745 1716 2919 ben innerhalb der Handlung.
648 2886 3411 3074 "Der junge Medardus“ verraet uns im Gesprach mit seinem Freunde Etzelt,
648 3045 3335 3208 ahnlich wie Anatol seinem Freund Max, seine Seelenkampfe, und setzt am
655 3205 3190 3397 Schlüsse des Stucks die Beweggrunde seines Handelns auseinander:
677 3353 3534 3513 "Liebe? Vielleicht, Mutter, war es mehr.Hass, Sehnsucht, Bewunderung flak--
659 3527 3393 3672 kerten in trueben Cluten um ihr Bild in meiner Seele; erst als ich aus
648 3643 3451 3831 deinem Kunde vernahm, Etzelt, gestern im Schlosshof von Schoenbrunn, dass
655 3817 3487 3965 sie, die mir so gross und furchtbar erschienen Car -wie sie sich nun er-
666 3969 3487 4121 wiesen-, dass die ihrer Sendung untreu und des Kaisers Geliebte geworden-
655 4092 2017 4277 Ges. Werke.Bd 111, Seite 336.-345.
1083 4237 1767 4335 Bd.IV. Seite 287.
