4264 5384
1120 607 2287 827 II. Einleitung des Konflikts.
665 791 3446 983 Wie werden die personen eingefuhrt? Zunächst waere zu bemerken, dass die
676 936 3479 1091 Traeger der Hauptrolle, des Konflikts, nach altem und wohlbewaehrtem wus-
679 1069 3482 1250 ter selten gleich auftreten, sondern dass ihr Erscheinen erst durch ande-
690 1264 3490 1441 re personen vorbereitet wird.Ansnahmen machen „Das Maerchen“,in dem der
690 1409 3417 1543 eine Traeger des Konflikts, Fanny, gleich beim Aufgehen des ersten Vor-
683 1543 3374 1709 hangs anwesend ist, und "Der Ruf des Lebens", in dem uns Marie, die dem
697 1694 3417 1875 Rufedes Lebens Folgende, gleich im ersten Szenenbild gegenueber tritt.
690 1839 3504 2027 In „Zwischenspiel“ ist gleichfalls Amadeus in der ersten Szene schon auf
683 2023 3519 2178 der Buehne, doch zeigt sich Schnitzler insofern galant gegen die Trägerin
690 2175 3403 2312 der Rolle der saecilie, als er sie erst nach einer unsere Neugier aufs
679 2326 3584 2525 Auserste spannenden Vorbereitung auftreten laest. In manchen Stuecken tre-
708 2431 3591 2655 ten Hauptpersonen im ersten Akt, der nach altem Herkommen eine Einfuehrung
701 2641 3385 2800 der Hauptbeteiligten vermitteln soll, ueberhaupt nicht auf. So in dem
715 2764 3454 2944 ruenfakter" Der einsame Reg". Julian Fichtner tritt erst im zweiten Akt
697 2894 3457 3128 auf, und zwar wird der Zuschauer in diesem Akt direkt in seine Wohnung
715 3049 3486 3262 gefuehrt, ohne je seine Bekanntschaft gemacht zu haben. Die Verlegenheit,
697 3262 3544 3421 der wir durch diese informelle Lebensart des Autors ausgesetzt sind,wird
719 3410 3609 3558 durch Schnitzler dadurch sehr rasch abgewendet, dass er als erste sprechei-
719 3558 3511 3721 de Person den Herrn von Sala eintreten laest, den der Zuschauer bereits
719 3692 3591 3880 im ersten Akt kennen gelernt hat und der und dann gewissermassen als Be-
719 3847 3511 4035 sucher vorstellt. Einen aehnlichen Fall bietet,, Der Schleier der Beatrice
719 4032 3490 4180 Der Herzog tritt ebenfalis erst im zweiten Akt auf und steht von da an
733 4187 3555 4335 neben Beatrice und Loschi im Mittelpunkt des Interesses.Die Vorbereitung
