4456 5640
1223 298 1558 537 1 „ „ —: —:
2043 481 2199 600 -5-
876 645 3709 861 an das Schicksal" um das damals sehr moderne (durch Charcots
2878 798 3235 898 Hyppnose
869 854 3791 1036 Forschungen aktuell gewordene) Problem der Markase kreist, sagt
895 1025 3672 1189 der enigmatische Held am Schlüsse, nachdem er sich ein etwas
876 1152 3839 1305 gewagtes Spiel mit den braven Basler Bürgern erlaubt hat, bezie-
880 1323 3709 1476 hungsreich abschliessend: "Wir spielen alle, wer es weiss, ist
887 1487 3888 1644 klug". Und in "Frage an das Schicksal“ concludiert ganz ähnlich,
876 1655 3839 1800 wenn auch noch mehr in der Richtung zum Gesellschafts-Witzigen,
869 1804 3720 1942 ein junger Schwerenöter: "Also das Eine wird mir jetzt klar:
880 1964 3843 2110 dass die Weiber auch noch in der Hypnose lügen.“ Später werden,
880 2110 3769 2259 wie bei jedem wahren Dichter,aus den "Weibern" Frauen, aus dem
876 2292 3750 2389 Witz wird Weisheit, letzte schmerzliche Erkenntnis, traurig be-
887 2427 3623 2572 glückend, So heisst es in Schnitzlers letztem dramatischen
880 2561 3735 2702 Werk: "Der Gang zum Weiher", dessen Aufführung am Wiener Burg-
880 2714 3798 2878 theater er noch erlehen durfte,in einem unsterblich Vers: “Als
872 2870 3705 3030 lernte Leid sich leicht. Auch Leid ist Gnade.“ Hier wird die
876 3045 2255 3180 Philosophie lauterste Poesie,
1349 3172 3869 3332 Den Geist, den Schnitzler in seinem Dialog versprühte
876 3355 3843 3511 doch immer im Dienste dramatischer Charakteristik - sublimierte
876 3515 3750 3664 er in seinen letzten Jahren zu einem köstlichen kleinen Buch:
898 3668 3839 3817 "Buch der Sprüche und Bedenken“, von dem dieses Heft einen klei-
876 3813 3709 3981 nen Auszug enthält. Es ist ein rein philosophisches Buch, aber
876 3970 3754 4111 ein von lebendigster Anschauung völlig durchdrungenes, von der
876 4104 3694 4298 Art etwa, wie es die grossen Moralisten des französischen 17.
880 4279 3601 4466 und 18. Jahrhunderts, ein Chamfort, ein La Bruyère zu Papier
865 4451 3847 4622 brachten. Oder klingt es nicht wie von La Bruyère, wenn Schnitz-
865 4611 3806 4756 ler notiert: "Mit dem Ohr der Menschheit ist es so beschaffen,
865 4771 3731 4984 dass es den Schall zu verschlafen und erst durch das Escho zu
