3512 3880
3107 116 3287 277 32
583 221 3241 369 dem Dichter, der dichter dem Theaterdirekter
565 351 3322 520 Verwürfe machend, dichter und Publikum leihen
551 478 3280 629 einander aus, weil einer den anderen zu durch¬
520 593 3262 790 schauen glaubt, - bis zum Schluß der große unbe¬
537 706 3223 895 konnte Demaskeur kommt, und alle zusammen
523 804 3100 1018 durchschammt und richtet, war seiner eigenen
523 987 3171 1152 Mecht erschreckend. Denn da er die Welt das
530 1060 3167 1236 Scheins zu richten kommt, sieht er manchen mit
537 1180 3308 1387 hinsinken, der sich seiner Wirklichkeit brüften
558 1299 3048 1489 zu können glaubte. Eine Burleske, halb
548 1433 3181 1612 Scherro, halb Nreturno - mit einer Polonaise
527 1538 3350 1706 eingeleitet, mit einem Danee macabere schließend.
787 1710 3248 1854 So wie ich sie eben besprochen, so hatte ich
516 1815 3269 1973 der Reihe nach Schnitzlers Werke wieder durchge¬
509 1917 3308 2100 lesen - und als ich das lefte, die Morionetten, zu¬
499 2082 3192 2202 schlug und weglegte, da geschah dies in einer
513 2124 3192 2328 späten Nachtstunde, wo rings alles einsam leg,
523 2233 3294 2433 und alle belebenden Geräusche des Tages fehlten.
548 2356 3265 2525 Und wie ich in dieser einsamen Stunde zwischen
534 2511 3339 2669 der Anerkennung und Bewunderung für Schmitelern
516 2605 3132 2781 Kunst, und dem von ihr heraufbeschworenen
541 2711 3192 2928 Entsetzen vor der Lüge und Nichtigkeit des
579 2841 3195 3030 ganzen Lebens mich hinundhergeschleudert
541 2999 3339 3160 fühlte, da gelangte ich eben zu jener ingestiren,
534 3136 3230 3280 Impression, daß Schnitzler in seinen Werken
541 3244 3143 3406 ein imaginäres Bild der Wirklichkeit gibt,
516 3343 3332 3588 durch des der ganze Zauber des geheimnisvollen.
530 3466 2072 3648 ungerechten Lebens wohl.
