4424 5576
443 283 3939 543 Wort. Diese Bedeutung ist hier derart übersteigert, dass sich Filippe
434 467 4123 618 selbst den Tod gibt., eben darum, weil Beatrice ihm anscheinend untreu ge-
434 552 4024 703 worden ist. Und dieser Schein wird zur Wirklichkeit, wird überlebendig,
434 627 4071 788 ähnlich in jenem anderen Werke Schnitzlers, in dem er Zustände der fran-
434 693 4066 854 zösischen Revolution auf die Bühne bringt, dem "Grünen Kakadu". Wie dort
453 755 4133 934 so haben wir auch im Schleier der Beatrice“ das Gefühl, hier werde nichts
453 849 4137 1024 Vergangenes, sondern unsere eigene Welt gezeigt. Im Hintergrunde der Tra-
443 925 4033 1094 gödie lauert der Tod, der vor den Toren der Stadt seine Sense schärft.
443 953 4184 1161 Im Innern Bolognas durchmessen die Menschen Schicksale von gewaltiger Art.
448 1076 4213 1241 Der Herzog muss drei der ihm liebsten Menschen sterben sehen, Filippo, den
443 1165 4123 1326 Dichter, Beatrice, die jung angetraute Gattin und endlich den Grafen An-
453 1227 4137 1401 drea, den Freund, den Bruder der Braut Filippos, den ein Pfeil aus feind¬
458 1316 4161 1481 lichem Lager dahinstreckt. Beatrice muss erfahren, dass all dies unerhör-
462 1396 4071 1552 te Erleben den Sinn für sie habe, wie das grosse Staunen zu lehren, sie
462 1467 4142 1637 für die Wunder und Schauder des Daseins hellsichtig zu machen,-aber auch,
462 1538 4213 1712 dass dises Staunen ihr solche Müdigkeit auf die Lider legt, dass sie nicht
476 1646 4109 1793 weiterlehen kann. Voraussetzung für die Bewegtheit des Stückes ist aber,
472 1717 4038 1882 wie schon dargelegt, das Todesmotiv, dass die Menschen zwingt, sich noch
476 1769 4170 1934 einmal auszuleben, aufzutoben. Das Hochzeitsfest wird zur Orgie, weil die
467 1863 4085 2010 blühende Jugend der Stadt sich hier im Rausch und Taumel einer höchsten
476 1934 4029 2099 Lust für den Tod weiht. Diesem Tode kann niemand entgehen, und das ist
481 1981 4213 2175 die letzte und höchste Tragik, dass der jungen Beatrice Leben schon vorher
467 2095 4227 2241 verwirkt ist, kraft einer Schuld, dern die Menschen sie zeihen, die aber in
476 2213 1845 2363 Wirklichkeit nicht besteht.
863 2250 4260 2382 Unser Drama ist so überbewegt, dass selbst die Bühne nicht ausreicht
476 2326 4255 2467 all' dieses Leben aufzunehmen. Schnitzler geht weiter und lässt hinter der
462 2396 4076 2557 Bühne den Grafen Mariscotti hinrichten; Die Lustschreie der zum letzten
462 2486 4166 2642 Mal "Lebenden" Menge gellen von ferne und Cesare Borgia steht als drohen-
467 2590 3265 2717 der Schatten mit erhobenem Schwerte hinter jeder Szene.
873 2703 4189 2854 Arthur Schnitzler ist Impressionist und will wie Wilhelm Knevels
476 2793 4029 2934 in seinem Buche „Das moderne Drama“ zeigt, „ die Wirklichkeit in ihrer
486 2835 4147 3005 Wirkung auf die menschlicheIsyche darstellen, auf de Peyche des Künst¬
481 2906 4260 3090 lers und damit auf die des Espfangenden.“ In solcher Eindruckskunst bericht
491 3029 4194 3175 tet der Dichter nur die Eindrücke, die er vom Leben erhält und zeigt, wie
481 3085 4227 3241 die Vorgänge sich in den Menschen der Erzählung spiegeln. Wie Oskar Walzel
3378 3165 4147 3288 wird das innere
481 3189 3326 3331 in „Gehalt und Gestalt im Kunstwerk des Dichters“ sagt,
462 3265 4189 3439 Leben in dem Augenblicke erfasst, in dem es an die Oberfläche tritt. Not-
486 3335 4052 3482 wendig ist dann, dass die Bewegtheit des Lebens auch der Gestalt orga-
481 3411 4269 3557 nisch sich einprägt. Hier herrscht Bewegtheit des Lebens. Einmaliges, nicht
500 3500 4090 3637 ein für allemal Bestehendes offenbart lei Gehalt wie in der Gestalt. Ein
500 3529 4269 3741 Werden drückt sich aus, auch wenn nur ein einziger Augenblick erfasst wird
892 3665 3647 3807 Jede Handlung wird Zufall und abhängig vom Augenblick:
2543 3694 3849 3854 — Sicherheit ist nirgends.
1316 3826 3581 3944 Wir wissen nichts von andern, nicht von uns.
1311 3826 4213 4010 Wir spielen immer; wer es weiss, ist klug. (Paracelsus.
887 4048 4166 4166 So spielt dann im „Grünen Kakadu“ das Volk mit den im Besitz der
495 4118 4100 4260 Macht sich wähnenden Adeligen - am-vorabend der französischen Revolution.
491 4189 4208 4340 In einer Pariser Spelunke lässt sich am Spätnachmittag des Bastillenstur¬
495 4274 4175 4430 mes eine Gesellschaft blassierter Aristokraten von frechen Schauspielern
500 4350 4255 4496 zum Kitzel ihrer erschlafften Nerven allerlei Gewagtheiten und Verbrecher=
500 4439 4203 4557 szenen vorführen; und einer der Spieler erzählt dabei, dasser den Liebha-
495 4510 4170 4656 ber seiner ihm erst seit gestern angetrauten Frau, einen Herzog, bei ihr
500 4590 4269 4736 in der Garderobe getroffen und soeben erstochen habe. Der Wirt und die an-
505 4666 4180 4802 deren, die wissen, dass jene ihn wirklich mit dem Herzog betrügt, halten
500 4736 4255 4873 das, weil er so natürlich spielt, für Ernst, und so erfährt auch der Spie-
495 4831 4222 4968 ler die Wahrheit. Im gleichen Augenblick aber tritt der Herzog von Cadig-
495 4920 4203 5038 nan auf; und Henri, der Schauspieler, sticht ihn nieder. Die Menge flutet
500 5015 4180 5152 herein und lässt an der Leiche die Revolution leben, während die adeligen
