4328 5448
1979 289 2209 538 -26-
827 780 3745 1033 Gesellschaften erscheinen sie meistens nur auf Minuten, können
827 911 3674 1156 keinen Augenblick verziehen, da sie mit dem morgigen Frühig
839 1085 3725 1318 die Stadt wieder verlassen. Aber als einmal jemand nachmittag
839 1239 3749 1465 zu diesem rastlosen thepaar in die Wohnung ging, wurde ihm auf
851 1362 3852 1663 sein Klopfen nicht geöffnet, nicht etwa, weil sie beide verreist
851 1528 3733 1813 waren, sondern weil sie beide schliefen. Schnitzler erzählte
863 1702 3812 1944 allebst vor einigen Jahren, dass er sich mit diesem Ehepaar über
867 1849 3705 2059 seine eigenen Eltern lustig machen wollte, weil sie sich auf
867 2015 3713 2253 Reisen ühnlich ruhelos verhielten. Als Porträt seiner Eltern
871 2142 3800 2383 im eigentlichen Sinne war es nicht gemeint; es kam ihm nur auf
879 2367 2407 2545 den einen betreffenden Punkt an.
1108 2447 3674 2648 Es wäre natürlich leicht, an dem Stück Kritik zu üben.
887 2549 3947 2862 Es mangelt ihm noch sehr an Konzentration, ist sehr weitschweifig
903 2724 3959 2965 und redselig. Auch werden in etwas naiver Weise, aber mit grossem
911 2894 3650 3143 Ernst und einer gewissen Überlegenheit allerlei allgemeine
903 3072 3848 3306 Bemerkungen über das Leben und die Menschen eingeflochten, die
918 3238 3895 3440 seine eigene skeptische und aufgeklärte Weltanschauung darlegen
922 3369 3919 3618 sollen. Aber als das Werk eines Siebzehnjährigen ist es trotzdem
934 3547 3895 3769 beachtenswert, besonders was die Hauptthese anbelangt, weil sie
942 3654 3899 3943 schon Schnitzlers spätere Betrachtungsweise den Menschen gegen-
930 3828 3947 4089 über andeutet. In seinen ganzen Werk ist es ja nicht das ausser-
958 3979 3860 4212 liche Verhalten der Menschen, was ihn interessiert, sondern er
958 4129 3725 4386 will die tieferen Beweggründe und das eigentliche Wesen der
958 4323 2387 4521 handelnden Menschen ergründen.
1184 4450 3959 4687 Die objektive, kritische Einstellung zu seinem Werk, die er
942 4576 4129 4857 dann später immer mehr entwickelte, ist auch jetzt schon vorhanden
958 4750 3994 5043 Genau drei Jahre nach Beendigung des Stückes, also wenige Wochen
962 4901 3796 5142 nach seinem einundzwanzigsten Geburtstage, notierte er sich
