3544 3928
3158 136 3331 296 14.
539 184 3251 414 ein magisches Fluidum unter den Menschen
546 379 3258 539 ihre Absichten durchsetzen, ihre Ziele erreichen
570 497 3314 650 weil sie mit der attavistischen Schwäche des
584 609 3130 769 menschlichen Geistes allein übersinnlich
588 716 3255 915 Scheinenden gegenüber rechnen. Der Zufall
584 866 3300 1033 kommt ja dem Erwarteten gerne so zu Hilfe
567 963 3206 1141 daß das selbstverständlich Eintreffende oft
577 1116 3356 1297 wie ein mit dunklen, beschwärenden Müch¬
567 1262 3359 1450 ten der vierten dimensirn zusammenhängen:
567 1346 2479 1506 des Wunder erscheinen muß.
640 1433 3366 1676 Wir sind alle mehr oder minder dämmerserben
629 1627 3328 1756 und geneigt, trotz alles Teugnens ein we¬
605 1700 3356 1913 nig an Spiritismus zu glauben. Eine mit
584 1822 3342 2059 sicherer Bestimmtheit uns aufokträirte. Warher¬
560 1975 3290 2142 segung oder Prephezeiung – ein Fluch oder
553 2086 3262 2278 Familienverhängnis, können, vorher ver¬
560 2212 3304 2389 lecht oder nicht - in dem Moment, wo das
560 2351 3307 2528 Eintreffende in einer Kleinigkeit mit dem
577 2521 3324 2674 Verhergesagten übereinstimmt, unseren In¬
532 2629 3276 2855 tellekt soûggestig beeinflusten, daß auch
525 2754 3224 2932 der stärkste und närmal vereinlegte Mann
508 2852 3220 3060 dem Grauen, und dadurch dem Unterliegen
525 3032 1607 3203 zur Beute wird.
626 3130 3241 3300 dieses Magotische tritt uns in fast allen
588 3283 3342 3460 seinen Nacellen entgegen, mit Ausnahme
838 3411 3217 3613 Leutnant Gustl“, darin eine blosste
577 3446 855 3620 der¬
