4264 5384
680 574 3599 796 des Zuschauers auf das Frscheinen der Hauptpersonen geschieht bei Schnitz-
672 760 3519 981 ler nicht, wie man das noch bei Ibsen beobachten kann, durch das Gespräch
683 920 3410 1101 einer Tante mit einer alten pienerin ("Hedda Gabler") oder einer der
691 1061 3548 1272 Hauptpersonen mit einer Haushalterin ("Rosmersholm") sondern indem die def
687 1221 3373 1454 Hauptperson zunächst Stehenden, die selber einen bewegenden Teil der
683 1341 3504 1625 Handlung tragen,an vergangene Ereignisse oder an ihre gegenwartigen Be-
691 1538 3450 1701 ziehungen zu der Hauptperson ankauepfen und damit zugleich ihre eigne
694 1676 3410 1897 Stellung im Stueck erklaeren. Es geschieht das alles gesprächsweise, im
694 1825 3486 2010 Konversationsten, ohne dass die Absicht bemerkbar und die Stimmung ver-
694 1967 3493 2221 dorben wuerde. Diese Feststellung bezaht sich, das muss besonders betont
691 2170 3504 2345 werden, auf die Einfuchrung,also auf vie ersten Akte fast aller Strecke.
702 2286 3577 2486 Eine Ausnahme machen “Das Maerchen“ und “Der Ruf des Lebens“. In dem letz-
709 2475 3457 2635 teren Stueck sagt der Oberst Moser:“ Schweigen-ich? Ich will nicht. Ich
694 2628 3475 2777 will reden. Was mir durch den Sinn fachrt will ich reden." Und so redet
712 2759 3515 2984 er denn, macht uns auf kuerzestem Wege mit der vorgeschichte und mit den
712 2933 3439 3086 Personen bekannt und mit Ereignissen, die auf die spaere Entwicklung
709 3075 3471 3257 des Stuocks von Einfluss sind.Allerdings wird diese Redseligkeit durch
749 3235 3511 3421 die Krankheit, das rieber, des alten Moser entschuldigt oder doch wenigs-
727 3373 3402 3555 tens begreiflich gemacht. Im "Maerchen" wird die Thse, die entwickelt
727 3548 3562 3704 werden soll schon ziemlich breit im ersten Akt auseinandergesetzt. In den
720 3700 3475 3882 spaeteren Werken Schnitzlers erscheint der leéchte, jede Absicht ver-
723 3853 3566 3991 huellende Gespraechston, wie er in der Einfuhlung zur Anwendung kommt,
716 3991 3613 4198 auch auf die anderen Akte ausgedehnt, wenn auch nicht mit dem vollständi-
738 4169 3486 4333 gen selingen, wie man es in „Anatol“,in „Liebelei“, im „Gruenen kakadu“
720 4311 3566 4482 bewundern muss. In allen Stuecken der ersten Periode, mit Ausnahme der so-
