4280 5384
2986 365 3148 579 11
667 597 3447 752 Schauspieler und der einem unbestimmten Beruf nachgehenden menschen, an
682 737 3498 888 denen „das Interessante ist, dass sie, um mit Wite aus dem Maerchen“ zu re-
678 870 3484 1069 den,einem Kreis angehoeren, von dem man nicht recht weiss, was es fuer
682 1010 3583 1205 a Kreis is.“Da treffen sich denn die Menschen der freien und die Mensche“
682 1209 3450 1397 der durch die Konvention vorgeschriebenen Handlungsweise, und mit ihrem
682 1327 3465 1530 Zusammentreffen ist die Grundlage fuer einen Konflikt schon gegeben. Es
697 1500 3587 1674 ist aber weniger der Gegensatz, das scharfe Aufeinanderprallen zweier ver-
682 1692 3439 1832 schiedenen Welten, was den Konflikt ausmacht, als das leise gefuehl des
689 1814 3495 2002 Abstandes, der Einsamkeit, das in den Menschen Schnitzlers fast durchweg
678 1939 3458 2123 zum Ausdruck gelangt. In einem eigenen, abgeschlossenen Kreise spielen
689 2101 3531 2293 nur fuenf stuecke! "Die Gefaehrtin.-Lebendige Stunden.- - Der einsame Weg".
678 2267 3535 2426 Der Ruf des Lebens.- Das weite Land.“ Diese Stuecke fallen in die zweite
697 2392 3653 2591 Periode oder doch an die Grenze;die drei groesseren unter ihnen, die Fuehf
678 2544 3487 2750 akter,fallen sogar in die letzten sieben Jahre. Es ist sehr wahrschein-
675 2732 3531 2931 lich, dass die Verheiratung Schnitzlers, die ungefaehr in das Jahr IqoI
689 2897 3491 3071 fodellt, auf diese Vergesellschaftlichung einen Einfluss ausgeuebt hat.
697 3074 3469 3218 Gerade so gut ist moeglich, das die mit der Zeit ernster gewordne Bo-
700 3185 3546 3413 schaftigung mit der Trau den Dichter zum Eingehen einer Ehe veranlasst
700 3362 3454 3498 hat.Auffallend ist jedenfalls auch das Hervortreten der freien, vorur-
715 3528 3487 3657 teilslosen Frau aus den besseren Kreisen in der zweiten Periode.Ich ver-
697 3697 3465 3834 weise auf gestalten wie Frau abriele Wegrath und ihre Tochter Johanna
700 3834 3472 3977 ("Der einsame Weg"). Frau Caecilie Adams-Ortenburg und Graefin wosheim
719 3992 3484 4143 (”Zwischenspiel“), Marie Moser ("Der Ruf des Lebens") „Komtesse Mizzi in
697 4151 3469 4298 dem gleichnamigen Stueck, Frau Genia Hofreiter und Eva Wahl (Das weite
682 4276 3502 4494 Land"). Es ist nicht schwer in diesen gestalten verwandte Zuege und ver-
