4232 5384
2037 383 2345 614 19
1048 567 3378 762 gruenlich grau und des morgens fallen die Schatten der Bu-
1066 751 2186 939 chen darueber hin.Ich weiss.
1069 889 3186 1087 (Sie blickt zu ihn auf und lachelt. Beide gehen weiter)
643 1022 3443 1214 Damit schliesst der erste Akt. Am Schlusse des vierten Akts sehen wir Jo-
1506 1185 1785 1282 stehend
629 1199 3381 1387 hansa vor der Marmorbank und in den reich blickend. Im fünften Akt wird
647 1340 2388 1564 sie aus dem Teich als Beiche hervorgezogen.
647 1532 3515 1701 Die leise Knuepfung des Konflikts geschieht in diesem Stueck mit ganz be-
650 1655 3562 1853 sonderer Absicht, insofern als eben das Heimliche, das Einsame der Menschet
657 1832 3342 1994 seele eine sehr starke Wote in der tragischen Stimmung abgeben soll.
654 1987 3363 2153 Wiederum mit Absicht lasste Schnitzler der eigentlichen Handlung eine
654 2092 3389 2308 die Idee des Stucks markierende Parallele zur Seite gelen. Diese Techn-
665 2319 3472 2467 nik des Zufälligen, die fuer die Mehrzahl der Schnitzlerschen Werke cha-
661 2428 3407 2615 rakteristisch ist, findet in den Werken der zweite Periode ihre Durch-
654 2587 3277 2746 bildung, wenn auch nicht immer- und das bei der Verschiedenheit der
672 2713 3374 2962 Stoffe mit Recht- in dem Masse wie im "Elnsamen Weg". Es ist vielleicht
668 2904 3399 3110 diese leise Knupfung des Konflikts, welche das spätere lange verweilen
672 3049 3526 3233 auf dem Hoehepunkt, die Analysierung des zuruckgelegten Wegs und das Fest
672 3208 3435 3385 stellen soines Verhältnisses zu der grossen Lebensreise, besonders laut
679 3378 2691 3555 hervortreten lasst.Hierüber weiteres im V.Kapitel.
683 4216 1741 4396 Ges. Werke, Band III Seit
