3560 3960
3204 105 3366 270 22
551 205 3388 432 ehrlich verdammen, die z. B. dieses Märchen von
519 357 3370 577 den Gefallenen aus der Welt schaffen wollen, die
519 468 3348 641 den Mut haben wollen die Schranken niederzu¬
533 573 3297 768 reisten, die so ein unglückliches Geschäpf von
523 696 3424 879 der Gesellschaft trennen, die zeigt uns Schnitzler
537 832 3261 995 mit dem ihm geläufigen Hauch der außerhalb
533 944 3308 1128 stehenden Tronie so, daß wir eine schmerzliche
512 1060 3305 1283 Erregung empfinden, angesichts demaskierler
537 1189 3344 1351 menschlicher Schwäche. Wir kommen, so tief und
551 1294 3384 1463 edel auch die Seele das ungerechte Leid empfin¬
519 1405 3370 1600 dat, über das gewisse Etwas in der menschlichen
530 1514 3384 1701 Statur nicht hinweg, das uns Gesetzen, die wir
544 1669 3409 1874 längst als schreiend ungerecht und widersinnig
541 1791 3229 1939 erkannt haben, damülig folgen läßt. Das ist
541 1932 3323 2072 Attavismus, und diesem gegenüber bleibt jede
562 2000 3254 2169 ehrliche Absicht gedenkenlose Vorurteile abzu¬
573 2112 3193 2324 schaffen, blosse Utopil. Meg und Allen auch
566 2242 3409 2429 längst klar sein, daß wir einen anderen, einen
544 2342 3287 2526 besseren Gleuben in unserer Seele haben – wir
569 2483 3297 2649 werden vielleicht den Mut haben eine Setzung
544 2598 3370 2764 als ein schweres Unrecht an jenen Unglücklichen
548 2703 3355 2858 anzuklegen, den Mut in schönen Sentenzen für
537 2843 3406 3034 sie zu kämpfen und ihnen trügerisch beplücken.
533 2937 3380 3139 de Hoffnungen zu erwecken – aber keiner wird
541 3088 3348 3272 schließlich die Rolle des, der bladen Menge nun
541 3197 3333 3391 einmal lächerlich scheinenden Retters spielen
551 3326 3388 3557 wollen, und die Gefallene heiraten. Die Angst
537 3442 3333 3669 rer dem Zucken eines Lüchelns um die Mund¬
