4264 5400
666 364 1012 535 ersten
624 542 3407 748 er sich in der neueren Pariede seines Schaffens mit Vorliebe zugemandt.
638 741 3478 866 hat. Seit 1879 sind vier Fuenfakter entstanden: Der Schleier der Beatric###
645 859 3492 1019 Der einsame Weg.- Der Junge Medardus.- Das weite Land. Dem ersten Akt des
652 1009 3478 1190 umfangreichen Werkes "Der junge Medardus" geht ein Vorspiel voraus, gewis
656 1133 3471 1336 eine nicht häufige Erscheinung im modernen mama. Eine Summierung der mit
663 1315 3435 1507 Bezug auf die Akteinteilung gemachten Angaben ergibt denn, dass vier der
656 1450 3478 1643 sechs drei Dankter in die erste Haelfte des schnitzlerschen Schaffens, in die
659 1643 3514 1810 Zeit von 1889 bis 1890, fallen, nur zwei in die letzte.Die Fuenfakter da-
659 1782 3471 1960 gegen sind produkte der zweiten periode, wachrend sich die Einakter ziem-
666 1953 2908 2153 lich gleichmaessig auf die ganze Schaffenszeit verteilen.
656 2128 3418 2252 Zeit und Ort.Mit wenig Ausnahmen spielen die Stuecke in der Gegenwart
1172 2277 3542 2434 und in Wien oder in der Naehe von Wien. Die Ausnahmen von de V
666 2409 3500 2569 Regel sind" Paracelsus", ein Versspiel das uns in das Basel zu Beginn des
656 2552 3418 2723 18. Jahrhunderte fuehrt;Der gruene Kakadu“, ein Einakter, der in paris
659 2705 3485 2858 zur Zeit der Revolution spielt: Der Schleier der Beatrice, das erste der
649 2897 3496 3043 fünfaktigen Dramen:es spielt zu Bologna zur Beginn des 16. Jahrhunderts;
645 3011 3378 3200 In tapfere Cassian“ ein kurzes kuppenspiel, dessen Boden eine kleine
674 3161 3535 3350 deutsche Stadt zu Ende des 17. Jahrhunderts ist.pie beiden Puenfakter“ge
659 3318 3489 3475 Ruf des Lebens" und "Der junge Medardus" spielen wohl in der vergangen-
677 3478 3482 3646 heit ("Der Ruf des Lebens" Mitte des vorigen Jahrhunderts und "Der junge
702 3617 3161 3803 Medardus" im Jahre 1809), ihr Schauplatz ist aber wiederum Wien.
681 3778 3443 3966 Das Milieu.-Schnitzlers Menschen kennen die materielle Not nicht oder -
677 3942 3407 4116 und solche Menschen liebt Schnitzler besonders gern darzustellen- sie
666 4134 3418 4269 sind ueber die materielle Not erhaben. Seine welt ist in den werken der
674 4273 3535 4451 ersten Periode die Welt der Kuenstler, der Schriftsteller, der Maler, der
