3544 3944
3144 126 3347 281 20.
554 228 3193 421 Wenn auch Schnitzlers specifische Kunst, die
547 368 3193 582 blenke Lebenssituation anderner Menschen¬
540 488 3186 684 schickseln mit ihren Stimmungen und Kämpfen
540 660 3239 804 und ihrer schließlichen Resignation hinzuwerfen
533 775 3312 937 da nicht so ganz zur Geltung kommt, so weiß er
533 937 3225 1126 doch auch ein getreues Bild der Zeitverhältnisse
554 1028 3333 1228 zu entwerfen, die er z. B. im „Paracelsus" schil¬
547 1175 3312 1337 dert, wo das spießbürgerliche, wohlhebende Hand¬
551 1337 3340 1484 werk über die Gelahrsamkeit spatten zu dürfen
565 1425 3330 1621 glaubte. In die aphoristischen Schlußstrafe hat er
575 1544 3298 1818 wieder eine für alle Zeiten passende saphiflische
540 1681 3277 1902 Wehrheit und Weisheit zu legen gewußt. Wenn
544 1849 3351 2014 des Ganze, diesen eng gezogenen Grenzen einge¬
561 1965 3340 2158 paßt, etwas nüchtern und einfach scheint, so ist
551 2133 3368 2344 das vollste Absicht. wie es auch Absicht sein mag.
565 2211 3253 2418 wenn im "grünen Kakadu" die Verse etwas
579 2372 3344 2586 gesucht und gekünstelt klingen, weil in jener
575 2516 3326 2765 Zeit wieder jeder Bürger dem Chevalier geistig
572 2642 1730 2818 gleichflehen wollte.
737 2733 3379 2944 Auch in dem Versdrame "Der Schleier der Bea¬
582 2884 3351 3049 trice", das vielleicht noch lange nicht seiner ganzen
593 3021 3393 3158 Bedeutung nach gewürdigt wurde, weiß er Spenen voll
558 3119 3340 3326 stimmungsreicher Verse mit Situationen wechseln zu
540 3218 3344 3403 lassen, die uns ganz die Sitten und Gebräuche jener
565 3351 3330 3519 Zeit, aber auch die dazu gehörige Nervenbeschaffenheit
537 3456 3337 3625 der damals und dort lebenden Menschen schildern.
