4440 5560
397 440 4107 660 Hause, für diesen eine untreue Geliebte, in Wahrheit aber ein verzweifel-
402 555 4107 746 tes, in ihrer Liebe schwer gekränktes junges Weib. Den Anlass zu den fol-
397 631 4011 822 genden Verwicklungen bietet dieses Ereignis. Beatrice ist verlassen und
397 684 4117 894 nimmt die Liebeserklärung Vittorinos, des Gesellen ihres Vaters, an. Es ist
406 798 3983 966 der gleiche Nachmittag. Die zu gewärtigenden Aufregungen des kommenden
416 846 4164 1047 Tages schaffen auf den Strassen eine fieberhaft bewegte Atmosphäre. Herzog
402 956 4026 1138 Lionardo will für diesen Abend das schönste Mädchen von Bologna in sein
426 1038 4016 1214 Schloss führen. Rosina, die Schwester Beatricens, hofft, die Auerwählte
416 1124 3978 1281 zu sein. Inzwischen willigt Beatrice auf Drängen ihres kampfgerüsteten
402 1181 4069 1363 Bruders in die Ehe mit Vittorino ein. Im gleichen Augenblick, da sie zum
397 1272 4203 1434 Kirchgang aus dem Hause treten, kommt der Herzog vorbei, erblickt Beatrice
421 1344 4164 1520 ist von ihrer Unschuld hingerissen, verlangt sie zur Geliebten, verspricht
421 1430 4174 1592 ihr auf ihren Wunsch sogar die Ehe, die am gleichen Tage in der Kirche San
416 1506 4174 1664 Petron eingesegnet wird und bewirkt so, dass der betrübte Bräutigam seinem
421 1583 4174 1764 Leben mit einem Dolchstosse ein Ziel setzt. Zu der Hochzeitsfeier wird die
421 1669 4145 1860 ganze Stadt eingeladen. Beatrice eilt von der Festtafel fort zu ihrem ge-
416 1745 4193 1908 liebten Filippo, um mit ihnen zu sterben. Als dieser ihr einen Becher rei-
421 1822 3973 1989 nen Weins reicht und ihr sagt, sie tränke Gift, wird ihr plötzlich vor
426 1898 4026 2056 dem Sterben hang. Mit dem Ruf: „So wollt) ich's nicht!“ klagt sie um ihr
416 1922 4179 2137 anscheinend verlorenes Leben und stösst den Geliebten, der ihren blühenden
435 2051 4169 2204 Körper zum letzten Mal liebend umarmen will, von sich: „Schmäh' mich nicht!
435 2118 4131 2281 Es musste anders kommen! Aber so ist's wie ein Morden aus dem Hinterhalt.
421 2195 4083 2376 „Nieiglaubt’ ich, dass du tückisch bist und feig - jetzt hass' ich dich!“
440 2281 4035 2453 Filippo sagt ihr nun die Wahrheit, dass sie kein Gift genossen habe und
426 2348 4179 2529 gänzlich frei sei: Es war kein Quentchen Tod in diesem Wein, und wie zuvor
426 2458 4035 2606 ist alles Leben dein.“ Beatrice bittet ihn um Verzeihung. Er aber sagt,
426 2472 4145 2682 es gebe nichts zu verzeihen, sie habe ja garnicht gefehlt: Nur ist's dein
449 2620 4155 2744 Wesen, dass mit jedem Pulsschlag durch deine Adern andere Wahrheit rinnt.
445 2654 4188 2830 Danach schickt er sie fort. Sie aber will jetzt bleiben. Vergebens. Er grei
445 2744 4198 2912 zu einem wirklichen Giftbacher und sinkt sterbend zu Boden. Beatrice wirft
445 2830 4160 2988 sich voller Verzeiflungüber ihn, nimmt die Giftschale in die Hand, daraus
440 2902 4198 3065 zu trinken, hat dann jedoch wiederum nicht den Mut dazu, reisst in ihrer M
445 2988 4222 3141 Angst die Vorhänge des Alkovens herunter, läuft hinaus und schreit wie von
459 3070 4011 3213 Sinnen „Leben!--“ Und immer bewegter wird es in Bologna. Die schönsten
445 3127 4203 3290 Famuen und Mädchen der Stadt sind zur Hochzeitsfeier geladen. Auch Filippe
440 3232 4169 3380 Loschi soll auf des Herzogs Geheiss daran teilnehmen. Mariscotti, der von
449 3285 4212 3452 Cesar Borgia zum Nachfolger Lionardos ausersehen war und im Kerker schmach
459 3390 4208 3524 tet, muss auf des Herzogs Wunsch das Fest erleben und alle Freuden und Be-
445 3466 4016 3643 gierden dieser wundersamen Nacht durchkosten, um endlich enthauptet zu
464 3596 808 3729 werden:
2783 3596 3017 3739 dann
999 3701 2945 3820 Geleite man ihn höflich in den Garten.
999 3782 2988 3897 Dort aber- bind' man ihn an einen Baum,
1018 3873 2830 3973 Inmitten aller dieser Lustbarkeiten.
1018 3916 2964 4050 Das Lachen und die Seufzer wilder Lust
1018 4026 2864 4126 Umtön' ihn, seine Blicke tauchen ein
1018 4098 2888 4208 In üppiges Gewirr berauschter Leiber
1014 4145 3098 4327 Was Menschen seiner Art an Vonnen kennen,
1023 4251 2921 4356 Im Flackerleuchten dieser roten Nacht
1023 4332 2850 4437 Tanzi es um ihn, dass wütende Begier
1018 4370 2998 4533 Ihm in die kettenlahmen Glieder fahre.-
1014 4470 2501 4595 Ihr aber Guidetto, neben ihn
1023 4514 3323 4671 Stellz Euch mit blossem Degen hin und wartet,
3729 4389 3925 4676 1
1014 4633 2974 4757 Bts Buch Befehl wird, in den Morgentau
1018 4686 3500 4829 Zertretnen Wiesengrüns sein Haupt zu schleudern!
459 4786 3677 4929 Alle Kinder, die aus den Entzückungen dieser Nacht hervorgehen,
459 4858 4246 5001 nennt Herzog Lionardo schon jetzt adlig geboren. Herrliche Lampions glühen
469 4944 4270 5078 im Garten auf und buntes Leben erwacht in den Laubenhainen, Gängen und Grot
464 5049 4188 5212 ten des Paris. Doch jählings brechen auf einmal Musik Tanz und Festgelage
469 5164 4308 5341 ab, denn Lionardo stürmt durch den Garten mit dem Rufs, Die Herzogin ist ford
