4520 5768
920 444 1482 724 Vünsere, sich über die wäre, eine
3157 506 3341 676 1 1/2
1985 591 2177 736 -5-
869 835 3600 1098 - Truppen vor dem Friedhof. Zurückkehrende, Geschlagene. Er
839 957 3693 1249 erfährt, was alles geschehen. Napoleon. So völlig erniedrigt
839 1290 1201 1475 war er.
858 1308 3826 1560 Schönbrunn. Adel will seine Aufwartung machen. Medardus wartet,
529 1427 710 1626 IX.
858 1523 3718 1745 um Napeleon umzubringen, statt dessen kommt ihm der Herzog in
869 1722 3005 1966 die Quere; er will ihn töten oder tötet sie?"
1449 1844 3781 2103 Im Jahre 1902 erfolgt die erste Niederschrift des
898 2099 3737 2295 Dramas in 14 Bildern. Aus dieser ersten Fassung sei hier ein
894 2277 3707 2476 später verworfener Monologentwurf mitgeteilt. Den Platz, den
906 2447 3637 2621 er im Stück hätte einnehmen sollen, erfahren wir aus einem
906 2576 3792 2839 Szenarium, das etwa derselben Zeit entstammt. Dort heisst es:
935 2761 3815 2931 "Eschenbach wird erschossen, dadurch komnt Medardus erst recht
906 2935 3818 3127 zu sich. Er will sich reinigen. Die Mutter legt ihm nahe, wie
906 3097 1833 3275 er das tun könnte.“
1748 3208 2011 3323 Entwurf.
1512 3260 3770 3423 Der Montag - im Szenarium: "Auf dem Friedhof.
909 3408 3179 3563 Medardus am Grabe seiner Schwester." - lautet:
1227 3545 3929 3722 "Treibt's mich zu dir - Schwester.liebe, liebe Schwester?
1249 3730 3848 3903 Zürnst du mir, dass ich meinen Schwur nicht habe halten
1216 3892 3807 4070 können? dass du ungesühnt im Grabe liegst? Ja, ich habe
1231 4051 3818 4262 eine grosse Schuld auf mich geladen. Wie hab' ich mich
1227 4243 3981 4432 vermessen! Ich habe strafen wollen, aber ich war zu klein,
1223 4395 4025 4606 zu schlecht, zu schwach. Ich hätte mich drein geben müssen.
1275 4572 3770 4746 Ich war nicht wahrhaftig gegen mich. Während ich mir
1238 4720 3770 4872 vorgespielt habe, dass ich räche, habe ich nur an meine
1238 4846 1929 5056 Wonne gedacht.
1227 4997 3977 5223 Aber nun ist das eine abgetane Sache. Nun hab' ich meinen
