4264 5400
635 571 3407 809 die Menschen nähern sich einander oder sie erfalren, wie weit getrennt
639 781 3446 955 sie in Wirklichkeit von einander leben und der Zuschauer oder der Leser
639 930 3403 1125 steht erstaunt vor diesen Rätseln und Merkwurdigkeiten, die ihm selber
657 1043 3400 1249 schon durch den Sinn gegangen sind und die er nun Fleisch und Blut ge-
657 1239 3435 1430 worden vor sich vorneber ziehen sieht. So laest der erste Akt vom "Ein-
657 1370 3496 1558 samen Weg“, um ein Beispiel anzufuehren, keinerlei Schliesse auf den wei-
660 1522 3364 1753 teren Gang des Stueckes, auf den Konflikt zu.Schnitzler folgt dem von
660 1710 3400 1881 Hebbel in seinem Tagebuch vom So. Mai 1847 ausgesprochenen Grundsatz:
667 1835 3527 2041 "das Notwendige bringen, aber in der vorm des Zufälligen" in seiner ei-
678 1987 3503 2182 genen Weise. Ueber die inneren Beziehungen zwischen Johanna und Sala gibt
671 2097 3499 2339 lediglich das folgende Zwiegespräch am Ende des ersteht Akts eine Andeu-
678 2371 887 2516 tung:
905 2431 3315 2654 Sala:Und wann sind Sie denn an meinem Hause voruebergekommen?
905 2630 2473 2786 Johanna: Das ist nicht lange her- heute.
898 2782 1370 2967 Sala:Heute?
919 2931 2374 3112 Johan a:Ich bin ringsherum gegangen.
923 3052 3393 3268 Sala:So? Hingsherum! Haben Sie auch die kleine Tuer gesehen, die
1104 3222 2417 3446 direkt in den Wald hineinfuehrt?
916 3350 3481 3588 Johanna:Ja, aber von dort aus ist das Haus beinah unsichtbar. Das
1196 3552 3559 3747 Laub ist ganz dicht. Wo moegen denn die roemischen Kaiserbus
1203 3733 1608 3936 ten sein?
916 3861 3474 4014 Sala:Die stehen auf Säulen, am Eingang einer Allee.Gleich daneben
1132 4038 3439 4188 ist eine Marmorbank und vor der Marmorhank ist ein kleiner
1125 4177 1764 4393 Teich angelegt.
923 4312 3396 4553 Johanna: Wie Sie uns damals erzählten: Und das Wasser schirmert
