3544 3928
3160 134 3346 281 10.
612 228 3269 373 Was Oskar Wilde, der diese Warte als seine
569 348 3301 538 letzte und wahre Überzeugung niederschrieb
569 499 3388 692 erst an der Schwelle des Grobes, im Gefängnis
576 622 3202 812 an sich und Anderen erfuhr - das empfindet
580 728 3364 939 Schnitzler schon jetzt inmittel seines Wirkens
576 854 3272 1083 und Schossens- und aus solcher Liebe zu er¬
580 1030 3329 1220 haben schönen, reinen Schmerz ist eines der
594 1142 3406 1311 besten unserer modernen Dramen – ist Schnitzlers
629 1269 3367 1438 Liebelei" entstanden, darin er süste Jugend
573 1402 3374 1631 in grüner Lenzstimmung vor unseren Augen¬
562 1578 3357 1740 liebestrunken dem traurigen Ende entgegen¬
566 1684 3156 1870 taumeln läßt. Eine Menschenknespe, in
569 1845 3244 2004 innig zerter, meiner Liebe eben erblühend,
576 1947 3234 2130 muß zu Grunde gehen, weil der Geliebte
580 2134 3325 2260 in den Hetzen einer verheirateten Frau ver¬
583 2197 3399 2422 frügen blind an dem ihm winckenden schuld¬
573 2341 3371 2562 lesen Glücke vorübergeht, um plücklose Schuld
583 2475 3399 2685 mit dem Tode zu büßen – arm Gatten der Ge¬
576 2629 1645 2819 liebten erschossen.
671 2759 3431 2935 Und wenn ich "Liebelei" sein schönstes drama¬
619 2903 3336 3135 nenne, so muß ich Anatrl das subjektirete
601 3005 3364 3209 seiner Werke nennen – in diesem Sinne viel¬
594 3149 3410 3350 leicht sein chef d' œuvres. Es ist erfüllt mit
636 3276 3431 3476 henen wunderbaren für de sieile Stimmungen,
605 3388 3322 3557 die auf uns alle mächtig eingewirkt haben
