4312 5432
1873 264 2068 518 -6-
1149 771 3731 1021 in einem anderen Gedicht aus diesen Jahren, "Vereinigt
918 962 3687 1197 Sterben,“ finden wir denselben Gedankengang. Fritz bewirbt
944 1116 3628 1396 sich um Olgas Liebe, ohne sie jedoch ehelichen zu wollen,
948 1304 2332 1535 denn er weiss und erklärt ihr
2016 1418 3474 1568 dass man glücklich werden kann
1197 1524 3224 1693 Auch ohne Trauring, ohne Kirch und Pfaffen.
1201 1576 3368 1755 Was hat die Lieb mit solchem Tand zu schaffen.
1201 1682 3702 1932 Mit dieser Auffassung der Ehe war es dem Achtzehnjäh-
959 1877 3628 2060 rigen gewiss ernst, bei seiner scharfen Beobachtungsgabe
984 2038 3695 2240 und seinem klugen Kopf hatte er bald die ganze Unwahrheit
995 2170 3944 2376 und innere Hohlheit dieser „göttlichen Einrichtung durchschaut,
995 2328 3797 2589 wiesie in seiner Umgebung gepflogen wurde. Immer findet man
992 2409 3849 2718 eine ähnliche Einstellung. Arst in späteren Jahren behandelt
995 2637 3941 2868 er das problem der ehe in ernster und eingehender Weise,, aber
995 2795 3753 2993 auch dann hat die kirchliche oder staatliche Zeremonie mit
1017 2912 3750 3155 der eigentlichen Frage nichts geschaffen; es ist dann eine
1006 3111 3819 3313 Prüfung der Bedingungen, unter denen zwei Menschen als Mann
1006 3291 2960 3496 und Frau zusammenleben können und dürfen.
1249 3434 3717 3625 Sehr früh auch zeigt sich eine gewisse Enttäuschung,
1025 3581 3739 3768 Weltmüdigkeit und Resignation, Gefühle, die öfters ausge-
1039 3702 3992 3974 sprochen werden. Noch als Mulus schrieb er die folgenden Verses
1263 3926 2813 4054 Ringt euch los vom Menschenleben
1285 3974 3074 4132 Dann wird sich alles von selber geben.
1282 4091 2751 4216 Aber hienieden auf dieser Erde,
1278 4095 3283 4304 Glaubt nicht, dass es jemals besser werde.
1282 4242 4003 4466 Obgleich es in den etwas späterén veröffentlichten Werken
1058 4429 3963 4642 eine ungleich grössere holle spielt, begegnen wir hier und da
1061 4558 3863 4763 auch dem Thema der weiblichen Untreue und der damit verbun-
1818 4727 2262 4833 Eifersucht
1058 4727 3933 4984 denen männlichen untreue. In etwas humorvoller Weise wird es
1054 4895 3955 5108 behandelt in einem Gedicht, das im Jahre 1889 niedergeschrie-
