3576 3944
3178 111 3354 237 21.
542 248 3422 427 Seine Heldin Beatrice ist ein eigenartig interessen.
521 348 3365 524 ter Frauencharakter - denn sie ist nicht so derge¬
496 463 3304 707 stellt, daß sie in berechtigler Kraft und Grüße
510 603 3229 812 der Leidenschaft, die über Teichen und Schicksale
510 740 3207 930 hinwegschreitet, nur sich selbst als Endzwick
524 851 3160 1045 alles daseins anerkennt, wie z. B. Wilde’s
560 1009 3361 1156 Salome- - sondern als die schlichte Tochter eines
539 1110 3369 1264 armseligen Wappenschneiders, und es unweht
539 1199 3397 1368 die Tragik impulsiver Unentschlossenheit diesen
549 1322 2079 1530 gewesen Frauenhankler
672 1440 3379 1591 Bei der habe ich dieses Versdrema auf der Bühne
611 1526 3394 1742 nicht aufgeführt gesehen, und kann mir daher
585 1663 3408 1832 kein ganz verurtheilfreies Bild von der drame¬
582 1763 3440 1939 tischen Wirkung machen, weil gerade die lebendliche
560 1878 3390 2051 und belobende Danstellung bei Versdienen manches
567 2011 3405 2169 weit erlärlicher erscheinen läßt, als es beim Lesen
549 2119 1436 2309 sich ausnimmt.
718 2169 3405 2370 In dem medernen und ebendfüllenden Schauspiel
585 2284 3415 2507 " des Märchen" zeigt uns Schnitzler, daß der gu¬
575 2385 3419 2600 te Wille eines Menschen oder einer ganzen Men¬
578 2503 3397 2726 schenklasse, sich über alte Vorurteile hinwegzu¬
582 2614 3286 2819 setzen, meist in der Theorin, in schönen Worten
571 2729 3394 2930 stecken bleibt, und davor zurückschreckt durch
578 2848 3351 3031 die Tat dafür einzustehen. Über die tief in der
589 3002 3300 3132 menschlichen Natur nistende Angst und Scheu¬
582 3110 3433 3243 vor dem Urteil der Menge ist eben auch nicht so
578 3211 3257 3376 leicht hinwegzukommen. Die Sansitiven, die
585 3308 3408 3480 Madernen, die mit ihren Paradoxen die Sünden
589 3458 3444 3627 einer ganz jedankenlosen Gesellschaftsordnung
