4488 5656
1110 915 2972 1028 Notizen zum Erzähler Arthur Schnitzler.
2699 1001 3089 1091 rend...
1098 1036 2543 1172 + * * x * * * / * * - * * r * * 3 1/3
1940 1176 2115 1270 von
1893 1270 2181 1336 rende
1601 1391 2240 1507 Stefan Zweig.
1624 1500 2384 1570 +  ==================
1207 1788 3802 2002 Atmosphäre: In jenen Jugendjahren, die entscheidend für
872 1951 3911 2123 die Lebenseindrücke eines Dichters sind, sieht Arthur Schnitzler,
880 2146 3763 2294 der Vierzahnjährige, der Fünfzehnjährige, der Zwanzigjähnige um
880 2298 3840 2446 sich in Wien eine geordnete und sinnvoll abgeteilte Welt. Jener
892 2454 3813 2614 Begriff, den man Gesellschaft nennt, hat sich im Mittelpunkt des
880 2625 3879 2765 alten Habsburger Reiches zu höchster (und letzter) Blüte entfal-
872 2777 3770 2906 tet, eine kulturell geeinte, geistige Gemeinschaft mit deutlich
872 2929 4000 3069 abgegrenzten sozialen Schichten. Den obersten und unzugänglichsten
880 3085 3724 3221 dieser Kreise bildet der Hof, dann kommen Hochadel, die kleine
892 3237 3837 3400 Aristokratie,die sich an ihren Endpunkten dann wieder den näch-
892 3396 3895 3548 sten unteren Schichten, dem Militär, der Beamtenschaft, der Univer-
884 3537 3856 3692 sität, dem Bürgerstand und der jüdischen Finanzwelt anschliesst.
884 3720 3907 3848 Jeder dieser Gesellschaftskreise hat seine eigenen Lebensformen,
896 3864 3992 4016 seine bestimmten Quartiere, Klubs,Restaurants,und sonstigen Gemein-
904 3988 3950 4183 schaftspunkte, sie haben sogar innerhalb des österreichischen Dia-
904 4199 3911 4343 lekts ihren besonderen Dialekt, ihre eigene Sprache, doch sind sie
892 4284 3883 4487 im Element des Wienerischen, des Oesterreichischen gebunden! Nur
904 4518 3654 4647 innerhalb dieses Kreises unterscheiden sie sich (sowie die
896 4643 3837 4853 Pflanzen innerhalb ihrer Gruppe) durch besonderen Farbton: die
915 4783 3798 4962 Stiftskreuzordensdam,erzogen im Sacrò Coeur,die bürgerlich
900 4919 3837 5126 reichen Damen, erzogen im Genfar Pensionat, die Frau des Mittel-
896 5130 3790 5286 standes; der Ehrbegriff des Offiziers und jener des Kaufmanns
