4312 5448
1826 282 2214 497 -9-
922 783 3754 1005 fest stattfindet, konstituiert sich oben der Klub der Volks-
930 975 3765 1175 beglücker, die aber nie zum Beschlussfassen kommen, weil sie
941 1092 3821 1352 sich stets bertinken. Justin, eine der Personen des geplanten
941 1276 3938 1483 Stückes, ist ein verlebter Mensch, von dem es schliesslich nicht
945 1423 3592 1619 wundernimmt, dass er aus lauter Langeweile sich noch ins
945 1562 3686 1818 sozialistische Getriebe hineinverirrt. Eine zweite Person,
945 1717 3885 1924 Jürgen, wird mit einer Schnapsflasche eingeführt. Im trunkenen
960 1841 3983 2086 Halbschlaf murmelt er immer nur drein: "Anzünden - niederbrennen
971 2101 1593 2244 totschlagen!
1197 2165 3840 2410 Statt jugendlicher Kriegsbegeisterung zeigt der sibzehn-
979 2368 3678 2568 jährige Gymnasiast eher einen überraschenden Skeptizismus
1005 2511 3739 2703 und geisselt den Leichtsinn, mit dem die Herrscher sich in
998 2677 3848 2865 einen Krieg stürzen und das Blut ihrer Untertanen vergiessen.
1001 2805 3795 2997 In dem oben zitierten Plan zu einem sozialpolitischen Drama
994 2952 4017 3163 kommt es schliesslich zu einem Kriege. Nach Beendigung desselben
1013 3102 3720 3321 umarmt der Präsident von Frankreich den König von Spanien,
1047 3260 3498 3445 "nachdem einer Marotte wegen Tausende gefallen sind."
1246 3396 4081 3614 Wenn sich auch der junge Schnitzler mit den Sozialisten nicht
1013 3588 3709 3761 solidarisch fühlen konnte, weil er ein zu klares Auge für
1024 3735 3987 3919 deren menschliche Schwächen hatte, so lehnte er sich andrerseits
1017 3863 3889 4077 gegen die Macht der Könige und die Autorität  der Kirche auf.
1035 4010 3776 4228 Er bekennt sich als begeisterten Anhänger der Freiheit und
1032 4172 3765 4398 Wahrheit in politischer sowohl wie in religiöser Hinsicht.
1028 4371 3686 4541 In einem dramatischen Fragmente aus den achtziger Jahren
1039 4518 3848 4699 trifft man Anstalten, einen Scheiterhaufen zu errichten, um
1035 4631 3882 4849 Kurts Buch öffentlich zu verbrennen, weil es die Macht der X
