4424 5528
1129 580 2355 863 LITERATUR-VERZEICHNIS:
478 708 3777 1018 Fontana, Oskar, Das Wiener Drama um die Jahrhundertwende.
500 930 3622 1209 Hamann, Richard, Der Jmpressionismus in Leben und Kunst.
522 1125 2262 1333 Heinemann, Karl, Deutsche Dichtung.
522 1195 3595 1474 Hofmannsthal, Hugo v. Die Berührung der Sphären.
518 1448 3241 1651 Kerr, Alfred, Gesamtwerk, I. Band: Das neue Drama.
514 1558 2692 1802 Knevels, Wilhelm, Das moderne Drama.
527 1612 3803 1961 K mö r n er, Joseph, Arthur Schnitzlers Gestalten und Probleme.
549 1829 3768 2103 Marouse, Ludwig, Weltliteratur der Gegenwart, Band Deutschland.
536 1997 4029 2236 Mertens, Heinz, Unheldenhafte und heldenhafte Menschen bei den
1678 2143 2904 2311 Wiener Dichtern um 1900.
553 2254 3422 2471 Naumann,Hans, Die deutsche Dichtung der Gegenwart.
584 2355 3786 2656 Scherer - Walzel, Geschichte der deutschen Literatur.
576 2555 3294 2780 Soergel, Albert, Dichtung und Dichter der Zeit.
571 2749 2333 2944 Specht, Richard, Arthur Schnitzler.
576 2811 4135 3086 Wal z e l, Oskar, Deutsche Dichtung von Gottsched bis zur Gegenwart.
602 2962 3896 3267 Wal z e 1, Oskar, Gehalt und Gestalt im Kunstwerk des Dichters.
