4424 5576
1995 251 2167 395 II
358 381 3929 688 Auf der anderen Seite steht Julian Fichtner, der eine Frau,"die einmal
414 525 3980 772 ein Kind (von ihm) hätte haben können, haben müssen (Inene Herms), und
423 623 3999 851 die nicht Mutter geworden ist, „einer „dummen Geschichte“ wegen fortjagt,
414 711 3873 925 da er zu dieser Zeit die Geliebte und spätere Gattin seines Freundes
437 767 4032 1004 Wegrat verführt hat und mit ihr fliehen will, aus Furcht vor Verantwor-
423 860 3832 1088 tung aber zur festgesetzten Stunde nicht erscheint. So wird ihm und
432 935 3939 1176 Frau Gabriele Wegrat ein Sohn, Felix, geboren, den aber der Professor
423 1018 3929 1237 für sein eigenes Kind hält. Jahre eilen vorüber. Felix ist erwachsen,
446 1070 4022 1335 seine Mutter gestorben, seine Schwester an Stephan gebunden, sein Vater
442 1162 4050 1404 ein rastlos Schaffender und ein besorgter Hausherr. Da taucht plötzlich
451 1246 4004 1488 Julian Fichtner wieder auf, der Freund Wegrats und Salas. Er ist lange
446 1321 4143 1553 Jahre einsam gewesen und sehnt sich im Alter nach seinem Sohne, nach Lie-
465 1400 4111 1623 be, die er vorher stets von sich gestossen. Freundschaft hält bei diesen
446 1469 4180 1697 Menschen länger als Liebe. Wie sagt Sala zu Fichtner: „Übrigens ist es mich
446 1553 4138 1814 nicht unmöglich, dass wir uns im vorigen Jahrhundert du gesagt, am Ende
474 1632 3911 1865 gar, dass sie sich an meinem Büssen ausgeweint hätten.“ Was Sala mit
456 1697 3999 1916 Fichtner verbindet, ist, „dass sie sich die Stichwörter so gut bringen!
465 1781 4069 2018 Jetzt sind beide alt und wollen ihre letzten Tage der Liebe leben. Dazu
465 1869 3957 2102 ist es aber zu spät. Felix sagt zu seinem wirklichen Vater: „Hier hat
460 1930 4166 2172 man die Lüge ins Ewige getrieben. Darüber kann ich nicht weg., Und die das
474 2027 4171 2260 getan hat, war meine Mutter - der sie dahin gebracht hat, waren Sie - und
470 2111 4125 2325 die Lüge bin ich selbst, solange ich für einen gelte, der ich nicht bin.
484 2195 4046 2409 - Es ist zu spät: ein Geständnis hebt eine Schuld nur auf, solange der
488 2278 4036 2478 Schuldige dafür bezahlen kann. Diese Frist, sie fühlen es wohl selbst,
488 2353 3962 2567 ist längst abgelaufen.“ Dass Fichtner nun den Weg hinab allein gehen
488 2413 3990 2646 muss, daran ist das Fliehen vor Verantwortung, die Freiheitssehnsucht
493 2497 4185 2720 schuld. Früher hat er Irene Herms weggejagt und Gabriele verlassen, heute
498 2581 4087 2790 verjagt und verstösst ihn der eigene Sohn. Während er so einsam bleibt,
498 2637 4213 2855 ruft sein Sohn Felix dem Behüter seiner Jugend, Vater“ zu. Wie Heinz Merter
493 2730 4148 2934 meint, wird hier nicht Verbindung durch das Blut, sondern oneinng durch
498 2818 4059 3013 den Geist geschlossen. Über diesen Felix weissagt der ernste Sala, ihm
512 2883 4106 3092 scheine es, als ob jetzt ein besseres Geschlecht heranwachse, mit mehr
907 2995 4176 3241 Sala will eine Exkursion nach dem Süden mitmachen, hofft er doch
502 3064 1925 3185 Haltung" und „weniger Geist.
525 3129 4236 3339 so, den Winter zu überleben. Johanna kennt aber die Todesstunde des Gelie¬
516 3199 4255 3395 ten und meint, wenn Salas Ahnung von Winter und Schnee Wahrheit werde, sei
516 3278 4241 3501 er lägst in einem anderen Frühling. Auf Salas erstaunte Frage: „Wie meins
516 3367 4208 3576 du das?" antwortet sie: „Nun, dort wo ihr hingeht, gibt's doch wohl kei-
525 3432 4180 3646 nen Winter wie bei uns.“ Diese Anspielung auf Salas Auslandsreise deutet
512 3515 4101 3748 geschickt das wirkliche Ende und Ziel dieses müden Wanderrers zwischen
535 3590 4073 3804 zwei Welten an. Verhalten, gedämpft ist die Art, dem Mitmenschen seine
535 3646 4213 3883 Ansicht darzutun; es bleibt jedem Einzelnen der Schauspieler wie der Zu-
525 3771 3939 3976 schauer überlassen, dieses Wortspiel so oder auch anders zu deuten.
935 3832 4190 4013 Johanna nimmt Abschied von Sala und flüchtet aus dem Leben. Auf-
535 3925 4083 4134 geregt sucht man nach Motiven für ihre Tat, keiner kann welche finden.
549 3990 4134 4194 Ihr Bruder Felix sagt: Wer hat sie denn gekannt von uns allen? Wer küm-
553 4069 3934 4259 ert sich denn überhaupt um die andern?“ Hierauf entgegnet der Haus-
544 4129 4106 4343 Freund u. Arzt Dr. Reumann: Es ist wahrscheinlich gut so, sonst würden
539 4204 4204 4418 wir alle toll vor Mitleid oder Ekel oder Angst." Hier sind wir bei einer
558 4306 4055 4506 der für Schnitzler charakteristischsten Punkte angelangt. Die Schick-
539 4352 4106 4590 alle der Menschen vollziehen sich, ohne dass der eine etwas vom andern
549 4455 4162 4655 ahnt, wenn er auch mit ihm verbrüdert ist. Auch als zieht aus Johannes
558 4543 4073 4710 Tode die Konsequenz und begeht Selbstmord. Es ist nicht ein wuchtiges
567 4613 4115 4794 Geschehen, das hier tragisch ausklingt, wie wir es in den historischen
549 4715 4064 4892 Dramen gesehen haben, nein, aus der Haltlosigkeit und Unbestimmtheit,
549 4808 3934 4989 dem Zagen und sich-treiben-lassen der Personen des „Einsamen Weg“,
563 4836 4218 5045 aus ihrem innersten unheldenhaften "Wesen heraus, erwächst die Tragik.
