4472 5512
819 566 3793 859 ter und Journalisten Goethe gelesen hat, denn wenn von einem, so
859 763 3873 979 ist seine Prosa von der Goetheschen bestimmt und gefärbt, mit ih-
855 963 3845 1144 rer ruhigen, oftmals weitmaschigen Gelassenheit und ihrer klaren
871 1092 3757 1321 taghellen Sprache. Dann kommt der Einfluss der Franzosen,Mau-
855 1325 3970 1485 passant vor allem und seine stofflich-klare, saubere, runde Novelle,
871 1461 3942 1630 der wie mit einem Messer aus dem Leben herausgeschnittene Einzel-
859 1650 3813 1838 fall. Maupassant hat vielleicht am stärksten auf seine prosai-
867 1746 3937 1971 schen Anfänge gewirkt, so wie Ibsen auf seine dramatischen Gestal-
867 1923 3982 2135 ten. Das Wesentliche aber bringt und schafft seine eigene Entwick-
871 2123 1140 2288 lung.
2464 2380 2637 2525 ist
1529 2392 3982 2665 Thematik. Schnitzler als Erzähler kein Synthetiker
859 2621 3889 2814 kein zusammenfassender Schöpfer,er rollt nicht wie Zola, wie Bal-
879 2765 3817 2974 sac weite Panoramen auf,er ruft keine Massen heran,er enthüllt
871 2906 3893 3099 keine weiten bewegten Flächen. Schnitzler ist von Anfang an Ana-
879 3095 3841 3275 lytiker,ihn fesselt immer der einzelne Mensch: seine Dimension
879 3239 3998 3420 ist nicht die Breite, sondern die Tiefe. So beginnt er ganz selbst-
879 3412 3789 3568 verständlich mit kleinstem Format, mit der Skizze. Er arbeitet
879 3528 3913 3729 sich gleichsam erst ein,er schult sich erst die Hand. Die ersten
919 3693 3869 3889 Novellen "Abschied", "Die Frau des Weisen",”Ehrentag” sind ge-
883 3841 3937 4038 schriebene Einakter mehr als wirkliche Novellen, mehr Situationen
883 3998 4106 4202 als seelische Entwicklungen; rund jede einzelne, aber eng, ausgezei ich
919 4186 3917 4367 net erzählt, aber ihnen fehlt beim Dichter das wahrhafte Selbst-
891 4355 3889 4544 erschüttertsein, beim Leser das Erschü ttert werden. Einzelne sind
891 4503 3925 4676 eines Maupassant würdig und wurden einen Tschechow nicht beschä-
891 4680 3974 4941 men. Sie würden aus dem Wienerischen ins Französische oder Russi-
