4472 5576
1953 380 2218 599 -11-
794 526 3684 791 sagen: dazu ist er selbst und seine Gestalten zu ehrlich, xxxx
798 768 3672 971 kubt zu klug, sie haben jeder seine Schepsis im Blut. Alle sind
794 909 3680 1121 sie im letzten Sinn Symbole eines vergeblichen Bemühens; die
794 1078 3826 1305 Frau weiss, dass ihre Schönheit vergeht, der Künstler glaubt nicht
802 1247 3845 1470 an sein Werk, der Soldat verzweifelt am Ausgang der Schlacht; alle
856 1374 3776 1596 die Begriffe,die sonst farbig und fest von Hand zu Hand gehen,
810 1535 3776 1796 Ehre, Glück, Liebe, Gott und Welt fallen seinen Menschen, weil sie
802 1715 3795 1907 sie zu nervös hin und her wenden,welk aus den Händen,alle quält
806 1846 3887 2080 sie der Wahn, dass sie am Ende nur Ruppenspieler seien,Marionett en
867 2022 3745 2233 von irgend einer fremden Hand gezogen, welche sie am Ende grob
810 2230 3745 2356 anpackt und krachend in den Kasten wirft. Nie kommen seine Ge-
810 2368 3745 2537 stalten zu einem Bekenntnis,zu einer ungebrochenen Lust. Immer
821 2494 3738 2721 halten sie die Mitte, niemals ganz gläubig, nie ganz gut und nie
821 2656 3799 2844 ganz schlecht. Die schreibt darum auch ihr Meister (wie man ihn
817 2828 3738 2986 so oft bat) ein rechtes,reines lustiges Lustspiel, nie ein vol-
810 3005 3649 3151 les, ganz tragisches Trauerspiel, denn er weiss, dass alles ge-
810 3131 3745 3381 mengt ist und unendlicher vielfacher und vieldeutiger, als dass
844 3293 3726 3515 man es in Formeln fassen könnte. Man kann es nicht wissen, was
833 3461 3672 3642 das Leben ist,das ist die Melancholie seiner Menschen und an
817 3600 3868 3788 diesen Seufzer drängt sich der zweite: selbst wenn man es wüsste,
833 3742 3887 3956 es hilft doch nichts gegen das Altern und den Tod. So trägt jeder
814 3926 3734 4064 Schnitzlermensch schon ein Stück Vergängnis in sich, etwas vom
856 4037 3849 4248 Herbst ist in allen seinen Gestalten, die kühle, klare, durchsich-
825 4206 3711 4467 tige Luft der Vorherbattage ist seine edelste Sphäre, wo alles
856 4405 3753 4567 noch leuchtet und im Goldlaub steht: sie aber, seine Menschen,
821 4532 3876 4701 fühlen es schon voraus, dass gerade in der Schönheit ein Abschied
806 4712 3864 4912 ist und in allem Abschiednehmen wieder eine Schönheit. Diese Art
