4280 5400
1950 413 2218 591 1141.
631 475 891 641 vecas-
638 569 3482 790 wandte Iden festzustellen, gerade die es moeglich ist eine grosse Ähnlich
631 714 3443 917 keit in den Figtren der ersten Schiffensperiode nachzuweisen. Eine der 3
638 899 3475 1055 Hauptgestalten, die in fast jedem Stuecke als sympathische, vermitteln-
631 1040 3511 1210 de   Erscheinung auftritt, ist der Arzt.Schon den hypnotisierenden Anato
641 1232 3432 1352 kann man sich kaum anders als Arzt vorstellen, besonders wenn man weiss,
641 1377 3544 1536 dass Schnitzler, selber Arzt, sich in jener zeit mit Hypnose und Augustich
641 1489 3479 1747 ziemlich eifrig auch praktisch beschäftigt hat. Wie er mir breiflich mit-
641 1663 3479 1859 teilte, hat er einenarbeit ueber die Behandlung deröphonie durch Hypnose
660 1837 1931 2026 und Augustion veroeffentlicht.
656 1950 3501 2138 Im uebrigen sei zu der prage der auftretenden Personen noch bemerkt, dass
670 2127 3482 2305 in den frehfaktigen stuecken, die, wie schon gesagt, in die zweite peri-
656 2301 3472 2497 ode fallen, ein groesserer Apparat in Bewegung gesetzt wird, als in den
660 2479 1783 2642 stuecken der ersten Periode.
667 2584 3366 2787 Ueber die Einheit des Orts ist nicht viel zu bemerken; es bleibt sich
656 2758 3475 2921 wohl gleich ob ein Stueck im ersten Akt in Wien und im zweiten in einem
678 2939 3417 3080 Vorort oder in der Naehe von Wien abspielt. Wichtiger ist schon die Be-
656 3102 3464 3236 schaftigung mit der Einheit der Zeit. Hier zeigt die am Schlusse dieses
660 3243 3432 3381 Kapitels ausgebreitete Tabelle denn Unterschiede im Zeitraum der Hand-
667 3345 3584 3522 lung, die sich zwichen einer Stunde in den Einaktern und einem Jahr in dem
670 3551 3446 3772 Fuenfakter“Der junge Medardus“ bewegen. Man bemerkt, wie sich der in den
678 3671 3406 3838 ersten mehräktigen stuecken noch nach Tagenberechnete zeitraum in den
674 3845 3435 4015 spaeteren stuecken auf Wochen, Monate und gar ein Jahr auswaechst.Eine
674 3975 3446 4178 auffallende und beabsichtigte Ausnahme macht das fünfaktige Stueck" Der
685 4120 3522 4301 Schleier der Beatrice", das sich in einer einzigen Nacht abwickelt. Ueber
674 4287 3577 4472 die Zeitzwischenräume gibt uns der Dichter durch seine personen immer ge-
