4488 5576
2139 461 2612 656 -2-
738 375 910 632 Monsieur
1003 761 4064 949 sie sind nicht derselbe, so wenig wie ihre Herkunft und ihr Kleid.
945 937 3974 1124 So oft sich auch diese Welten begegnen, haben sie sich noch nicht
956 1109 3908 1265 gemischt. Ihre Repräsentanten sehen einander im Burgtheater,in
945 1226 3876 1448 der Oper, im Musikvereinssaal,bei der Praterfahrt, auf der Ring-
933 1440 3919 1601 strasse, sie kennen einer den andern vom Sehen, vom Hören und aus
945 1573 3927 1749 der Zeitung, aber sie verkehren nur flüchtig miteinander und be-
933 1702 4013 1940 wahren dadurch bis 1914,wo der ganze alte habsburgische Staat um-
929 1917 3787 2108 geschüttelt und durcheinandergeschuttelt wird, ihre seelische
933 2042 2982 2264 Selbständigkeit und ihre Typenphysiognomie.
1394 2233 3818 2389 Dieses Nebeneinander und doch Gegenein ander in der
921 2385 3818 2561 Gesellschaft, diese genaue Schichtung bei ständiger Vermengung
929 2526 3880 2737 musste den in Wien geborenen Schriftsteller auf das Lebhafteste
921 2697 3810 2869 beschäftigen; unablässig hat Schnitzler in seinem erzählenden
910 2861 3896 3037 und dramatischen Werk, diese Elemente gegeneinander gestellt und
917 3014 3880 3189 ständig in seiner Retorte gemischt. Der Adelige, der Dichter, der
921 3178 3740 3365 Bürger.der Kleinbürger, die Adelige, die verheiratete Frau, das
898 3342 3712 3517 süsse Mädel und die Dirne, alle diese Figuren, die jede einen
890 3490 3833 3677 Stand, eine Wiener Gesellschaftsklasse repräsentieren,sind die
902 3654 3709 3826 verschiedenen Farben aus der Palette. Ihr Gegeneinander, und
898 3744 3919 3896 Zueinander, ihr Sich-Abstossen, Ihr sich-Anziehen,ihr Sieh-Vermen-
886 3900 4005 4079 genwollen und doch sich nicht völlig Vermengen, ist das eigentliche
886 4095 3787 4290 Thema aller seiner Stücke und vieler seiner Novellen,und ihre
878 4239 3966 4489 Summe die Wiener-die österreichische Welt und Kultur. Sie ist die
874 4380 2323 4567 wahre Atmosphäre seines Werks.
1374 4501 3701 4766 Dass hinter diesem Kulturkreise noch eine andere
867 4716 4005 4880 Welt lebte und wirkte, die grosse anonyme Masse, hat Arthur Schnitz-
867 4856 3791 5087 lers Jugendzeit kaum gespürt. Die soziale Frage war noch 1880
