4248 5352
642 549 3048 767 mir gemacht. Konnt ich dir anders erscheinen?...O meine Tat.
653 696 3515 882 Im V.Akt erfahren wir, dass Helene durch die Persönlichkeit Napolsons be-
660 864 3461 1069 zwungen worden ist, wofuer sie ihn nur um so toetlicher hasst. Es wird so-
649 1040 3385 1230 gar gesagt, dass sie seine Geliebte geworden sei. Diese Nachricht lasst
660 1191 3540 1363 den Medardus sich wieder auf sich selber besinnen: nun ist er entschlossen
656 1356 3367 1528 Am Tore, durch ds Napeleon komen muss, erwartet er den Verhassten.Aber
678 1503 3493 1664 das Schicksal will es, dass ihm Helene entgegentrift, die sich zu Napolson
674 1632 3550 1854 begeben will und-er ersticht sie. Das Merkwürdige des Farbs wird noch ge-
671 1825 3489 1976 steigert durch die Feststellung, dass Medardus, der sich vorgenommen hatte
667 1944 3489 2127 Kapeleon zu toeten, sein Lebensretter geworden ist.Helene hatte sich nam-
674 2094 3425 2281 lich an dem selben Tage mit keinem andern Gedanken zu Napolson begeben
671 2263 3414 2442 als den, ihn umzubringen. Medardus soll nun freigelassen werden doch er
671 2417 2815 2579 besteht aus seinem kapoleonhasse und wird erschossen.
689 2564 3389 2743 Es sind solche komplizierte, solche "komfchen" menschen und seelimpro-
671 2733 3522 2898 zesse, die Schnitzler in seinen spaeteren werken mit Vorliebe entwickelt.
685 2883 3432 3063 Ich glaube in dem gegebenen Umriss gezeigt zu haben, dass nichts in der
685 3048 3471 3217 dicht verschlungenen Handlung,die sich aus dem verschlangenen charakter
689 3195 3479 3357 des Medardus ergibt, auf Zufälligkeiten bericht;alles ist hinreichend und
703 3367 3507 3511 bis in die kleinsten Einzelheiten motiviert.Es sind schlankende,irrende,
692 3507 3525 3665 durch die Verhältnisse bestimmte menschen, wird mancher sagen :farven und
696 3658 3529 3841 Hanswuerste.Mit Bezug auf denuch Herr wuerde Schnitzler mit seinem General
692 3819 3525 3991 Rapp“(Der junge Medardus") sagen: “Dies kann in solcher Zeit ein Ehrenname
703 3974 3486 4131 sein wie jeder andre. Mit Bezug auf den Hanswurst mit seinem Albertus im
739 4088 3540 4289 "Zwischenspiel", "Denkst du mich damit zu beleidigen? Ich habe mich stets
656 4275 2492 4494 fuer einen nahen Verwandten von ihm gehalten”.
