4296 5400
660 363 3477 774 Engel u.a.: "Die Menschen handeln aus Laune, der Held stirbt sogar aus
660 693 3495 858 Laune, ein so leichtfertiges Spiel mit dem Tode, dem hoechsten Trumpf des
678 847 2908 1038 Lebens wie des Dramas vernichtet jedes dramatische werk.
671 1027 3462 1254 Dieser Auffassung sei die von Vogt und Koch ausgedrueckte gegenueberge-
678 1188 998 1375 stellt:
697 1284 3528 1507 "Der sonst im engeren Kreise des buergerlichen Lebens der Gegenwart sich
686 1449 3451 1672 bewegende naturalistische Schnitzler hat im "Schleier der Beatrice" die
693 1606 3605 1823 Farbenpracht des Symbelikers Hofmannsthal erreicht, mit der farbengluchen-
682 1760 3422 1951 den Ausmalung der nach Leben und Lust lechzenden Renaissancezeit aber
678 1955 3634 2098 die Gestalten- und Handlungsfuelle Shakespoarscher Dramatik zu verbinden.—
682 2072 3532 2285 gesucht. So zeigt auch diese beste dramatische Dichtung der letzten Jahre
715 2237 3466 2399 wieder, dass nicht in den Parteilosungen und Theorien des Naturalismus
700 2402 2828 2597 oder Symbolismus die neue grosse Kunst zu finden ist.
693 2553 3506 2721 Nach Rich.M. Meyer ist die fuer Schnitzler am meisten charakteristische
715 2725 3513 2853 Form die zwischen Novelle und prama vermittelnde der dialectischen Nove-
715 2861 3565 3015 lette." In Deutschland ist die Gattung-wenn man von Glasbrenner und den
689 2996 3484 3216 .Witzblaettern absicht- merkw erdig spaet eingefuehrt worden; der ernste
734 3165 3528 3341 philosophische Bialog liess diesen frivolen nebenbuhler nicht aufkommen
734 3308 3451 3495 und vor allem war die Kunst der Causerie in Deutschland noch zu wenig
734 3455 3257 3656 entwickelt, um diesen kleinen Meisterwerkchen dienen zu koenden."
734 3576 3565 3770 Wir haben also als Summe des Schnitzlerschen Charakters: Liebelei, suesse
708 3774 3590 3950 Haedelspoesie und seziale Anklage, Kraft der Empfindung, Tiefe des Gefuchs
726 3957 3590 4097 und sentimentales Sichgehenlassen, sentimentales sichgehenlassen und fri-
734 4060 3543 4258 vole Causerie, Helden, die aus Laune Sterben und Helden mit der Leiden-
734 4232 2435 4364 Vogt und Koch, gesdichte der d. literatur
734 4251 2963 4408 Rich. M. Meyer, Literator des 19. Jahrhunderts,Seite 145
