4440 5576
437 423 3903 654 Beatrice hat den Tod gefürchtet, jetzt aber sehnt sie ihn herbei und
447 527 4063 724 fleht den Herzog darum an. Diesem kommt ihr Bruder Francesoo zuvor, der
456 607 4124 809 die Schande, die seine Schwester der Familie gebracht haben soll, rächen
456 752 2582 936 will. Er stösst ihr seinen Solch ins Herz.
1030 771 4077 945 Herzog Lionardo aber schreitet „dem neusten und gewaltigsten
470 865 4105 1044 Abenteuer“ entgegen, während bereite die ersten Pfeile in die Stadt reg-
466 926 4138 1124 nen und Cesare Borgias Truppen sich anschicken, Bologna zu brandschätzen
470 1096 1340 1241 und zu zerstören.
1044 1171 4171 1345 Schnitzlers Gestaltungskunst hat stets dann die besten Früchte
480 1256 4091 1415 gezeitigt, wenn er in kleinen Versspielen und Grotesken kurze nachdenk-
475 1317 4138 1510 Jäthes Jösennaukhaitte fornt.Erthält,+wie+Alfred-Kerr,é-in.IttBände.
494 1397 4030 1589 liche Lebensausschnitte formt. „Erhält“ wie Alfred Kerr im ersten Bande
489 1481 3997 1665 seines Gesamtwerks S. II9 fffsagt, aus dem allgemeinen Dahinrauschen
494 1542 4152 1740 der Erscheinungenbald ein ironisches, bald ein gedankenvolles Seelenbild
494 1618 4209 1810 fest, das nur durch eines wahren Dichters Hand dem Strom entrissen werden
470 1716 4002 1919 kann.“ Im „Schleier der Beatrice" versucht sich Schnitzler einmal an
489 1768 4115 1970 einem grossen Dramenstoff und ordnet ihn in 5 Akte ein. Durch das ganze
489 1867 4101 2036 Werk hebt ein sittlich-relativistischer Unterton. Leider; denn ohne ihn
489 1942 4091 2126 wäre dieses Drama wegen des fein abgewogenen Aufbaus der Szenen und der
494 1994 4148 2201 feierlichen Einfachheit der Sprache eines der besten Werke des Dichters.
498 2097 4148 2285 Das Ethische hat hier überhaupt keine Bedeutung mehr. In der Welt, in die
503 2177 4058 2351 Schnitzler uns führt, gibt es keine Ausblicke ins Ewige; nur Einbliche
503 2257 4063 2436 ins Zeitliche, menschlich Bedingte. Beatrice ist ein fast willenlos in
503 2332 4124 2516 ihr Schicksal gleitendes Geschöpf; in ihrer Amoralität flattert sie aus
513 2431 4101 2596 den Armen des Geliebten über Vittorino, dem sie zum Altare folgen will,
503 2497 3974 2671 zu Lionardo, dem Herzog von Bologna, dem sie ohne dass sie sich
517 2553 4185 2742 ihrer Treulosigkeit auch nur im geringsten bewusst wird. Sie ist ein na-
513 2600 4256 2812 türliches, anmutiges und unschuldiges Geschöpf, dass man sich des Dichters
517 2723 4077 2901 Meinung zu eigen zu machen und wie er zu glauben versucht ist, für sie
517 2803 4143 2986 gebe es keine menschlichen und sittlichen Gesetze, sie könne nichts Un-
517 2864 4143 3057 rechtes tun und gehe kraft eines angeborenen Taktgefühls stets rein und
531 2958 4138 3127 wahrhaftig durch die Welt. Aber haben nicht fast alle Werke Schnitzlers
517 3043 4030 3240 diesen Relativismus? Für seine Menschen gibt es keine sittliche Norm:
630 3108 4279 3287 Wer spricht von Schuld? Im Herbste fallen Blätter, im Frühjahr spriessen
527 3202 4035 3358 andre! Sagt Ihr drum, dass einer schuldig ward? Ich bin es nicht!“ Es
513 3268 4209 3438 herrscht die Welt leerer, höchstens schwermütig ertragener Schönheit. In
513 3353 4209 3536 ihr bewegen sich Menschen, die mit dem Leben und der Liebe abenteuerlich
522 3409 4284 3607 spielen, die nicht mitten in das Leben mit seinen Mühen und Sorgen hinein-
522 3508 4256 3691 gestellt sind. So wächst die grösste tragische Wirkung aus kleinster Wur-
522 3579 4152 3757 zel. Filippo als Held, misstrauisch gegen alle Daseinswerte, ist eifer-
531 3668 4105 3823 süchtig auf die Träme der Geliebten. Unseres Dichters determinierendes
527 3724 4209 3912 Motiv (nach Richardun Specht: Arthur Schnitzler“), wie kein Mensch zum an-
536 3828 4171 3988 dern kann, welche Fernen auch noch die nächsten trennen, wie keiner vom
541 3870 4260 4054 andern wirklich weiss“, tritt hier in Erscheinung. In dieser Einsamkeit des
541 3978 4246 4138 Ichs, das sich zum andern Menschen hingezogen fühlt und im entscheidenden
536 4049 4068 4213 Augenblick dochwieder von ihm wegspielt, vielleicht deshalb, weil die
536 4124 4326 4298 Pflicht der Verantwortung mangelt oder, wie hier, ambivalente Empfindungen
545 4204 4077 4369 mit Vergangenem, mit Ahnung des Zukünftigen und mit der unmittelbaren
536 4270 4251 4453 Wirklichkeit in Beziehung gebracht werden, sind diese Menschen so reizbar
536 4369 4110 4533 und empfindlich, dass sie von ihrer Umgebung Anpassung und Teilung des
545 4425 4218 4608 eigenen Lebensloses fordern. So schon der Held der Novelle „Sterben“ der
555 4519 4275 4693 sein Mädel mit sich in den Tod reissen will, so auch Filippe der mit sei-
536 4613 3240 4787 nem Leben das der geliebten Beatrice vernichten will.
1124 4707 4275 4905 Wir haben hier nicht zu untersuchen, ob Schnitzler mit Filippo
536 4834 4303 5008 zu identifizieren ist, sicher ist dass er als Arzt dem Traum eine gleich-
541 4928 4275 5112 grosse, wenn nicht grössere Bedeutung zuschreibt als dem aufrich tigsten
