6520 4136
3254 473 6077 958 sei es ja doch sehr darauf daß er
367 434 3097 972 sicht man sogar mit einer denß Tage
320 769 3087 1150 kütsen, unterhändeln, zuwehrlich und es
3318 773 6173 1157 auf 1 Gm 60 herausbekommen hätte.
253 1064 3079 1403 wird. Keit in Gegenäd zwechselt bis
3428 1075 6148 1328 Sie dabei mich es etwas in Herrn
2164 1278 2553 1470 für geb.
3222 1289 6080 1627 Vernet das sich de Tors und d. Corfkt
285 1342 3094 1595 ein eheander denke Freundhegerritt und
3368 1549 6180 1940 hin - und macht sich mit in Vorm
345 1570 3158 1972 der ganz als bemeß fallen läßt, worum
3535 1897 6319 2236 mit was doch zu einregen sich
388 1848 3005 2197 darum, unzu man der hin wieder hochge¬
413 2129 3008 2464 Gulden zum Freße sind weniger
3514 2068 6077 2478 Lässelnärzt auf der Lipp beide
4016 2342 4372 2577 aurmit
1193 2392 3087 2798 und Gud wieb? ich
470 2439 968 2741 müsse
3535 2378 6169 2780 ein v. Lösch. zartet ich sei ich
338 2627 3094 3015 der fahrläßten  entrichtet aus. Setanf
3503 2652 6031 3062 dr Wg zu Test sich vor d. Über¬
424 2919 634 3083 lag
3649 2905 5938 3254 mit nun leicht aber für
367 2958 3072 3275 ist die Antröd. – der Guld, den der
3592 3247 5803 3578 Verb zu verabschied
360 3229 3197 3560 für ausgeb. kam man mit verwatt
3631 3428 5810 3870 Sie geh zu Saaten bei der auf,
402 3432 3222 3877 man kam syar zerinnen und schlecht
