4392 5380
2174 206 2576 353 cœur de
2706 206 2916 367 1/2.
3068 219 3985 492 copy by H.S.
1373 394 3001 617 Wiener Sportmen yom 20ten Platze
3363 452 4079 680 2. iii. 1932
1999 572 2200 702 von
1310 671 2925 841 Arthur Schnitzler
1847 760 2151 948 1881?
1002 957 3726 1105 Wer kennt sie nicht, die sonntäglich gekleideten Typen -
626 1073 3802 1243 mit der farbigen Kravatte, mit den dünnen Spazierstöcken, mit der
626 1194 3851 1355 kühn über die Schulter hängenden Perspectives, wer kennt sie nicht,
631 1293 4030 1467 wenn sie an Renntagen zur Mittagszeit von allen Seiten zusammenströmen
626 1391 4106 1592 gegen die Ufer der Donau zu, um sich entweder dem übervollen Dampfschiff
640 1539 4150 1700 anzuvertrauen, oder zu Fuss durch die Auen des Praters den Weg zu nehmen.
640 1655 4025 1816 Ja manchen sieht man sogar mit einem....Kutscher unterhandeln, und es
631 1740 4119 1923 wird Rede und Gegenrede gewechselt, bis ein....Freund hinzutritt und die
644 1896 3945 2048 Bemerkung fallen lässt, wozu man denn hier wieder sechzig Gulden zum
644 1999 4115 2169 Fenster hinauswerfen müsse"sechzig Gulden, wieso?" ruft der fahrlässige
657 2107 4092 2281 Teifl entrüstet aus. „Sehr einfach“, lautet die Antwort,“den Gulden den
640 2250 4061 2397 man hier ausgeben, könne man unten verwetten,man könnte sogar gewinnen
649 2321 4213 2509 und schliesslich sei es ja doch schon dagewesen, dass man auf einen Gulder
631 2455 3904 2612 sechzig herausbekommen hätte, und dabei murmelt er etwas von Horace
662 2558 4048 2746 Vernet vor sich hin...Was auf die Lippen beider ein anmutiges Lächeln
631 2679 4043 2845 zaubert,und sie.veranlasst (?) sich von.....mit einem leichten aber
644 2800 4066 2965 freundlichen Verbeugung zu verabschieden. Bei der nächsten Gelegenheit
644 2925 4057 3090 kauft der eine ein Programm, der andere Freund hat sich schon vor zwei
657 3055 3976 3202 Tagen eines im Jokey-Club besorgt und nun überlegt man sich, wie man
666 3113 4186 3332 (sein?) Geld am besten anwenden(?) könne, ja wieviel hat man denn eigent-
657 3278 3833 3439 lich mit? Der Denkende befindet sich im Besitze von.... Gulden 30
644 3381 3963 3551 Kreuzer, der andere besitzt ungefähr die Hälfte dieses Besitztes und
644 3515 4030 3663 nachdem man nach dem Wahrscheinlichkeitsschluss zu der Überzeugung ge-
657 3636 4007 3784 kommen, man müsse heute gewinnen, weil man bis jetzt regelmässig ver-
649 3766 3891 3900 loren hätte, so geht man daran, sich für den Abend ein Programm zu
644 3833 4066 4025 entwerfen, wobei man aber vorsichtig genug ist, zu bestimmen, dass man
657 3963 3989 4133 sich von dem gewonnen zwei-bis dreihundert Gulden jedenfalls hundert
666 4137 1923 4249 als....zurücklegen müsse.
997 4186 4106 4365 Eben sind die Leute im Begriff zu streiten ob eine Singspielhalle
675 4343 4039 4481 oder ein Kaffeehaus den Vorzug verdiene, als ein Bekannter hinzutritt
666 4396 4066 4598 und sie darauf aufmerksam macht, dass man (?) á 1.)mit dem Schiff viel
666 4557 4119 4714 schneller drüben sei und dass $ 2.) heute jeder verlieren müsse, da man
666 4678 4048 4862 sich absolut nicht auskenne. Er selbst aber würde gewinnen, denn lang
662 4790 4253 4951 im Besitz................., (er nahm ihn aus der Briefstasche und machte
675 4920 4231 5067 ihn an seinem Rock fest) so könne er sich im......drüben an irgend einen
675 5005 4074 5260 Baron oder Grafen um gefällige Auskunft wenden (er kenne sowieso alle)
