6632 4280
421 611 3124 1163 Gescheit kauft das eine ein Tage, ob Dank
428 914 3124 1390 Das hat sich schon vor 2 Tage einen
318 1159 3197 1558 Sie tok Klubriss und man bestemt.
267 1394 3193 1810 me to Efarrt what ma fich men neal
274 1576 3215 2176 Geld am besten aus kein. Ja wie
271 1847 3219 2301 viel hat man ihme eigentlichkeit
369 2184 3244 2622 Das Inkende befindet sich in besch von selbge Feld
380 2410 3149 2838 dreiß zu, der andre rechst erzuführen und hält
428 2666 3116 3076 diese Betzes, und man bestenl Ehe ich d
373 2897 3105 3343 the  Geld for nachhm man nach
439 3127 2875 3617 die Wohscheinlichkeitsschluß zu der
373 3387 3200 3855 Utz gekommen, wo müsse heute
3551 563 6298 995 gewinnen weil man bisgefragener
3497 856 6181 1295 verlor hätte so geht man der
3460 1108 6093 1598 zu sich für den Abend eineage
3537 1489 6342 1796 netwa für wobei man at noschiff
5636 1620 6112 1843 sein.
3548 1704 6057 2107 ge, ist zu bestimmen, daß man sich es
3475 1920 6360 2366 at javonun 2-3,000/0 sesfalsnendes
3416 2246 5636 2626 als e Gerichts zurückgerichte
3540 2421 6327 2908 Eben sind it zu tück in Teiff ses zu streiten.
3471 2721 6178 3222 ob er Sesspielfall oder in Koffehsl Uhr
3500 3094 6291 3478 werden, als ein bekannter Einzutvall¬
3573 3343 6163 3767 und sind so merkte nach, daß im 11.)
