6552 4344
248 578 2885 1067 mit den Schiff weil schnell druck
206 893 2881 1325 seine daß 2) heute jeder verleid¬
220 1141 2913 1542 müsse, da man sich absolut nicht
284 1474 3136 1800 auskürn. Er selbst aber, weil gerin an
1524 1619 1942 1846 in schon
897 1751 1233 1914 Iaar
280 1676 3062 2158 itn ap Jatb and in Hague, (as not
1690 1914 2183 2130 was
408 1949 2977 2399 ihn aus der Breftasch in hin mögst ihn
443 2233 3030 2661 an sie Koch fest) so wie er sich
429 2495 3072 2856 an im Sportow dr. 6 anw an Ber¬
383 2715 3037 3274 viel Grafen umgefoden Auskunft
425 3009 3204 3508 menden, werden (er kann sowohl allein
330 3331 3101 3802 und ein erlaube sich, die bis Her¬
3352 411 5861 943 Erheit aber zu ein Hausgewich¬
3278 730 5925 1162 einzulaten. Rennfeld wird er aber
3320 1052 5766 1449 no saumon auch auf der 20 Xr N 2,
3370 1315 6003 1761 „herrbeschein“ und den bekatiget
3455 1605 4823 2066 Ratschlage zu 9
4883 1644 5234 1953 Or
3459 1860 5883 2293 Ant folch und ist man auch der
3491 2101 5989 2601 Schiff gekom, wo man noch
3476 2410 5968 2863 die Programm herzogießend, da
3512 2693 5868 3118 Hertske, Kreis zum größt Über
4809 2927 6258 3282 könntlich Statt, welch
3484 3069 4742 3395 der anderen gern
3515 3239 6248 3668 sie als nicht gewandt bezeichet soll.
