4408 5412
2845 184 3183 364 P.M.
627 219 934 412 G. A.
1903 447 2074 644 2.
574 679 4094 864 und er erlaube sich die beiden Herren für heute abend zu einen....einzu-
583 798 3788 995 laden. Keinesfalls wird er aber versäumen auch auf den 20ten Platz
596 956 3586 1083 "herüberzuschauen" und den Bekannten gute Ratschläge zu geben.
921 999 4090 1197 Unter solchen Reden ist man auf das Schiff gekommen wo mannochmals
583 1149 3972 1320 die Programme hervorzieht und................................. zum grössten Über-
583 1223 4059 1433 druss bei jedem Pferde das die andern als mutmasslich? (7).........unter-
605 1385 3411 1604 strichen hatten und bei jedem ausruft: das rennt ja nicht!
