3032 4392
635 1446 2810 1605 gangen.- O. liebe Elksabeth, furchtbare Stunden, wie ich
644 1545 1662 1695 sie nimmer erleben möchte.
526 1668 2429 1829 Flisabetn! Ich trau mich kaum Justine zu sprei
630 1813 1588 1964 soll ich ihr denn sagen?
526 1942 1780 2076 Frau Kunz: Da kommt sie schon!
649 2213 2057 2407 (:Justine (kommts. Frau kunz (seht, das
635 2336 2320 2470 den Augen, hinaus, nachdem sie sich schmerz
627 2470 1783 2580 den beiden Mädcheri umgesehn.:)
646 2599 2758 2772 (: Elisabethfgent rasch der Justine entgegen, sie Fag-
627 2725 2750 2878 sen sich bei beiden Händer; wie sieh inre Blicke tref-
627 2881 2758 3045 fen, beginnt Justine heftig zu weinen und sinkt an den
616 2950 1413 3092 Fusen der Freundin.:
493 3114 2689 3270 Elisabeth: (:streicht ihr schmgichelnd über die Locken;
603 3210 1717 3363 mit bebender inniger Stimme:
1846 3286 1977 3432 Hör
1999 3284 2799 3459 aus zu meinen; du
603 3339 849 3503 stine!
490 3467 1421 3621 Justine: /:schluchzt ne
1898 3547 2695 3637 plötzlich wirft sie
1331 3612 1545 3755 Freien
597 3645 1356 3763 den Kopf zurück, 3t
1813 3678 2733 3769 lem Taschentuch über ihr
1410 3799 1547 3884 ind
597 3796 1482 3895 Gesicht, drickt die Har
1766 3810 2616 3914 die gerötgeten Augen,
589 3930 1493 4048 nimmt Elisabeth bei der
1766 3941 2774 4059 führt sie zu einem Sessel
