3048 4424
2533 1165 2704 1289 49.
1769 1338 2264 1497 it dem Redenz
959 1344 1289 1541 Was vol7
637 1398 887 1555 unz:
1808 1492 2654 1616 zu Leuten, denen alles
907 1525 1401 1648 Aber sprech!
547 1544 805 1701 Kardes:
1797 1627 2654 1739 gar so lange her, dass
569 1643 1346 1780 Sedäcatnis schwand?
1651 1742 2541 1899 adt, und weise keiner,
577 1767 1366 1882 Sebaldus weg aus uns
574 1849 2737 2047 nicht einmal Justine, was ihn zumeist von dannen triebt
456 2028 1514 2151 Elisabeth: Er liebte siel
467 2113 2577 2286 Meaardes: Liebte sie - und ward nicht wiedergeliebt!
2072 2220 2443 2319 Frau Kunz
591 2258 2750 2443 Und weshalb? Wer weiss, wie's gekommen wär, hätt" Hein-
588 2399 2629 2558 rich eure Tochter nie gesehn. Aber nun ist er dahin!
591 2514 2668 2673 Uhd ihr skaunt, dass ein Sebaldus lächelt? kam dem
588 2638 2646 2786 jeder mit einem Herzen zur Welt, das Liebe atmet und
591 2789 2607 2967 an d er n Freude ersehnt! Es ist süss, unerdlich
591 2912 1640 3080 süss, einen Nebenbühler --
484 3050 1819 3193 Elisabeth: Haltet ein, Medardes!
484 3129 2624 3327 Medardes: O es ist so süss, so himmlisch süss, einen
588 3322 1558 3440 Nebenbuhler los zu sein.
492 3426 2102 3594 Elisabeth: Ihr seidtwahnsinnig, Junker.
492 3544 2616 3737 Medardes: Das ist lustig, mein Fräulein! o ihr denkt
607 3706 2819 3852 sehr gut von den Menschen. Aber ein Verliebter ist kein
604 3830 2668 4003 guter Mensch mehr, ihn kann nur eine und immer eines
604 3987 876 4151 Freun.
