3048 4344
547 1226 1293 1393 die alten Schüler.
2363 1229 2718 1379 29/3.80.
556 1330 2456 1503 Erster Aufzug. Zirmer bei Albert Füchsel. Abend.
556 1465 2844 1638 I.Auftritt. Albert Füchsel kleidet sich eben an. Er ist in-
556 1629 2821 1762 Frack, Lackschuhen und beschäftigt sich damit, seine Kra-.
547 1730 2749 1891 vatte vor einem Spiegel zu binden. Ih schon volständiger
538 1860 2775 2030 Ballteilette staht. Egon Mirl da; vor ihm der Tanzmeister
538 1983 1057 2110 Fridelin Tux.
541 2119 2787 2286 Mirl: imacht eben sehr bgsorgt einen Tanzschritt:/ War-
530 2257 1350 2415 der etwa zu schnelll
533 2346 2836 2551 Fichsel: Aber zum Kuckuck, du bist ein langweilter lensch;
527 2522 2648 2671 zu schnell, zu langsaml - Den Takt giebt ja die Musik.
527 2628 2801 2807 qirl: Aber wer weies, ob ich nun schon nach dem Takt tan-
518 2781 892 2890 zen kann.
518 2893 2833 3063 Iux: Wollen wir vielleicht noch die Qadrilletouren durch
507 3037 815 3149 nehment
515 3132 2674 3319 qiri: Ja, ich bitte Sie, Pastourelle - ich habe keine
504 3285 1367 3431 Idee von Pastourelle:
515 3400 2430 3575 Füchsel: Eile dich, Egon; ich bin gleich fertig.
507 3535 2766 3725 miri: Wir auch:- Ich bitte dieh, Albert, weisst du auch
498 3670 2133 3832 ganz bestimmt, dass AX Olga hinkommt?
501 3800 2127 3978 Richsal: Sei nicht sso gekant. Sie kommt.
492 3941 2795 4079 Iux: Ale denken Sie sich, Herr Mirl, ich bin Ihre Dame-
