3064 4152
2420 1171 2583 1383 28
411 1328 2251 1523 Frau v: Hier drin. Ich habe sie eben verlassen.
390 1468 2691 1640 Fr: sprechen Sie, liebe, liebe Frau Wiliner - sie ist doch
382 1643 888 1750 nicht krankt.
393 1724 2554 1887 Frau N: sie sind ja ihre beste Freundin,- legen sie.
414 1861 1413 2024 (:Reicht ihr einen Brief:
387 1972 2723 2173 Fr: (:liest; sehr besorgt:/ Heiliger Himmell Das ist nicht
393 2120 728 2292 möglicht
387 2257 1669 2385 Frau W: ch meine arme, arme Idal
393 2333 2647 2531 Fr: "Leb' wohl - Josef!“ Ich vermag mich nicht zu fassen.
390 2502 2694 2677 Frau W: Mein liebes gutes Fräulein, Sie waren ja von alden
393 2636 2665 2793 Mädchen, die meine Tochter kennt, am meisten vertraut mit
393 2767 2694 2930 ihr. Was ist denn zwischen ihr uns dem unglückseligen Men-
405 2901 1133 3073 schen vorgefallent
393 3003 2668 3169 Fr: Bei Gott, Frau Willner, ich weise nichte, ausser dasn
402 3146 2193 3335 sie sich in allen Ehren und wirklich liebten.
402 3259 2621 3448 Frau N: f:liest: /kein Mensch hat Schild an meinem Ande
390 3413 1273 3577 aisser mir selbet! -1
399 3556 1564 3690 Fr: Wir ist, als träumte ich.
396 3673 2656 3850 Frau W: Ich dachte nicht, dass der junge Mann so viel Un
