3064 4120
485 1175 1359 1419 A. mo Ten o der göne
2009 1277 2193 1410 ritz
2443 1274 2639 1425 volla
515 1389 828 1512 Herzent
518 1521 2627 1684 F: Ich wollte mir's eben zum Vorwurf machen, dass ein
512 1618 2772 1798 Mensch vor sich selber doch immer nur sein eigen Ich vor
524 1771 2750 1937 stellen kann. kannet di mir's verdenken, Josef, dass ich
521 1892 2838 2076 einen Nement an die Seligkeit einer glücklichen Liebe dach
518 2024 2784 2202 tet I hast mir ja selber davon erzählt, und vor ein paar
518 2151 2627 2317 Jahren nannt ich ja ein gar herzigee Schätzchen mein.
509 2290 2928 2461 H. Das du aber mältest, nicht etwa mit kaprizen und Elfs. 4
512 2413 2844 2576 süchteleien, nein mit Follheit, mit Dingen, die das Mädchen
2058 2518 2521 2600 meinem Ende
509 2540 2738 2696 nicht verstand.-"Kein Mensch hat schull an  asser
503 2678 2799 2844 mir selbet; ick gehöre nicht in die Helt - ich seh es ein.
500 2808 2826 2958 Leb' wohl." (:Er sieht seinem Freund über die Schulter zu,
494 2931 2738 3118 nimnt dann das Blatt Papier u. schliesst es in ein kuvert
509 3079 702 3226 ein:
488 3169 1979 3359 F: Und bei euch waren's nur Kaprizen!
497 3305 2832 3498 H. ketne Worte - um unserer Aufriedenheit willen! Das Paeit
500 3443 2802 3627 also von all dem ist - Leb' wohl, Fritz - auf Wiedersehen.
491 3576 2311 3763 F: Nun wird es mir aber doch weich ume Herz-
485 3720 2684 3907 H. kannst de selber von mir verlangen, dass ich bleibet
