3048 4136
432 1256 1347 1437 das zu gestehen haben-
321 1355 2524 1569 fr: Ich darf reden - darf ich wirklicht - Und sie werden
324 1537 885 1709 nicht - Ida-
333 1656 1154 1814 Ida: Ich bitte sie-
333 1726 2682 1969 F. Und sind fost genug, aus diesem lund das hebende Geständ
339 1870 2612 2083 nis einer nie endenden Liebe zu vernehmen - Ida - so wahr
348 1995 2615 2223 ich lebe - so wahr ee auf ürden eine Seligkeit giebt, wie
345 2135 2615 2357 eine wahre Liebe sie zu geben und zu empfangen vermag, se
362 2340 619 2498 wahr-
365 2439 1131 2603 Ida: Schweigen siel
380 2536 1370 2726 P: (:steht sie starr an:1
389 2699 920 2869 Ide: Menderl
383 2766 2641 2994 r: Dacht' ich's docht Aber ich hätts meinen Schmerz stu
386 2953 973 3120 tragen sollen.
386 3021 2717 3263 Idai Mender - du konntest wagen - die Hand noch blutig und
403 3187 2550 3380 auf den Lippen ein Lächeln - und Ruhe auf der Stim-1
403 3289 2693 3479 dürftest die un Liebe bitten, deren Geliebten du genordett
403 3441 2629 3628 P: (:schreit wild auf, will sprechen; se versagt lhu die
415 3611 1388 3780 stinme; er stürzt davon:
424 3713 1595 3868 Ida: (:sinkt ermattst nieder:
418 3719 2746 3952 Frau k. tritt rasch ein, ihr nach Kr., L., Da. - Vorhang fällt
