3096 4264
588 1356 2595 1560 Wenn idh nur weise, dass du mit mir zufrieden bist.
576 1505 2839 1686 König: Ich - und das Land - und ganz Mropal Deiner Braut.
582 1606 2868 1835 bringst du als Mitgift den Volköfrieden! Do war ja mein in
562 1766 2859 1961 nigster Munsch, dase du dich zu dieser Wahl entschlössest.
562 1910 2859 2073 Prinz: (:mehr f.e:) Dein Minsch wars... Nun, so hab ich
559 2042 1720 2199 deinen Wunsch erfüllt - und-
551 2174 2842 2340 König: Und ich habe dich doppelt lieb - alles Andre wollen
599 2285 2842 2478 wir morgen besprechen. Was die Hochzeit anbelangt und dei-
548 2420 2853 2595 nen Hofstaat und deine Residenz- bis mein Platz leer wird-
548 2555 1156 2675 Prinz: O Vater
536 2664 2753 2853 König: All das morgen. Di magst wol müde sein von dieser
533 2819 2759 2991 Reise, wenn du auch eben auf dieserReise das Glück gefun-
528 2945 1999 3080 den. Gute Nacht, mein geliebter Sohn!
528 3085 1732 3232 Prinz: Gute Nacht, mein Vater.
545 3169 2549 3389 (:Der König umarnt ihn; Prim Julius geht rasch ab:
2409 3495 2652 3673 2813.
499 3582 1554 3728 Nacht. -Einfaches Zinner.
493 3699 1890 3877 Prinz Julius und Thilda treten auf.
493 3863 2718 4040 Prim J: Mich eo zu empfangen, Thildal Mit Tränen in den
