3064 4328
454 1321 2724 1533 sein - immer an bestimmten Stunden des Tags zu tun zu ha-
485 1513 658 1620 ben.
480 1603 2063 1753 Ank Ein alter Herr muss ja arbeiten.
485 1741 2670 1900 Anselm: Ein alter Herrl Ich wäre alkr... Aber ach, Aenn-
485 1888 2614 2029 ehen, leider hast du Recht. Bald finfzig Jahre... gieb
483 1998 2681 2173 mir einen Kusel - oder lass mir wenigstens dein herziges
477 2145 855 2244 Händchen.
477 2247 1406 2391 Anna: Aber der Wein....
485 2379 2718 2540 Anselm: Bring ihn, Aennchen, bring' ihn.- Ich wäre jetzt
488 2509 2704 2679 so sehr dazuß gestimmt, auf meiner geige zu piantasieren,
514 2648 2594 2806 meine Melancholie in klängen hinschweben zu lassen...
474 2780 2667 2885 Heut hab' ich doch den ganzen Tag nichts gehört als ska-
474 2904 2659 3068 lent - Ich danke dir, Aennchen, der Wein ist gut. Trink!
480 3023 2639 3206 auch.- Nippe wenigstens; er schmeckt mir besser.- Ist's
480 3181 937 3308 schon spätl
474 3297 1389 3449 Anna: Ich glaube, zehn.
471 3418 2097 3596 Anselm: Wo heut Fridolins so lang bleibte
474 3565 1925 3720 Anna: Herr Lux war heut vormittag da.
471 3692 2204 3841 Anselm: Hat er nichts für mich hinterlassent
480 3810 1163 3926 Anna: Nein; er war
1301 3810 2597 3940 ihr zerstreut und las in einem Buch
471 3954 2707 4064 Auselm: Er liest jetzt mehr Seiten, als er tropfen trinkt
