3064 4184
1154 1288 1351 1408 hört.
2573 1460 2726 1636 Ja.
967 1488 2537 1691 erichtet dem Amadeus die Geschichte seine
641 1537 880 1688 Jul iar
630 1732 2537 1937 Tazarus kommt mit seinem schönen Weibe. Er ist d.
589 1855 2491 2077 ndes verwiesen. "lebt mir obdach bis morgen Krüht
786 2011 2622 2197 ldeus schwärmt. Unten sieht man einen Trupp Arbe
567 2151 2617 2356 s Wegs ziehen. Republikanische Lieder werden gesungen
838 2255 2672 2444 ens, der vorbeikommt, wird heraufgehbit. Er zeil
663 2351 795 2461 Für
595 2398 2754 2614 lch als wiitender Kommunist. Heute wird die Stadt angezün-
685 2630 2792 2858 Unterdessen spinnt sich ein Gespräch Julians und Thii-
485 2863 795 2981 das an.
682 2861 2691 3115 Just in kommt und erzählt. "Ich annisiere mich, alles
529 3052 2650 3258 ist in Bewegung. Man hat auf die Arbeiter geschossen.“
677 3135 2847 3357 Lazarus mütend, nimmt eine Pistole von der Wand, stürzt
496 3329 2050 3515 hinaus. Anadeus in Verwirrung ihm nach.
704 3395 2795 3644 Jul lan und Thilda allein. Thilda hat in ihm den lönch-
600 3570 2800 3759 erkannt, der neben ihr in der Kirche stand. In der Ferne
515 3702 2381 3874 tobt der Aufruhr. Sinnliche Stimming im Gemach.
