3048 4440
2507 1130 2633 1294 50.
433 1401 1881 1670 Ein Anderer: Kahaha, Kiesenschafte
598 1604 1769 1747 (Gemurmel unter den Bürgern.:
845 1684 2540 1865 1 Furchtbar erschrocken:) Worte Herren!
450 1755 825 1887 Rateherr:
455 1854 1827 1986 Böller: Wofür dankt uns der Rath
461 1936 2638 2134 Ein Bäcker: Wird uns nicht lang mehr zu danken haben!
466 2073 2668 2263 Ratsherr: Werter Freund! Gut, dass ich eben euch sehe,
601 2213 2186 2383 denn ich hab' euch mitzutellen, dass lhr
598 2350 2282 2534 Von uns bestimmt seid, dem edlen Albrecht
592 2476 2112 2677 Das Brot ine Schlose zu liefern.Und-
502 2589 2567 2770 Bäcker: Bemüht ouch nicht weiter. Ich will mit dem
617 2745 1848 2915 Kanne nientszu schaften haben.
510 2852 2523 3047 Ratcherr: Um Kimmelewiilen! Was habt Ihr im Sinnd
518 2981 2493 3165 söller: was recht lst und fromm. Hab' heut früh
628 3132 1988 3275 den Pater Chrisostomue gesprochen.
639 3272 2167 3434 Einen gotteefürchtigen, redlichen Mann
644 3401 2087 3579 Und ich könnt" ouch erzälen, wie der
650 3497 1931 3700 veber den Anatomen redt, den wir
647 3656 1821 3845 Zu unserer Stadt beherbergen.
557 3774 1470 3944 pink: Erzält, erzältt
551 3897 2301 4163 pöller. Necht Rlatz, hier komnt er selbst.
