3048 4312
436 1256 976 1502 I. mestriet.
471 1406 2755 1605 Corona geht ziemlich rasch durch das Zimmer. Sie ist ein
450 1553 2766 1718 Fach gekleidet; ihre Locken wällen aufgelöst über Haupt und
433 1672 2717 1839 Nacken; sie wirft einen flüchtigen Blick auf die drei Gäg-
462 1802 2697 1975 te und verschwindet im Nebenzimmer bei den Studenten. So-
459 1935 2740 2093 bald sie eintritt, wird Jubel und Gegang laut. Anselm, Lux
453 2079 1721 2252 und Winter schweigen eine Weile:
462 2229 1132 2368 Anselm: Aennchen!
462 2345 1193 2483 Anna: Bitte schönz
456 2486 1802 2602 Winter: Kennen Sie dieses Mädchen?
450 2576 2633 2769 Anna: Freilich; aber nicht seit lange. Siefist heute das
462 2749 1109 2896 zweite Mal hier.
465 2862 1458 3003 Winter: Wer ist sie denn?
468 2980 2330 3136 Anna: Sie Reisst corona und ist eine Studentin.
468 3136 1089 3248 Winter: Und - 1
468 3263 1548 3399 Anna: lfehr weiss ich nicht.
1559 3393 1914 3491 (:Stille:
476 3462 2789 3708 Winter: Wo sind wir denn in unserem Gespräch stehen geblie-
476 3667 650 3771 ben2
474 3783 1253 3913 Lur: Bei der Liebe.
474 3892 2717 4051 Winter: Ah, das Aeunchen möchte wol jetzt gern dableiben;
