3144 4408
2655 1065 2805 1272 28.
2020 1377 2885 1530 bei den edlen Frauen,
711 1389 1989 1544 der schlechte Ruf schadet mir nu
723 1519 2726 1680 folglich schadet mir mein Witz, weil er mir nützte,
711 1661 2871 1825 ist mein Unglück, weil er mein Glück war. 0 Friederich,
714 1788 2896 1938 ihr seid vernünktig, unermesslich vernüpftig, voll Ruhe
2205 1901 2491 1978 veleei
720 1916 2808 2063 voll innerer Zufriedenheit; es wird euch nur wolgehn.
725 2043 2763 2207 Wenn ihr wisstet Friederich, was dieser Mensch einst
728 2176 2967 2329 war, den ihr jetzt vor euch seht, O, es ist viel schönter
751 2290 2837 2454 nach und nach in schlechten Ruf zu kommen, als einmal
723 2440 2808 2565 verrufen zu sein. Verbietet auch Elisabeth nicht, mit
714 2579 1420 2684 uns zu verkehren-1
646 2706 2888 2859 friederich: Aber wie ihr heute übertrieben seid! Was ist
706 2817 2647 2947 euch denn widerfahrent Seid ihr am Ende verliebt1
587 2947 2865 3092 Medardes: Hahaha, wie witzig! Medardge verliebt, Medar-
700 3083 2822 3264 des verliebt! Ihr macht mich guter Laune, - ich könnt
700 3230 1193 3330 euch kiissen.
581 3321 2528 3497 Friederich: Der Wein steigt euch räsch zu Kopf.
592 3497 2757 3647 Medardes: kennt ihr das Gefühl immer unbedeutender zu
745 3627 2757 3760 werden. Sich zu erinnern, dass man einmal etwas war
697 3732 2723 3885 und immer tiefer und tiefer- /:stürzt ein dlas Wein
694 3865 2879 4052 hinunter:) Aber jetzt wollen wir in's Freie. /:Beide alf
595 3956 793 4052 24.X.
578 4024 1539 4166 Albrecht: (:äufstehend:
