3096 4264
604 1416 2896 1633 einer dänischen Prinzessin verloben - er miss es tun, weil
601 1555 2907 1772 sonst.... Aber was braucht's diese Reden! Mein Väter sagte:
587 1668 2809 1873 D schaffst den Völkerfrieden durch diese Heirat. Er hat
578 1806 2751 2026 Recht, und das Volk jubelt mir zu, weil es weies, dass,
566 1919 2893 2170 nätt ich mich anders entschlossen, vielleicht Blut geflog
581 2063 2890 2274 gen wäre in diesen friedlichen gefilden.- sieh, thilda, und
569 2196 2826 2407 dieser Mann, von dem Glück und ynglück so vieler Tausende
569 2344 2878 2546 abhängt, dieser Mann liebt dich, gehört dir an mit Leib und
555 2439 2838 2665 Seele und ist glücklich, wenn er deine Lippen küssen kann.
561 2563 2841 2806 sprich kein Nort mehr von dem, was ich nursin hastigem Vor-
543 2711 2798 2948 überflug berührt, weil es dir ja doch klar werden musste,
529 2850 2777 3092 wie unnütz du dich kränket - flüstre nur: Jlius, Julide.
520 3003 1653 3162 und lass uns glücklich seinl
529 3095 2754 3306 milda: Und du bist wieder herrlicher geworden, seit ich
523 3228 1136 3402 dich nicht sahl
514 3358 2659 3563 Juliue: Und mein Aug wellt entzückt auf dir -o wie du
546 3511 2763 3702 schön bist - Jass mich diese Stim, deine Lippen, deinen
500 3633 2705 3835 dusen küssenl O warum kann ich nicht dir allein gehörent
497 3754 2803 3997 wie nichtig - wie nichts iat doch, was den oberflächlichen
