2984 4424
2573 1065 2756 1174 53 b.
1911 1634 2054 1777 va.
868 1734 1142 1882 okt 1n
1757 2042 2522 2256 und sehen alle nach
808 2114 1280 2288 drängen eich
1268 2165 1497 2256 gegen
1525 2288 1799 2434 ehtung:
1214 2305 1428 2396 einer
1440 2411 2539 2525 Wehin schaut ihr denn alles
428 2414 1337 2573 Böller: (:kommt eben:)
431 2533 1425 2668 Fink: Siehst du nicht!
437 2625 2542 2842 böller: Ah, von sarg tragen die hinauf in den Turm-
543 2793 1974 2948 vier Männer schwarz, wie die Raben.
448 2913 2039 3082 Fink: Und siehst du nicht ihn daneben?
443 3025 2736 3193 Böller: O wol, wol - der schwärzeste unter diesen merk-
560 3162 2673 3330 würdigen Todengräbern und der grösste und am schauer-
566 3325 1342 3453 liehsten anzuschun.
443 3413 2656 3579 Rateherr: (:erscheint unter der Menge:) Guten Morgen,
566 3579 2599 3739 liebe Leute, guten Morgen! Ich begrüsse es als das
568 3693 2633 3856 Worgenrot einer neuen Tages, dase ihr alle Scheu ab-
577 3833 883 4030 lextet.
