3096 4248
544 1351 2752 1563 geistreich ist und über das man lachen muss. - Aber mein
556 1473 2810 1678 Väter -1 (:Er geht weiter; es kommt ihm der König entge-
538 1609 2674 1803 gen. Der König. und der Prinz stürzen sich in die Arme:
535 1730 1655 1895 König: Mein. Sohn, mein Sohnl
530 1872 2002 2060 Prinz: Bist du zufrieden, mein Vateri
521 1997 1470 2156 König: Wenn du’'s bist-
512 2144 2289 2312 Prinz: Oh Leonore ist schön, himmlisch schön
515 2263 2810 2468 Baron: Ich kann Durer Majestät versichern, dass die künfti-
506 2405 2465 2596 ge Königin die schönste Frau des Landes sein wird.
501 2518 2717 2766 (Wellenburg komnt; Hohentweiel, andere Würdenträger des
495 2665 845 2781 Reiches:
483 2761 2668 2978 Wellenb: Ich erlaube mir, Eurer Hoheit die ergebdsten
460 2882 2758 3146 Glickwünsche im Namen der Würdenträger des Reiches, im Na-
463 3033 1852 3212 men das ganzen Landse darzubringen.
454 3172 2781 3400 Prinz: Ich danke Ihnen, lieber Graf, und Ihnen allen, meine
457 3305 2781 3522 Herren. Un den Volk zu danken, will ich in seinem Angesich
460 3412 2772 3655 te stehen - diesss liebs, ergebene, treus Volkl (:Ir tritt
443 3565 2656 3756 langsan auf den Balkon:) Aber Ihr müsst mitkommen, mein
443 3713 2613 3907 königlicher Vater - (:Der Prinz und der könig gehen auf
431 3843 1160 3993 den Balkon; Jubel:
