3096 4296
2636 1058 2759 1212 17.
1106 1312 2703 1486 So ist's wieder aus mit unseres Heinkich
1044 1469 1756 1611 Woltaart zugleich.
639 1558 916 1681 edardes:
1016 1553 2379 1743 Dass er so bald wieder zurück istg
1086 1706 2603 1896 Er. mas gleich wieder von dacnen ziehn,
1008 1835 2865 2019 nicht mehr Freunde findet, als er nier verliegs.
561 1977 760 2072 Wirt:
829 1972 1181 2147 ikonnt:
1282 1969 2756 2150 Guten Abend, edle Herren, womit kann
665 2114 1114 2270 ich diesen
539 2228 1645 2357 Medardes: Wein und Würfel.
545 2351 2787 2538 Friederich: Est, Freund, einen Augenblick. Habt ihr den
645 2510 1525 2650 Sebaldus schon gesehnt
536 2608 2658 2792 Wirt: Freilich ist der wieder dä. Und wie seltsam er-
651 2742 2661 2915 aussieht! Das kommt aber, weil er nun des Professor
639 2862 2692 3063 Aloreent Gehilte ist, der heut Abends hier angelangt
645 3024 818 3108 ist.
517 3122 2681 3317 Medardes: Hab' mir gedacht, dass so was aus ihm müsst
626 3267 933 3418 werden.
511 3368 2644 3563 Wirt: kaum hätt' ich ihn wieder erkannt, glaub“ aber
2200 3521 2424 3591 an
620 3519 2639 3711 selbst auf den ersten Blick, dass ich ihn mir nicht
612 3658 2809 3817 möcht lieber gewinnen, als ich ihn damals konnt“ leiden.
