3032 4216
506 1377 1297 1534 Alfred: Lass das ..
500 1505 2796 1694 Hugo: Geh, Alfred, ich will Licht machen. .So nun brennt est
688 1637 2759 1765 Aber (das Manuscript nehmend) was ist das. . Schon
2542 1731 2808 1857 Kandern
611 1737 2816 1939 wieder sone Schwärmerei mit den freigelassenen Kindern,
611 1917 2196 2019 Kannst du dir denn das nicht abgewöhnen!
494 2037 2119 2191 Alfred: Ich hätte nicht übel Lust dazu..
497 2154 2765 2319 Hugs: (Die cigarette drehend) Bis man so eine Liebschaft
606 2325 1077 2428 einfädelt..
491 2442 2688 2591 AlFred: Es ist freilich bequem, wenn man sie sich fertig
600 2613 1885 2705 kauft : .die cigarette mein ich.
486 2668 2448 2876 Hugo: Ich hab immer einige von dieser Sorle bei nur
631 2822 2688 3005 Wimmt ein paar cigaretten aus der Tasche und dabei
594 2945 2128 3048 fällt eine Photographie auf den Tisch.
480 3130 2425 3279 Alfred: (sie betrachtend) Ah, sehr fein, sehr fein.
474 3250 2465 3413 Hugo: Aber sehr leicht . .die cigarette mein ich. -
480 3399 1594 3545 Alfred: Und dieses Mädchen-
468 3510 2311 3670 Hugo: Gottlob nicht minder. Hübsch,nicht, wahrt
471 3630 1342 3767 Alfred: Wunderhübsch.
480 3799 2025 3950 Hugo: Wir werden sie heute Abend sehen.
548 3942 1083 4064 Fred: Wir- 2
