2824 3400
2115 504 2438 662 1880/81
229 589 630 691 Ernestine.
369 671 615 823 Baron
419 732 2441 902 Herr Hieder hat eine Frau, Ernestind. Er'tritt in
264 864 1963 1037 Staatsdienst, am Hofe des Fürsten Theophil.
413 990 2511 1166 Graf Hmil liebt Ernstfine und besitzt sie. Da sie ei-
237 1099 2060 1292 tel ist, poussiert er den Baron, ihren Gatten.
431 1234 2523 1421 v. Willmers hat Ernestine einst geliebt, und der Baron
2001 1345 2218 1430 auch
270 1371 2485 1544 keiratet sie ihm vor der Nase weg. Er ist, obwol er sich
275 1500 2490 1673 der süssesten Gunst Ernestinens erfreuen kann, ungeheuer
284 1629 2092 1820 eifersüchtig und schadet dem Fieder bei Hofe.
437 1752 2561 1925 Ernestine ist ein sinnliches Wesen, aber liebt keinen.
437 1884 2599 2057 T.Akt. Ernestine zuhause: Graf Emil kommt, Llebesworte.
243 2042 2028 2183 Der Mann ist traf geworden. Ungeheure Freude.
440 2151 2534 2318 v. Willmers. kommt; wütend. Dieser Mensch, der dich mir
272 2277 2063 2435 geraubt hat - alles fällt ihm in den Schooss.
422 2406 2534 2567 Beim Fürsten. v. Willmers, geistreicher Poet, schimpft
243 2543 2602 2728 über die Titelsucht. "Dieser Flieder, geistlos. Man wird la
249 2669 2148 2839 chen." Nun ist's doch nicht mehr zurückzunehmen.
442 2801 2578 2989 Flieder kommt, sicht bedanken. Dann kommt Emil und lebt
246 2909 2154 3100 ihn. Der Fürst durchschaut die ganze Geschichte.
