3048 4152
569 1258 2482 1458 Prochmerzen. Wein trost ist schwach; die Zeit wir
424 1400 2569 1599 os heilen. (:Er bleibt bei Ida und scheint mit ihr zu
413 1570 828 1723 sprechen:)
407 1639 2673 1850 E: Wollen sie meinem Uate folgen, gnädigs Frau, so verlas
421 1795 2673 1963 den wir alle dieser Zimmer und lasgen ihn mit ihr. allein.
419 1916 2742 2119 Ich glaubs nicht, dass unser grässlicher Verdacht schwinden
421 2084 652 2214 virde
427 2165 2601 2372 Mn: (:au Fr:) Wie er mit ihr plandert, fräulein - Aber
398 2318 1322 2497 kich danke doch nicht-
421 2419 2696 2618 Fr: Ste sind herzleser als alle - oder ungeschickter. Und
424 2537 2647 2730 ich glaube, sis gehören zu den Uenschen, die sich lieber
424 2684 2560 2866 Herzlonigkeit ale Ungeschicklichkeit vorwerfen lasgen.
430 2837 2572 2993 Bn: Aus schönen sunde nehm ich alle Vorwürfe entgegen.
427 2961 2231 3140 Fr: belanterie in einer solchen Stunde - pfull
439 3074 2704 3241 Frau N: (:zu Fr:( Mir entfornen und so unbemerkt als mög
444 3189 2716 3380 liek. Da er unsern Verdacht nicht ahnt, wird ihn seine Ur
436 3348 2759 3530 bgfangbnheit nicht verlassen. (ixe ent fernen Sich, Alle aus
447 3501 1235 3651 sor Ida und Esters:)
439 3605 1665 3790 10. Auftritt. - Ida, Petere.
439 3700 2699 3934 r: sie sind ein starkee kädehen, Eda; dafür kenn ich sie
