<?xml version="1.0" encoding="UTF-8" standalone="yes"?>
<PcGts xmlns="http://schema.primaresearch.org/PAGE/gts/pagecontent/2013-07-15" xmlns:xsi="http://www.w3.org/2001/XMLSchema-instance" xsi:schemaLocation="http://schema.primaresearch.org/PAGE/gts/pagecontent/2013-07-15 http://schema.primaresearch.org/PAGE/gts/pagecontent/2013-07-15/pagecontent.xsd">
    <Metadata>
        <Creator>prov=READ-COOP:name=PyLaia@TranskribusPlatform:version=2.7.0:model_id=50870:lm=none:date=22_01_2024_15:29</Creator>
        <Created>2023-09-27T14:32:25.826+02:00</Created>
        <LastChange>2024-01-22T15:29:08.650+01:00</LastChange>
        <TranskribusMetadata docId="1589026" pageId="60122107" pageNr="102" tsid="145619796" status="IN_PROGRESS" userId="40391" imgUrl="https://files.transkribus.eu/Get?id=FIXGEOKYKKGTUKCKUBANJIZA&amp;fileType=view" xmlUrl="https://files.transkribus.eu/Get?id=OSNFCVVHGQNSAJSCQIDGRXBO" imageId="48547186"/>
    </Metadata>
    <Page imageFilename="1589026_0102.jpg" imageWidth="3096" imageHeight="4248">
        <ReadingOrder>
            <OrderedGroup id="ro_1711796354291" caption="Regions reading order">
                <RegionRefIndexed index="0" regionRef="tr_1"/>
            </OrderedGroup>
        </ReadingOrder>
        <TextRegion orientation="0.0" id="tr_1" custom="readingOrder {index:0;}">
            <Coords points="528,1393 528,2592 2850,2592 2850,1393"/>
            <TextLine id="tr_1_tl_1" custom="readingOrder {index:0;}">
                <Coords points="561,1509 931,1495 1048,1538 1176,1481 1304,1526 1555,1495 1617,1538 1802,1543 1985,1506 2110,1566 2574,1529 2571,1461 2429,1452 2269,1375 2153,1441 1999,1410 1928,1441 1677,1370 1466,1432 982,1418 877,1350 555,1347"/>
                <Baseline points="573,1456 673,1457 773,1461 874,1464 974,1465 1075,1472 1175,1472 1276,1478 1376,1480 1477,1483 1577,1483 1677,1486 1778,1489 1878,1492 1979,1496 2079,1502 2180,1507 2280,1507 2381,1508 2481,1515 2582,1522"/>
                <TextEquiv>
                    <Unicode>stoogen so in ein paar Uimiten auf den grosgen Zug.</Unicode>
                </TextEquiv>
            </TextLine>
            <TextLine id="tr_1_tl_2" custom="readingOrder {index:1;}">
                <Coords points="561,1629 1227,1606 1444,1671 2213,1634 2540,1723 2845,1689 2839,1540 2754,1518 2554,1595 2389,1566 2298,1597 2187,1597 1985,1506 1518,1563 1338,1526 1145,1549 1099,1509 1036,1543 974,1509 558,1529"/>
                <Baseline points="573,1585 686,1590 800,1591 914,1596 1028,1598 1142,1603 1256,1606 1369,1609 1483,1613 1597,1615 1711,1618 1825,1623 1939,1626 2053,1629 2166,1635 2280,1638 2394,1640 2508,1645 2622,1650 2736,1652 2850,1653"/>
                <TextEquiv>
                    <Unicode>Borromius: könnt ihr denn nichts sein für auch alleinl Er-</Unicode>
                </TextEquiv>
            </TextLine>
            <TextLine id="tr_1_tl_3" custom="readingOrder {index:2;}">
                <Coords points="552,1740 621,1726 868,1791 1045,1731 1310,1777 1441,1757 1415,1671 1139,1694 928,1634 692,1669 550,1637"/>
                <Baseline points="567,1713 611,1716 655,1719 699,1722 743,1725 787,1725 831,1725 875,1728 919,1728 963,1731 1007,1728 1051,1728 1095,1730 1139,1731 1183,1733 1227,1736 1271,1735 1315,1736 1359,1737 1403,1737 1447,1737"/>
                <TextEquiv>
                    <Unicode>bärmliches Geschlecht!</Unicode>
                </TextEquiv>
            </TextLine>
            <TextLine id="tr_1_tl_4" custom="readingOrder {index:3;}">
                <Coords points="541,1899 689,1857 874,1911 1085,1871 1256,1914 1466,1888 1538,1928 2030,1896 2090,1945 2238,1916 2517,1999 2688,1925 2793,1945 2791,1817 2520,1848 2326,1797 2164,1842 1814,1774 1620,1814 1435,1754 1267,1797 1039,1751 883,1794 732,1754 538,1791"/>
                <Baseline points="558,1847 670,1853 782,1853 894,1856 1006,1859 1118,1864 1230,1865 1342,1870 1454,1874 1566,1878 1679,1877 1791,1880 1903,1886 2015,1889 2127,1889 2239,1894 2351,1898 2463,1903 2575,1907 2687,1910 2800,1916"/>
                <TextEquiv>
                    <Unicode>dis Stimme des Matthäus! Ich will dir zuei Rackeln in die</Unicode>
                </TextEquiv>
            </TextLine>
            <TextLine id="tr_1_tl_5" custom="readingOrder {index:4;}">
                <Coords points="535,2059 589,2056 678,1999 920,2042 962,2005 1008,2019 1005,1896 937,1885 874,1914 800,1877 766,1891 726,1874 683,1899 641,1879 607,1905 575,1882 530,1908"/>
                <Baseline points="549,1979 574,1979 600,1979 626,1981 652,1983 678,1985 704,1985 729,1985 755,1987 781,1988 807,1988 833,1988 859,1988 884,1989 910,1991 936,1991 962,1992 988,1996 1014,2000"/>
                <TextEquiv>
                    <Unicode>Kand geben.</Unicode>
                </TextEquiv>
            </TextLine>
            <TextLine id="tr_1_tl_6" custom="readingOrder {index:5;}">
                <Coords points="538,2158 735,2130 794,2170 846,2133 1059,2124 1350,2173 1506,2150 1503,2033 1390,2067 1313,2030 1156,2079 854,2019 692,2070 535,2056"/>
                <Baseline points="552,2110 600,2113 648,2113 696,2114 744,2116 792,2116 840,2117 888,2119 936,2119 984,2121 1032,2122 1080,2124 1128,2122 1176,2122 1224,2125 1272,2128 1320,2131 1368,2128 1416,2128 1464,2129 1513,2131"/>
                <TextEquiv>
                    <Unicode>Eins Stimme: Warun dennd</Unicode>
                </TextEquiv>
            </TextLine>
            <TextLine id="tr_1_tl_7" custom="readingOrder {index:6;}">
                <Coords points="524,2255 962,2264 1136,2312 1290,2264 2352,2318 2318,2130 1979,2184 1808,2127 1606,2213 1344,2150 1108,2204 521,2158"/>
                <Baseline points="540,2238 630,2241 721,2241 812,2244 903,2250 993,2253 1084,2253 1175,2257 1266,2258 1356,2259 1447,2260 1538,2261 1629,2266 1719,2270 1810,2271 1901,2273 1992,2278 2082,2282 2173,2281 2264,2283 2355,2286"/>
                <TextEquiv>
                    <Unicode>Matchäue: El nun, es fehlt ihm ja eine Mannel</Unicode>
                </TextEquiv>
            </TextLine>
            <TextLine id="tr_1_tl_8" custom="readingOrder {index:7;}">
                <Coords points="527,2429 738,2392 840,2432 940,2383 1065,2429 1142,2386 1583,2449 1896,2409 2099,2455 2426,2420 2554,2472 2768,2457 2745,2309 2511,2381 2440,2343 2298,2361 2224,2312 1956,2358 1429,2306 1253,2343 999,2267 743,2269 666,2312 521,2255"/>
                <Baseline points="540,2373 651,2373 763,2376 874,2376 986,2376 1098,2382 1209,2385 1321,2388 1433,2391 1544,2394 1656,2400 1768,2403 1879,2406 1991,2409 2103,2415 2214,2415 2326,2415 2438,2421 2549,2424 2661,2429 2773,2429"/>
                <TextEquiv>
                    <Unicode>Einige verwunderte Studenten: Wie, er ist nicht verliebt!</Unicode>
                </TextEquiv>
            </TextLine>
            <TextLine id="tr_1_tl_9" custom="readingOrder {index:8;}">
                <Coords points="515,2509 723,2554 789,2509 840,2546 1244,2546 1503,2628 1683,2605 1911,2645 2025,2597 2608,2645 2603,2469 2474,2437 2136,2472 1919,2443 1734,2503 1575,2437 1392,2477 1267,2429 1136,2463 738,2395 513,2420"/>
                <Baseline points="528,2501 632,2501 736,2503 840,2510 944,2508 1049,2512 1153,2516 1257,2519 1361,2521 1465,2522 1570,2526 1674,2533 1778,2534 1882,2537 1986,2539 2091,2543 2195,2547 2299,2552 2403,2552 2507,2552 2612,2561"/>
                <TextEquiv>
                    <Unicode>Verchäus: Staunt, ihr Freunds, er ist nicht verllebtt</Unicode>
                </TextEquiv>
            </TextLine>
            <TextEquiv>
                <Unicode></Unicode>
            </TextEquiv>
        </TextRegion>
    </Page>
</PcGts>
