3016 4328
473 1253 1828 1441 eprone: Hat niemand nach mir gekre
493 1410 1335 1583 Anna: Nein, Fräulein.
495 1569 1421 1711 Corona: Wie spät ist's1
495 1683 1367 1811 Anna: Eilf Uhr vorbei.
487 1825 2779 1968 Corona: Es wird ein Herr kommen und nach mir fragen. Sagen
487 1939 2620 2090 Sie ihm, ich sei schon nach Hause gegangen.- Haben Sie
490 2073 2284 2232 vielleicht Papier und Bleistift bei der Hand?
484 2204 1865 2355 Anna: Ich will gleich welche holen.
487 2369 1583 2486 Winter: Hiei, mein Friulein.
484 2463 2267 2637 Corona? Ich danke Ihnen sehr. (:Sie schreibt:
510 2594 2699 2722 (:Berger und Iux sprechen mit Anna; Winter verliert sich
481 2751 1783 2848 in den Anblick Coronas. - Stille:
476 2865 2597 3004 Corona: (:giebt Winter den Bleistift zurück:) Danke.
498 2984 2594 3146 (:Zu Anna:/ Geben Sie das dem Herrn, sobald er. kommt.
493 3115 2751 3295 (:Sie grüisst die Andern durch ein leichtes Neigen des Kop-
470 3258 1014 3377 fes und geht:
476 3357 2628 3525 Winter: Ich glaube - ich glaube - (:Er steht eine Weile
467 3508 2332 3688 schweigend da, dann folgt er rasch dem Mädchen:
461 3710 960 3841 IX. Auftritt.
470 3813 1224 3969 Iux: Ei sieh doch-
458 3952 1839 4103 Anselm: Beginnt er schon zu leruent
