3096 4280
591 1164 2818 1395 felden, dass mir aus dem Fusss zwei leute folgen, von denen
686 1351 2705 1516 der eine den weitberühmten Aamen Professor Albrecht
689 1464 2847 1654 trägt; der andere aber ist des Gelehrten Gehilfd;ein ge-
683 1602 2737 1778 schickter Jüngling, wie man uns sagt, der frülier unter-
671 1729 2778 1916 Euch weilte, verehrte Göttinger Bürger - sein Name ist
700 1876 1086 2034 Sèbaldus.
556 2017 1518 2115 Böller: kenn' ihn (nicht.
556 2109 1634 2302 Heinrich: Wie 2 Sebaldus2
553 2256 2798 2426 Ratsherr: An, werter Freund seh’ich Euch endlich wieder?
547 2371 2028 2536 Heinrich: Sebaldus ist in der Stadt 2
550 2489 2847 2700 Ratoherr v. Fliden: Juwol - üill in Luei Minuten steht er in
654 2642 2864 2838 diesem Gemache - Also beeilt Euch gevatter Wirt! Berei-
668 2763 1106 2927 tat Zimmer.
553 2890 2069 3043 Böller; sreht) suten Abend, Herr Rat.“
550 3028 2867 3215 Wirt: Aber wenn ich eine Frage warjen darf - warum habe ich
447 3161 1184 3331 eben a1e Ehre -.
547 3273 2795 3458 Ratoherr Flüten: Ich schätze Fuch höch, das wisst Ihr, weil
666 3426 2714 3587 ich weiss, dass auch ihr ein aufgeklärter Geist seid.
651 3550 2798 3723 Diese Aukklärun; eures Geistes ist der Arund, warum ich
645 3685 2184 3844 den grossen Mann bei Euch einquartire.
547 3800 2723 3996 Wirt: Wenn ich wagen dark, Herr Rat - warum schätzet Ihr
