3096 4280
1032 1184 1363 1299 noch nun
629 1266 2360 1420 Und weine auf niemand, was ich dir gesteh“.
614 1376 2288 1553 Denn seit du deine Vaterstadt verlieesest,
629 1523 2118 1664 Zog ihre Kreiee leie" un uns die Zeit,
626 1635 2529 1800 Und nichte geschah, als dass die Tage schwanden.
611 1774 1949 1933 Doch eben diese unentwegte Ruhe,-
614 1923 2283 2054 Der glatte See und Herbstebshimmel drüber,
621 2021 2193 2188 sebaldue - alles deser aeugstigt mich
511 2164 2413 2318 Sebaldus: f: aüfgeregt:) Sprich doch- Justinel
2134 2254 2837 2442 o. Justinegszieben
511 2311 870 2408 Heinrich:
611 2413 2478 2562 setz dieh zu mir, lase mich und dich beeinnen,
619 2519 2336 2696 und lasa uns denken der verflogenen Jahre.
611 2650 2388 2852 Ien sehe Bild an Bild in Frohsinn schwimmenf
626 2804 2249 2976 Und still zufriedne Menschen gaukeln hin.
621 2917 2429 3096 Ein Mädehen hellen Auge; ein heitrer Jüngling,
611 3078 2388 3204 Durch ihrer Neigung Freundlichkeit verbunden,
614 3173 2131 3340 Die aus dem Zauber eines Liebesblicke,
614 3304 2334 3474 sich gatt für einen Kond voll Glüch gesogen
727 3428 932 3510 Julie
614 3461 2195 3579 Und gleitet Kuss um Kuse hinüber, fellk.
493 3561 2557 3725 sobaldus: Und mit nem fröhlichen gesicht, aus den
621 3689 2370 3864 die Wonne spricht, niemale gedacht zu haben;
606 3862 2231 4036 Und kurzem Atem und noch kürzrem Schritt,
603 3998 883 4141 1
