3048 4392
2611 1121 2748 1289 35.
573 1421 2723 1603 Aisabeth: Klag' dich nicht an, ich kann's beschwören,
675 1570 2812 1732 dass du unschuldig bist. Der nun von hinnen gegangen"
644 1672 2663 1870 ist, war ein Sonderling, dess Heim auf Erden nicht
650 1815 2823 1969 war. Gewiss nater dich, gute Seele gequält mit seinen
642 1939 2685 2151 seltsamen Wahn, mit Verdriesslichkeit, Leidenschaft,
639 2065 2776 2264 hochfliegenden Gefühl und tiefer Verstimmung. Ein Mäd-
650 2195 2790 2388 cten von unserer Art ist für solche nicht - und solche
655 2319 2798 2525 nicht für diese Welt. Vielleicht haben sie recht, wenn
653 2440 2792 2663 sie sagen, dass wir sie nicht verstehn - aber was sind
658 2635 1159 2765 sie auch so.
551 2737 2765 2858 Justine: Elisabeth - - sprich keine solchen Worte mehr
669 2847 2776 3040 über ihn. -0 Gott, o Gott, nun ist er tot, ich werd-
675 2952 2828 3156 ihn nie mehr sehn, küssen, seine Stimme nie mehr hören.
675 3090 2839 3296 O fasstest du das, Elisabeth, du glückliche, glückliche,
680 3219 2834 3398 du selige Braut! 0 ich werde sterben, bald, sehr bald.
2195 3368 2498 3481 reundin:
1705 3365 1963 3497 Brust
1159 3390 1641 3533 (:Sinkt an d.
565 3547 771 3682 5.XI.
2368 3508 2729 3668 es klopft
721 3607 1512 3729 :Es klopft, es wird
2608 3709 2790 3858 geht
1140 3734 1459 3886 leich da
1501 3737 1884 3858 aus trite
669 3742 1027 3864 nochmals
2332 3839 2459 3938 cher
686 3858 1534 3968 schnell auf Elisabeth
683 4001 1523 4188 aus die ganz versunke
