3096 4264
2483 1280 2630 1410 12.
540 1353 801 1532 Augent
546 1503 2569 1673 thilda: Soll ich heiter, sein an einem solchen Tagel
520 1656 2777 1812 Prinz: Ich wer offen mit dir, erlang. ich dich kenne, Mäd-
572 1774 2777 1962 chen! Weil ich. dich liebeh, wahrhaft liebe, seit ich dich
529 1907 2798 2069 kenne. Ich verberg mich nicht unter einem falschen Namen-
523 2029 2835 2220 neini ich sagté dir, bevor im ersten Kisse meine Lippen die
535 2153 2618 2338 deinen berührten: Mhilda, ich bin der Fronerbe diesen
520 2286 2696 2465 Reich; nicht von meinem Herzen; mir von der Politik bin
517 2419 2722 2589 ich abhängig - und wenn's mir auch höhere Wonne ist, vor
526 2535 2711 2728 dir auf den Knisen zu liegen, als auf der kalten Höhe zu
512 2673 2725 2855 stehen, von der aus ich ein ganzes Volk beherreche, - ich
514 2826 2711 3000 kann nicht wählen, weil ich ein könig binl - geliebte-
503 2965 2743 3115 ewig werden Augenblicke sein, in denen Julius nur dir ge-
491 3072 2240 3245 hört. Er wird nis aufhören, dich zu lieben-
503 3193 2656 3376 Mhilda: Als man in der Nachbarschaft erzählte, was ich
503 3329 2731 3503 schon so lang ahnte: der Kronprinz hat sich verlobt - oh,
491 3442 2815 3630 ich meinte umzusinken und zu sterben - und - ach und du hat
494 3612 1665 3763 test es mir doch schon gesagt
488 3714 2722 3881 Prinz: O mein Lieb, diese Verbindung ist eine kalte nuch-
477 3838 2696 4011 terne Geschichte. Man sagte: der Kronprinz muse sich mit
