<?xml version="1.0" encoding="UTF-8" standalone="yes"?>
<PcGts xmlns="http://schema.primaresearch.org/PAGE/gts/pagecontent/2013-07-15" xmlns:xsi="http://www.w3.org/2001/XMLSchema-instance" xsi:schemaLocation="http://schema.primaresearch.org/PAGE/gts/pagecontent/2013-07-15 http://schema.primaresearch.org/PAGE/gts/pagecontent/2013-07-15/pagecontent.xsd">
    <Metadata>
        <Creator>prov=READ-COOP:name=PyLaia@TranskribusPlatform:version=2.7.0:model_id=50870:lm=none:date=22_01_2024_15:28</Creator>
        <Created>2023-09-27T14:32:17.836+02:00</Created>
        <LastChange>2024-01-22T15:28:59.146+01:00</LastChange>
        <TranskribusMetadata docId="1589026" pageId="60121802" pageNr="44" tsid="145619727" status="IN_PROGRESS" userId="40391" imgUrl="https://files.transkribus.eu/Get?id=BUATFQLSALAYHSWLOHTGUZPF&amp;fileType=view" xmlUrl="https://files.transkribus.eu/Get?id=EFGRLKPYLNOQLQYXZNSESEJJ" imageId="48546881"/>
    </Metadata>
    <Page imageFilename="1589026_0044.jpg" imageWidth="3160" imageHeight="4392">
        <ReadingOrder>
            <OrderedGroup id="ro_1711796269401" caption="Regions reading order">
                <RegionRefIndexed index="0" regionRef="tr_1"/>
            </OrderedGroup>
        </ReadingOrder>
        <TextRegion orientation="0.0" id="tr_1" custom="readingOrder {index:0;}">
            <Coords points="483,1244 483,3669 2903,3669 2903,1244"/>
            <TextLine id="tr_1_tl_1" custom="readingOrder {index:0;}">
                <Coords points="2636,1329 2666,1332 2716,1359 2722,1354 2741,1368 2774,1373 2772,1232 2744,1235 2711,1213 2677,1213 2658,1202 2636,1207"/>
                <Baseline points="2652,1309 2677,1306 2702,1303 2727,1305 2752,1307 2777,1309"/>
                <TextEquiv>
                    <Unicode>21.</Unicode>
                </TextEquiv>
            </TextLine>
            <TextLine id="tr_1_tl_2" custom="readingOrder {index:1;}">
                <Coords points="581,1611 767,1586 817,1614 894,1595 922,1611 952,1589 1022,1600 1022,1476 1000,1467 908,1509 839,1490 653,1517 629,1498 581,1501"/>
                <Baseline points="596,1560 621,1558 646,1557 671,1557 697,1557 722,1557 747,1557 773,1557 798,1557 823,1557 848,1557 874,1557 899,1557 924,1557 950,1557 975,1558 1000,1560 1026,1560"/>
                <TextEquiv>
                    <Unicode>Friederich:</Unicode>
                </TextEquiv>
            </TextLine>
            <TextLine id="tr_1_tl_3" custom="readingOrder {index:2;}">
                <Coords points="1085,1559 1312,1611 1567,1559 1617,1592 1719,1562 1778,1611 1982,1553 2616,1622 2819,1603 2819,1503 2614,1445 2381,1509 2265,1473 2209,1503 2060,1440 1841,1503 1085,1495"/>
                <Baseline points="1100,1563 1186,1557 1272,1557 1358,1557 1445,1557 1531,1557 1617,1557 1703,1560 1790,1557 1876,1560 1962,1561 2048,1561 2135,1562 2221,1560 2307,1560 2393,1561 2480,1562 2566,1563 2652,1560 2738,1560 2825,1560"/>
                <TextEquiv>
                    <Unicode>Was weiss ich von der sachel Ich kann diese</Unicode>
                </TextEquiv>
            </TextLine>
            <TextLine id="tr_1_tl_4" custom="readingOrder {index:3;}">
                <Coords points="681,1703 1274,1730 1581,1692 1772,1747 1919,1692 2304,1730 2852,1706 2852,1611 2769,1584 2514,1658 2472,1617 2398,1645 2126,1600 1969,1639 1883,1603 1465,1650 966,1642 892,1600 681,1634"/>
                <Baseline points="695,1691 803,1686 911,1688 1019,1688 1127,1685 1235,1685 1343,1688 1451,1688 1559,1688 1667,1688 1775,1688 1883,1688 1991,1688 2099,1689 2207,1691 2315,1688 2423,1691 2531,1691 2639,1690 2747,1691 2855,1691"/>
                <TextEquiv>
                    <Unicode>Art von sonderbarer Leidenschaft nicht leiden. Ich lie-</Unicode>
                </TextEquiv>
            </TextLine>
            <TextLine id="tr_1_tl_5" custom="readingOrder {index:4;}">
                <Coords points="689,1838 1024,1819 1188,1894 1343,1855 1431,1897 1503,1858 1642,1894 1725,1844 1814,1880 1938,1830 2245,1836 2334,1877 2877,1841 2877,1755 2705,1714 2378,1711 2237,1761 1697,1714 1395,1772 1229,1714 1027,1778 820,1722 689,1761"/>
                <Baseline points="704,1820 813,1815 922,1817 1031,1815 1140,1817 1249,1819 1358,1817 1467,1820 1576,1817 1685,1823 1794,1817 1903,1820 2012,1818 2121,1820 2230,1823 2339,1820 2448,1820 2557,1823 2666,1821 2775,1817 2885,1820"/>
                <TextEquiv>
                    <Unicode>ve - punctum. Elisabeth liebt mich desgleichen, punctun</Unicode>
                </TextEquiv>
            </TextLine>
            <TextLine id="tr_1_tl_6" custom="readingOrder {index:5;}">
                <Coords points="468,1933 532,1927 581,1952 653,1891 1005,1883 1008,1825 914,1841 867,1819 731,1850 642,1802 471,1844"/>
                <Baseline points="483,1894 509,1894 535,1894 562,1894 588,1894 615,1893 641,1890 667,1887 694,1885 720,1884 747,1882 773,1882 799,1881 826,1879 852,1879 879,1879 905,1879 931,1878 958,1877 984,1878 1011,1882"/>
                <TextEquiv>
                    <Unicode>ich sub einkant</Unicode>
                </TextEquiv>
            </TextLine>
            <TextLine id="tr_1_tl_7" custom="readingOrder {index:6;}">
                <Coords points="662,1966 1293,1955 1443,2029 2115,1955 2461,2016 2827,1963 2827,1841 2171,1888 1910,1836 1744,1891 1515,1855 1434,1897 1335,1855 1166,1905 1055,1863 662,1897"/>
                <Baseline points="677,1948 784,1942 892,1942 1000,1945 1108,1945 1216,1945 1324,1945 1431,1945 1539,1951 1647,1951 1755,1945 1863,1945 1971,1945 2079,1948 2186,1948 2294,1948 2402,1948 2510,1951 2618,1950 2726,1948 2834,1954"/>
                <TextEquiv>
                    <Unicode>und verdien mein Brot gar nicht übel - das Jungferchen</Unicode>
                </TextEquiv>
            </TextLine>
            <TextLine id="tr_1_tl_8" custom="readingOrder {index:7;}">
                <Coords points="681,2082 914,2107 969,2074 1080,2126 1332,2137 1420,2079 1656,2121 1897,2082 1971,2126 2417,2077 2857,2107 2827,2016 2539,2029 2243,1974 2043,2032 1534,2007 1318,2049 1210,2002 1069,2035 681,2007"/>
                <Baseline points="695,2076 803,2076 911,2076 1020,2073 1128,2073 1237,2076 1345,2081 1454,2076 1562,2075 1671,2078 1779,2079 1887,2076 1996,2079 2104,2076 2213,2079 2321,2076 2430,2076 2538,2076 2647,2078 2755,2079 2864,2085"/>
                <TextEquiv>
                    <Unicode>bringt was mit, ist zwanzig Jahre und spürt nicht wenig</Unicode>
                </TextEquiv>
            </TextLine>
            <TextLine id="tr_1_tl_9" custom="readingOrder {index:8;}">
                <Coords points="676,2218 1124,2257 1238,2209 1501,2265 1816,2221 2154,2259 2248,2209 2777,2237 2777,2160 2686,2132 2484,2168 2381,2118 2265,2162 2193,2118 1819,2146 1631,2101 1429,2168 1301,2118 911,2162 676,2124"/>
                <Baseline points="692,2207 796,2202 900,2204 1005,2204 1109,2206 1214,2204 1318,2204 1422,2205 1527,2208 1631,2204 1736,2207 1840,2207 1944,2207 2049,2207 2153,2205 2258,2210 2362,2207 2466,2207 2571,2207 2675,2207 2780,2210"/>
                <TextEquiv>
                    <Unicode>Sehnsucht nach den Freuden der Eh". Wir wollen uns in</Unicode>
                </TextEquiv>
            </TextLine>
            <TextLine id="tr_1_tl_10" custom="readingOrder {index:9;}">
                <Coords points="670,2342 1149,2392 1346,2340 1645,2387 1764,2342 2021,2387 2157,2337 2744,2381 2744,2279 2661,2265 2326,2304 2190,2248 1858,2270 1634,2226 1418,2276 1049,2248 670,2287"/>
                <Baseline points="686,2336 789,2334 892,2336 995,2333 1098,2336 1202,2335 1305,2336 1408,2333 1511,2335 1614,2333 1718,2336 1821,2337 1924,2336 2027,2333 2130,2336 2234,2336 2337,2339 2440,2336 2543,2336 2646,2336 2750,2336"/>
                <TextEquiv>
                    <Unicode>ein paar Tagen trauen lassen. Ich bin ein Freund der</Unicode>
                </TextEquiv>
            </TextLine>
            <TextLine id="tr_1_tl_11" custom="readingOrder {index:10;}">
                <Coords points="676,2486 1285,2528 1398,2464 2539,2522 2868,2489 2868,2398 2702,2428 2572,2365 1924,2398 1769,2345 1409,2423 1238,2381 676,2395"/>
                <Baseline points="692,2467 801,2461 910,2464 1019,2464 1128,2464 1238,2464 1347,2466 1456,2464 1565,2464 1674,2467 1784,2466 1893,2467 2002,2464 2111,2467 2220,2464 2330,2466 2439,2467 2548,2467 2657,2467 2766,2467 2876,2467"/>
                <TextEquiv>
                    <Unicode>einfachen Gefühle - ich kann das Zerissensein nicht lei-</Unicode>
                </TextEquiv>
            </TextLine>
            <TextLine id="tr_1_tl_12" custom="readingOrder {index:11;}">
                <Coords points="673,2661 1520,2600 2021,2616 2121,2658 2899,2603 2899,2525 2844,2561 2569,2511 2467,2556 2265,2495 2093,2525 1974,2475 1833,2531 1650,2492 1382,2539 1243,2503 1193,2536 673,2536"/>
                <Baseline points="689,2598 799,2593 910,2592 1021,2592 1131,2595 1242,2595 1353,2595 1463,2593 1574,2595 1685,2594 1796,2595 1906,2595 2017,2598 2128,2598 2238,2599 2349,2601 2460,2597 2570,2601 2681,2596 2792,2598 2903,2598"/>
                <TextEquiv>
                    <Unicode>den; wenn man nur zufrieden sein will, so bringt'u man 6</Unicode>
                </TextEquiv>
            </TextLine>
            <TextLine id="tr_1_tl_13" custom="readingOrder {index:12;}">
                <Coords points="684,2744 1102,2766 1177,2730 1348,2766 1548,2727 2024,2783 2182,2727 2298,2777 2478,2727 2855,2741 2810,2677 2572,2603 2345,2652 2124,2661 2018,2616 1598,2669 1390,2625 1251,2680 1171,2639 1027,2666 886,2633 684,2680"/>
                <Baseline points="698,2724 806,2724 914,2727 1022,2725 1130,2725 1238,2724 1346,2728 1454,2727 1562,2726 1670,2727 1778,2727 1886,2727 1994,2727 2102,2727 2210,2727 2318,2728 2426,2729 2534,2727 2642,2731 2750,2727 2858,2730"/>
                <TextEquiv>
                    <Unicode>schon zu Stande. Aber was dieser Heinrich und auch Jus-</Unicode>
                </TextEquiv>
            </TextLine>
            <TextLine id="tr_1_tl_14" custom="readingOrder {index:13;}">
                <Coords points="676,2868 900,2860 1060,2907 1357,2868 1434,2907 1725,2860 1874,2915 1999,2868 2257,2913 2567,2866 2736,2915 2874,2880 2874,2780 2633,2741 1778,2791 1658,2738 1512,2791 1260,2755 676,2819"/>
                <Baseline points="692,2858 801,2852 911,2855 1020,2855 1130,2855 1239,2856 1349,2855 1458,2858 1568,2860 1677,2861 1787,2858 1896,2858 2006,2858 2115,2858 2225,2859 2334,2863 2444,2861 2553,2861 2663,2861 2772,2858 2882,2861"/>
                <TextEquiv>
                    <Unicode>tine für verzwicktes Zeug in sich suchen,- ich versteh's</Unicode>
                </TextEquiv>
            </TextLine>
            <TextLine id="tr_1_tl_15" custom="readingOrder {index:14;}">
                <Coords points="659,2982 723,2999 748,2990 778,3010 803,3007 817,3018 875,2990 914,2996 911,2927 883,2929 817,2910 784,2915 753,2896 714,2899 684,2918 656,2910"/>
                <Baseline points="674,2980 701,2982 728,2982 756,2980 783,2981 811,2983 838,2983 866,2983 893,2983 921,2986"/>
                <TextEquiv>
                    <Unicode>nicht.</Unicode>
                </TextEquiv>
            </TextLine>
            <TextLine id="tr_1_tl_16" custom="readingOrder {index:15;}">
                <Coords points="565,3131 781,3190 966,3115 1531,3126 1611,3162 1658,3126 1742,3159 2046,3126 2113,3165 2450,3120 2702,3156 2758,3120 2758,3029 2633,3068 2517,3032 2403,3079 2293,3018 2137,3037 2052,2999 1722,3065 1564,3001 1368,3068 1099,3023 930,3059 565,2987"/>
                <Baseline points="581,3111 690,3111 799,3114 908,3114 1017,3116 1127,3111 1236,3114 1345,3114 1454,3116 1563,3111 1673,3114 1782,3117 1891,3117 2000,3117 2109,3117 2219,3119 2328,3120 2437,3123 2546,3117 2655,3119 2765,3120"/>
                <TextEquiv>
                    <Unicode>nedardes: Ich versteh' übernaupt Liebe nicht; ich ver-</Unicode>
                </TextEquiv>
            </TextLine>
            <TextLine id="tr_1_tl_17" custom="readingOrder {index:16;}">
                <Coords points="667,3259 1069,3253 1166,3309 1346,3256 1880,3311 2024,3273 2096,3300 2165,3256 2763,3281 2763,3181 2652,3137 2389,3170 2245,3134 1960,3184 1382,3154 1121,3198 994,3137 667,3181"/>
                <Baseline points="683,3246 787,3241 891,3241 996,3243 1100,3243 1205,3243 1309,3246 1413,3244 1518,3246 1622,3246 1727,3246 1831,3246 1935,3246 2040,3246 2144,3249 2249,3249 2353,3248 2457,3246 2562,3249 2666,3249 2771,3246"/>
                <TextEquiv>
                    <Unicode>steh nur Genuss. Alles andre ist Unsinn. Gebt mir die</Unicode>
                </TextEquiv>
            </TextLine>
            <TextLine id="tr_1_tl_18" custom="readingOrder {index:17;}">
                <Coords points="664,3406 833,3436 1110,3378 1371,3414 1595,3381 1697,3433 2052,3381 2365,3403 2365,3309 2049,3281 1667,3342 1434,3284 1105,3339 936,3292 664,3309"/>
                <Baseline points="680,3374 764,3371 848,3373 933,3377 1017,3375 1102,3377 1186,3374 1271,3377 1355,3374 1440,3380 1524,3377 1608,3379 1693,3382 1777,3377 1862,3376 1946,3377 2031,3378 2115,3380 2200,3380 2284,3377 2369,3374"/>
                <TextEquiv>
                    <Unicode>Würkel! So ich hab' zehn geworfen.- Weiter!</Unicode>
                </TextEquiv>
            </TextLine>
            <TextLine id="tr_1_tl_19" custom="readingOrder {index:18;}">
                <Coords points="687,3663 745,3658 789,3699 836,3677 878,3713 1002,3671 1033,3696 1132,3699 1232,3674 1232,3552 1177,3550 1124,3516 1055,3569 983,3580 900,3569 828,3591 764,3580 734,3550 687,3555"/>
                <Baseline points="701,3637 727,3635 754,3634 781,3634 808,3634 835,3633 862,3632 888,3631 915,3631 942,3633 969,3634 996,3634 1023,3634 1050,3634 1076,3634 1103,3634 1130,3634 1157,3634 1184,3634 1211,3634 1238,3634"/>
                <TextEquiv>
                    <Unicode>(:Professor XI</Unicode>
                </TextEquiv>
            </TextLine>
            <TextLine id="tr_1_tl_20" custom="readingOrder {index:19;}">
                <Coords points="1232,3646 2099,3658 2201,3622 2730,3674 2730,3511 2614,3500 2445,3555 2353,3508 1996,3555 1800,3505 1537,3552 1373,3522 1232,3580"/>
                <Baseline points="1247,3634 1321,3634 1395,3631 1470,3631 1544,3634 1619,3634 1693,3634 1768,3635 1842,3636 1917,3640 1991,3634 2065,3635 2140,3637 2214,3637 2289,3634 2363,3637 2438,3637 2512,3640 2587,3640 2661,3640 2736,3637"/>
                <TextEquiv>
                    <Unicode>brecht tritt auf; hinter ihm der Wirt:</Unicode>
                </TextEquiv>
            </TextLine>
            <TextEquiv>
                <Unicode></Unicode>
            </TextEquiv>
        </TextRegion>
    </Page>
</PcGts>
