3016 4216
2414 992 2612 1156 14.
485 1110 2391 1319 Fritz: Nun mein Held..in Romaen geschäh: es.
476 1279 2781 1474 Hugo: Ah so. sieh da unser Freund Karl.. Mohin denn..2
482 1422 2503 1620 Kärl: Ich muss mich einer Dane vorstellen lassén..
487 1557 2194 1732 lugo: Warum tust zu denn das nicht selber?
485 1692 1448 1872 Karl: Das tut man nicht.
479 1838 1285 1999 Huge: Warum denn ..
485 1979 1715 2088 Karl: Es ist einmal so Sitte..
482 2119 2750 2274 Hugo: Das ist ein triftiger Grund.-. Geh lass dich von-
596 2234 1055 2417 stellen..
473 2346 2738 2543 Karl: Aber zuerst muss man mich einem comitémitglied vor
594 2523 1824 2670 stellen.. .da kommt eines...
470 2624 2704 2816 Hugo: Herr Landau ... ich stelle Ihnen hier Herrn Karl
585 2764 1652 2919 Salzer vor :. (Händedruck
476 2879 2658 3077 Karl: Freut mich sehr, darf ich Sie bitten mich der Dame
602 3040 1325 3174 vorzustellen...
479 3160 1944 3346 comitémitglied: oh, mit Vergnügen...
473 3312 1563 3441 Karl: Kennen Sie die Dame 2
473 3415 2779 3559 comitémitglied: Nein, ich habe sie noch nie gesehn. .Erlau-
594 3579 2635 3736 ben Sie, mein Fräulein, dass ich Ihnen Herrn Kari..
591 3719 1893 3820 bitte wie ist der werte Name...
473 3857 1167 3992 Karl: Salzer...
