3048 4232
2546 990 2761 1123 12.
2602 1100 2747 1219 2.5.
1049 1083 2560 1327 Ballsaal. Höchst slsgfnt, dlistingetrt.
523 1250 2648 1434 Alfred: Welch eine Idee, voruer noch diesen Ball mitzu-
619 1429 917 1556 machen!
498 1519 2744 1683 Hugo: Der Unterschied wird uns ausserordentlich amusiren,
619 1649 2727 1830 wenn man ihm zu sehen versteht l- Wie gefällt dir die
628 1782 2795 1980 in blau. . ein geschniegelter Herr fordert sie eben zum
625 1938 1078 2107 Tanzen auf.
495 2045 1810 2206 Alfred: Ein alltägliches Gesicht.
504 2206 2441 2356 Hugo: Aber eine Mitgift, die nicht alltäglich ist.
498 2322 1703 2523 Alfred: Wie verlegen sie tut.-
489 2478 2693 2636 Hugo: Sie möchte geliebt sein.. sie ist so wolerzogen
622 2585 1782 2758 dass sie verlegen wird, wenn..
600 2718 2758 2902 Und dort eine andere. . mit funkelnden Augen aus denen
605 2857 2755 3021 das Verlingen blitzt, sich in alle Freuden des Lebene
605 2990 2832 3165 und der Liebe zu stürzen. „ wenn nur nicht.. Ja wenn mu
603 3137 2735 3281 nur nicht!-. Wahrhaftig dieses Mädchen unt-rscheidet
1298 3236 1791 3327 eine dire
614 3298 2817 3448 sich nur dadurch von anderen, dass sie noch Jungfrau ist.
495 3394 2764 3581 Alfred: Aber diese junge Dane in rsa, die dort in der Lo-
608 3536 1146 3683 genbrüstung.
752 3666 2800 3830 Alfred.. wenn di wüsstest . . dieses Mädchen in w-
871 3793 2424 3974 o es ist,um sich beinah zu anusiren..!
