3096 4296
2578 998 2746 1177 14.
621 1215 2801 1413 aldue: Wie stent es nun, blitzt alles nicht um dieh,
662 1339 2603 1529 wie sitel Geld und weilt nicht flammengutlen
529 1469 789 1594 30.19.
662 1488 2166 1654 Dir einer Zukunkt Alutenmeer entgegent
656 1600 2394 1749 Hör, Heinrich, freil Für alle Menschen tot.
664 1719 2315 1895 vollkommen du, im freudigsten Bewusstsein,
662 1857 2451 2017 Mit keiner Ader, keinem Pulsschlag mehr, M
662 1987 2058 2207 dem ihendrlichen Pack anzugehören.
667 2109 2218 2264 Hinfliegen durch dein grossee Eigentun,
662 2237 2600 2416 Die Welt! zum zweiten Mal wirst du geboren, Kind.
667 2386 2484 2551 Ein fortger Mensch und von der örsten Stundt
675 2519 2451 2665 Des Daseins, schon geschiekt allein zu leben;
670 2643 2451 2814 Nicht wie wir sonst den Lebenglauf beginnen,
681 2768 2112 2939 In Decken eingewickelt, unbeweglich,
670 2912 2142 3080 Mit allem unbekannt, was sich begibt.
675 3031 2709 3205 Hein, alles kennst du schen, kännst zehn und reden,
681 3159 2191 3310 weisst unter Leuten wol dich unzutun,-
681 3291 2505 3479 Und dennoch, Heinrich, dennoch liegt das Sein,
686 3416 2676 3582 Weit hin sich streckend, neu vor dir sich öffnend,
686 3530 2446 3714 Liegt herrlich dai- wie einer Jungfrau Busen,
675 3698 2784 3861 an dem du schmeiehelnd rühret, quillt'e dir entgegen.
