3048 4408
2517 1148 2656 1304 37.
1160 1409 1378 1548 lin
1006 1440 2435 1636 Ich ket eben demsebaldus begegnet.
510 1539 896 1698 ederick:
961 1605 1661 1766 Was. soil's damit?
468 1670 893 1792 Elisabeth:
473 1673 2750 1888 Friederich: Sedaldus - der Name sollt' euch meir erstäug
587 1829 2651 2070 nen machen - oder ist euch nichts bekannt von seiner
595 1939 2787 2155 seltsamen Wanderschaft,- nichts von seinem Lebenswandell
595 2084 2747 2325 Wisst ihr nicht, woher er kommt und was sein Beginnen
499 2206 2767 2472 Frau kunz: Wir wissen's, Friederich; aber was ist's damitz
1004 2345 2722 2523 Und entsinnt ihr euch nicht seines innigen
502 2449 944 2554 Friederich:
621 2458 2642 2730 Verhältnisses mit dem, der nun von uns gegangen ist
624 2637 2747 2844 auf Himmerwiedersehn? 0 Frau kunz, wir liebten den-Se-
629 2753 2767 2988 baldus nie, - aher sein Herz ist noch starrer, noch ge-
629 2892 2722 3104 fühlloser, als wir damals glaubten – und wenn ihr ihn
644 2997 2741 3240 vor zwei Stunden gesehen hättet, wie ich ihn sah- wie
644 3130 2600 3359 steht sein Bild vor mir in digsem Augenblick!- Da
649 3238 2756 3507 schreitet er langsam an mir vorüber, in schwarzer Ge-
1599 3388 1846 3484 milt
649 3388 2781 3632 wandung, völlig verhüllt, schleicht seines Auges Glanz
652 3501 2792 3776 ninab zum Boden; sein Antlitz ist bleich und übernäch-
658 3629 2790 3830 tig - um seine Lippen spielt jenes Lächeln der Vermes-
663 3793 2608 3995 senheit in dem sein ganzes Wesen sich zu spiegeln
669 3909 2804 4122 scheint - jenes lächeln der Gleichgiltigkeit das, alle
