3112 4296
712 1320 2100 1515 imzittert dieh in fuiit sinnigreit
704 1480 1991 1622 Und über deine müden Augenlieder
1279 1581 1594 1676 Schimer
714 1607 2522 1749 zieht weicher Sekeuer hin und heilt dein Leid.
595 1709 720 1810 2. d
720 1709 2695 1869 srick auf!- ich bitt dich Heinrich, sieh mich an!
697 1856 2611 2024 Dein Antlitz leuchtet - - folgtst du meinem Rat,
595 1991 2245 2189 Heinrich: (:ausser Fässung ihn umarmend:
712 2131 2499 2286 Es ist mir -ach ich weiss nicht, wie mir ist!
720 2240 2532 2398 Als wenn ich mich in fremdem Land- nein, nein-
717 2370 2611 2512 Als wenn ich nicht mehr ich - ein andrer wäre.
717 2489 2583 2672 Und wie ein Strahl sich bricht an hellem Glase,
720 2647 2265 2807 so hält der Anblick des gesammten Alle,
730 2761 2586 2934 vor meiner Seel auf-einmal still - und springt,
1452 2896 1665 2959 reer
720 2909 2431 3066 Als hätt er sich eine kurze Weil besonnen,
725 3036 2423 3196 Höchst lustig und in neuer Richtung weiter.
620 3150 2662 3341 Sebaldus: Und nun: Fanr wol, du ehrsam Heimatland!
727 3321 1203 3448 Nicht währe
618 3404 2349 3575 Heinrich: Fahr wol! du enggezogener Kreis!
737 3539 2217 3720 O Marn der ich war! Ich meinte stete
2657 1017 2794 1210 13.
