3032 4392
707 1330 905 1420 beth:
645 1296 2645 1542 6. Leb wol. Heinrich. Mein, nein, ich vermagls
628 1528 1279 1672 nichtzu fassen!
520 1567 2755 1810 Frau kunz: Du liebe, gute Elisabeth; von allen Wädchen,
628 1697 2772 1907 mit denen meine Tochter Umgang pflegt, bist du ja inre
642 1839 2735 2025 allervertrauteste Gespielin. Was gab es denn zwischen
653 1994 2071 2153 ihr und dem unglückseligen Menschen?
535 2096 2713 2311 Elisabeth: So wafr Gott mir gnädig sei, Frau Kunz, ich
625 2240 2750 2467 weiss nichts, ausser dass sie sich in allen Ehren und
662 2379 1344 2535 wirklich liebten!
1106 2498 1318 2594 lieht
1471 2484 2755 2668 kein Wensch hat Schuld an meinem
540 2540 1389 2656 Frau Kuriz: /:Laekt:)
489 2631 1584 2834 Euct ei ausser mir selbst.
1052 2750 2020 2908 Wir ist, als träumt ich.
540 2820 959 2965 Elisabett:
563 2882 2832 3069 Frau Kunz: Dachte nicht, dass der junge Mann so viel Un-
673 2979 2815 3228 glück jemals in mein Haus bringen könnt. Und die Jus-
687 3129 2812 3361 tine pat inn gern gehabt, sehr gern; seit heute Morgen
687 3324 1180 3482 weiss ich's.
1016 3389 2832 3570 Und wann ist denn die Unglücksnachricht kom-
569 3462 973 3641 Flisabeth:
682 3618 868 3751 men2
1047 3663 2823 3850 Es sind noch keine zuei Stunden seitden ver-
611 3725 993 3890 Frau kunz:
