3080 4296
704 1225 2835 1416 bewanrt werden, und man möcht so gut sein, den Uisgetä-
709 1371 2832 1539 ter nieht zu rüdern, weil es besser wär für die Wissen-
707 1503 2793 1685 schaft, wenn mai den Mann an den Galgen knüipfe.- Wein,
704 1615 1506 1783 gevatter Wirt, Wein!
611 1747 1623 1909 Wirt: Roten oder weissen 2
608 1881 2840 2066 Boller: S' kommt drauf an, welchen mein Freund Fink lieber
695 2038 928 2139 z21t.
578 2131 1503 2293 Eink: Wie 2 Was - ich 2
580 2279 2759 2445 Böller; Wie hast du mir nicht etwa im Spiel mein ganzen
693 2414 2759 2574 Geld abenommen? Gott ist gerecht, folglich musst du
693 2526 2711 2678 zalen, was ics: heut noch trink. Geh Er nur gevatter
687 2658 2756 2826 wirt; bring Er einen guten Rebensaft; Er weisi ja, ich
693 2759 1267 2933 unicke nient!
566 2902 1909 3101 Wirt: /wendet sich gegen die rür!
564 3064 1907 3238 Ratsharr. Willibald (tritt herein)
566 3202 830 3308 18./9.
572 3297 2826 3485 Ratsherr Willibild von Hülen: An, Aevatter Wirt; vortroff.
676 3443 2879 3600 lich, dass ich Euch gleich treffe - habt Ihr Zimmer freil
636 3572 2652 3704 Die Bauern am Tisch (unter einander) der Herr Rat.
569 3723 1870 3833 Wirt: Wenn der Herr Rat befehlen.
704 3855 1486 3976 sherr Flülen: Ja i70l
1528 3819 2857 3993 bezehl ich - und ich habe Furh zu
