3048 4328
516 1261 1154 1506 pcht dem 8ering
1670 1324 2830 1506 aussetzen; wenn sie bei kalten
505 1480 1520 1613 Wetter auf die Strasse gel
1864 1492 2631 1670 ägt sie ein wollenes
502 1584 1468 1754 Halstuch und drüber ein.
511 1737 1535 1878 W: Aber die Frau ist ja a
1679 1734 2752 1901 eissig Jahre alt - und hat.
545 1869 1567 2005 sie denn überhaupt Talentl
496 1970 2703 2132 F: keine Spur - weder Stimme noch künstlerische EmpEin-
505 2115 2798 2268 dung. - Aber jetzt labe wohl, Benne. Komm, Egen. (:Zu sei-
493 2227 2767 2412 nem Bedienten, der ihm den Palstet anzieht:/ Ich komme um
496 2371 2666 2556 sieben Uhr nach Hause. Das Frühstück, soll um diese Zeit
493 2513 1053 2622 bereit stehen.
493 2637 2790 2798 qu: (leise zu Lux:( Ich bitte Sie, heisst die dritte oder
490 2770 1359 2931 die vierte Tour poulet
479 2894 1111 3041 L: Die dritte.
473 3006 2790 3194 F:. Du siehst dir also jetzt die Bilder an. Morgen Nachmit-
482 3142 1665 3295 tag erwarte ich dich bestimmt.
476 3289 2167 3401 W: Adieu, gute Unterhaltung, meine Herren.
479 3410 2775 3569 F: Noch eins. Ich habe zwei Bilder im Nebenzimmer, von der
470 3577 2778 3687 nen man eine nur bei Kerzmlicht,u das andere nur bei Lanr
462 3658 2634 3834 venlicht ansehen darf. Das ist eine neue Kunstrichtung.
462 3808 2735 3961 W: Diese Maler erinnern mich ja an die Katzen, deren Fell
453 3950 2346 4094 nur lauchtet, wenn man im Dunkeln darüber fährt.
