3096 4296
697 1219 2803 1394 Der Natur stiehlt, wie wol ein kecker Junker sich ein-
697 1363 2557 1547 schleicht ins, Schlafkämmerlein einer Jun;Frau.
581 1493 748 1609 Fint
1002 1499 2523 1662 Euch scsion mehr von ihm erzält worden?
550 1626 720 1739 Bö2
694 1617 2758 1809 ller: Weiss eben nichts ander's, als Ihr alle.Ist aber
694 1781 830 1925 jus
706 1868 2806 2063 1: Ist's waur, dass er in diesem Winter Italien durch.
697 2041 852 2176 wan
579 2134 2822 2312 Böller: kenn' sein Leben nicht. Weise nur, dass er durch's
686 2269 2758 2444 Land zieht als fahrender Anatom und ihm das Ebenbild
677 2385 1840 2532 Gottes nichts ist wien Ding.
564 2549 2710 2667 Fink: Iich graust, wenn ich von seinem Weyen reden hör.
564 2679 2828 2842 Böller: Warum lässt er den Leichnam der Erde nicht, der er-
686 2786 2743 2938 gehört 2 Vom Staube kommen wir; zum Staube sollen wir
686 2910 2794 3093 rückkehren - so ist's Gottes Wille. Er aber löst Haut
683 3043 2797 3187 und Fleisch und Knochen von einander und wichlt in den
672 3189 2822 3339 Einjeweiden- will Gesetze kennen und eindringen in die
686 3283 2870 3469 weinheit des Allmächtigen! Da ihm bekannt ward, der bö-
683 3441 2712 3570 se Johannes werd gerichtet in unerer Stadt,- gleich
692 3554 2758 3729 wandt er sich an den Göttinger Rat und bat in einem
686 3703 2828 3861 Schreiben, - mein Bruder, der die Akten führt, nahm Ein-
689 3816 2825 4002 sicht drin - bat, dass ihm des gerichteten Leich" möcht
