<?xml version="1.0" encoding="UTF-8" standalone="yes"?>
<PcGts xmlns="http://schema.primaresearch.org/PAGE/gts/pagecontent/2013-07-15" xmlns:xsi="http://www.w3.org/2001/XMLSchema-instance" xsi:schemaLocation="http://schema.primaresearch.org/PAGE/gts/pagecontent/2013-07-15 http://schema.primaresearch.org/PAGE/gts/pagecontent/2013-07-15/pagecontent.xsd">
    <Metadata>
        <Creator>prov=READ-COOP:name=PyLaia@TranskribusPlatform:version=2.7.0:model_id=50870:lm=none:date=22_01_2024_15:29</Creator>
        <Created>2023-09-27T14:32:39.682+02:00</Created>
        <LastChange>2024-01-22T15:29:25.669+01:00</LastChange>
        <TranskribusMetadata docId="1589026" pageId="60122656" pageNr="200" tsid="145619922" status="IN_PROGRESS" userId="40391" imgUrl="https://files.transkribus.eu/Get?id=BXEIXHSECOJPGWIVRJTIGIYM&amp;fileType=view" xmlUrl="https://files.transkribus.eu/Get?id=CUBLLBUPSNQNVXJXSITRNPXQ" imageId="48547734"/>
    </Metadata>
    <Page imageFilename="1589026_0200.jpg" imageWidth="3080" imageHeight="4200">
        <ReadingOrder>
            <OrderedGroup id="ro_1711796493950" caption="Regions reading order">
                <RegionRefIndexed index="0" regionRef="tr_1"/>
            </OrderedGroup>
        </ReadingOrder>
        <TextRegion orientation="0.0" id="tr_1" custom="readingOrder {index:0;}">
            <Coords points="582,1302 582,4004 2934,4004 2934,1302"/>
            <TextLine id="tr_1_tl_1" custom="readingOrder {index:0;}">
                <Coords points="619,1417 2259,1394 2343,1354 2615,1386 2678,1440 2823,1426 2826,1273 2774,1261 2650,1319 2476,1287 1978,1316 1816,1261 1591,1276 1545,1316 1368,1270 1252,1322 1119,1278 622,1328"/>
                <Baseline points="638,1376 747,1370 857,1370 967,1372 1076,1370 1186,1367 1296,1367 1405,1364 1515,1364 1625,1364 1735,1362 1844,1361 1954,1363 2064,1361 2173,1362 2283,1362 2393,1361 2502,1361 2612,1361 2722,1361 2832,1367"/>
                <TextEquiv>
                    <Unicode>netimen, den Schrei. aber nehmt Ihr uns übel. So ist's im</Unicode>
                </TextEquiv>
            </TextLine>
            <TextLine id="tr_1_tl_2" custom="readingOrder {index:1;}">
                <Coords points="616,1519 694,1524 723,1504 764,1521 810,1490 839,1498 842,1423 810,1409 781,1409 732,1438 717,1426 659,1432 642,1443 619,1435"/>
                <Baseline points="632,1498 658,1494 685,1492 712,1492 739,1490 766,1489 793,1489 820,1488 847,1486"/>
                <TextEquiv>
                    <Unicode>mer."</Unicode>
                </TextEquiv>
            </TextLine>
            <TextLine id="tr_1_tl_3" custom="readingOrder {index:2;}">
                <Coords points="775,1678 946,1646 1117,1686 1440,1643 1733,1669 1880,1628 2126,1660 2256,1623 2644,1626 2788,1669 2788,1539 2739,1516 2294,1556 1903,1556 1736,1507 1400,1574 1319,1536 775,1556"/>
                <Baseline points="791,1620 891,1614 991,1616 1091,1614 1192,1614 1292,1614 1392,1614 1493,1617 1593,1614 1693,1614 1794,1614 1894,1617 1994,1617 2094,1615 2195,1615 2295,1614 2395,1614 2496,1616 2596,1617 2696,1617 2797,1617"/>
                <TextEquiv>
                    <Unicode>Amadeus am Balkon erscheinend. Etwas emphatisch. Dr</Unicode>
                </TextEquiv>
            </TextLine>
            <TextLine id="tr_1_tl_4" custom="readingOrder {index:3;}">
                <Coords points="587,1776 717,1753 946,1796 1151,1753 1235,1796 1362,1759 1834,1793 2010,1756 2302,1796 2395,1753 2441,1799 2554,1764 2696,1808 2855,1776 2855,1660 2002,1707 1576,1652 1458,1701 1400,1649 940,1707 587,1655"/>
                <Baseline points="602,1746 714,1746 827,1746 940,1746 1053,1746 1166,1746 1279,1746 1391,1748 1504,1746 1617,1749 1730,1745 1843,1745 1956,1746 2069,1746 2181,1746 2294,1746 2407,1746 2520,1746 2633,1745 2746,1743 2859,1749"/>
                <TextEquiv>
                    <Unicode>trinkt auf das Weltall. Er ist übrigens weniger betrunken,</Unicode>
                </TextEquiv>
            </TextLine>
            <TextLine id="tr_1_tl_5" custom="readingOrder {index:4;}">
                <Coords points="587,1889 732,1961 1305,1903 1449,1947 1692,1880 1802,1932 1976,1886 2178,1880 2282,1924 2785,1892 2788,1776 2722,1814 2571,1779 2354,1822 2271,1782 1883,1834 1770,1782 590,1822"/>
                <Baseline points="602,1874 711,1875 821,1874 930,1871 1040,1871 1150,1874 1259,1871 1369,1871 1478,1873 1588,1877 1698,1874 1807,1874 1917,1877 2026,1874 2136,1872 2246,1871 2355,1871 2465,1871 2574,1871 2684,1871 2794,1871"/>
                <TextEquiv>
                    <Unicode>als von Natur Enthuslast. Er bringt ein Hoch aus auf die</Unicode>
                </TextEquiv>
            </TextLine>
            <TextLine id="tr_1_tl_6" custom="readingOrder {index:5;}">
                <Coords points="578,2057 694,2010 888,2077 1189,2028 1388,2057 1452,2019 1744,2016 1814,2054 1952,2007 2103,2059 2236,2016 2820,2019 2820,1961 2716,1929 2531,1909 2470,1947 2389,1903 2227,1941 2094,1886 1950,1950 1730,1909 1672,1961 1553,1926 1466,1970 1261,1909 1090,1955 963,1918 879,1955 578,1944"/>
                <Baseline points="594,2000 705,2002 817,2002 928,2005 1040,2002 1152,2004 1263,2000 1375,2001 1486,2002 1598,2001 1710,2000 1821,2001 1933,2002 2044,2002 2156,2000 2268,2002 2379,2000 2491,1999 2602,2000 2714,2000 2826,2000"/>
                <TextEquiv>
                    <Unicode>Zukunkt, auf Freiheit, Gleiehheit. Da lacht Lazarus auf.-</Unicode>
                </TextEquiv>
            </TextLine>
            <TextLine id="tr_1_tl_7" custom="readingOrder {index:6;}">
                <Coords points="605,2178 804,2207 952,2175 1067,2216 1177,2164 1440,2207 1579,2146 2733,2166 2794,2161 2797,2042 2716,2059 2655,2013 2343,2068 2210,2028 2028,2100 1912,2042 1655,2091 1455,2042 1238,2088 607,2077"/>
                <Baseline points="623,2131 732,2131 841,2128 950,2130 1059,2131 1168,2131 1277,2129 1386,2128 1495,2130 1604,2131 1714,2131 1823,2130 1932,2131 2041,2131 2150,2128 2259,2128 2368,2128 2477,2131 2586,2129 2695,2127 2805,2131"/>
                <TextEquiv>
                    <Unicode>Es entspinnt sich ein Zwisgespräch. Amadeus will ihn zu</Unicode>
                </TextEquiv>
            </TextLine>
            <TextLine id="tr_1_tl_8" custom="readingOrder {index:7;}">
                <Coords points="581,2323 740,2259 992,2343 1368,2282 1547,2282 1646,2331 1828,2317 1889,2271 2794,2291 2794,2213 2632,2169 2433,2198 2236,2149 2051,2204 1909,2161 1808,2213 1310,2178 1171,2224 955,2175 581,2201"/>
                <Baseline points="597,2259 707,2259 817,2259 927,2258 1038,2259 1148,2259 1258,2256 1368,2259 1479,2259 1589,2256 1699,2256 1809,2256 1920,2256 2030,2253 2140,2254 2250,2262 2361,2256 2471,2259 2581,2259 2691,2258 2802,2262"/>
                <TextEquiv>
                    <Unicode>den Beglückern führen, muss aber beschämt gestehen, dass</Unicode>
                </TextEquiv>
            </TextLine>
            <TextLine id="tr_1_tl_9" custom="readingOrder {index:8;}">
                <Coords points="616,2424 717,2412 784,2470 1307,2415 1458,2464 1628,2407 2135,2433 2195,2395 2898,2435 2898,2291 2609,2334 2473,2285 2352,2314 2120,2282 2010,2328 1921,2291 1652,2328 1574,2294 1487,2340 616,2326"/>
                <Baseline points="632,2388 745,2388 859,2388 972,2389 1086,2388 1200,2388 1313,2388 1427,2388 1540,2389 1654,2391 1768,2389 1881,2385 1995,2387 2108,2388 2222,2386 2336,2388 2449,2388 2563,2385 2676,2387 2790,2390 2904,2388"/>
                <TextEquiv>
                    <Unicode>sie alle unterm Fisch liegen. Amadeus ist ein Träumer, ein</Unicode>
                </TextEquiv>
            </TextLine>
            <TextLine id="tr_1_tl_10" custom="readingOrder {index:9;}">
                <Coords points="576,2618 1232,2540 1536,2566 1895,2522 2522,2525 2673,2606 2832,2583 2832,2450 2612,2398 2149,2464 1999,2409 1831,2467 1698,2427 1192,2476 576,2453"/>
                <Baseline points="591,2525 703,2516 815,2519 928,2522 1040,2519 1152,2517 1265,2516 1377,2519 1489,2519 1602,2517 1714,2519 1826,2517 1939,2516 2051,2519 2163,2522 2276,2519 2388,2516 2500,2518 2613,2516 2725,2516 2838,2513"/>
                <TextEquiv>
                    <Unicode>Idealist; er ist unklar durch und durch; er muss aber be-</Unicode>
                </TextEquiv>
            </TextLine>
            <TextLine id="tr_1_tl_11" custom="readingOrder {index:10;}">
                <Coords points="576,2678 648,2667 726,2710 755,2684 885,2690 943,2655 989,2676 1018,2658 1044,2678 1140,2670 1140,2597 1064,2600 1015,2577 992,2600 952,2577 905,2600 793,2583 743,2603 720,2583 671,2606 576,2595"/>
                <Baseline points="591,2659 618,2655 646,2653 674,2652 702,2650 729,2650 757,2649 785,2647 813,2647 840,2648 868,2649 896,2649 924,2647 951,2647 979,2646 1007,2644 1035,2646 1062,2647 1090,2647 1118,2647 1146,2647"/>
                <TextEquiv>
                    <Unicode>geistert sein.</Unicode>
                </TextEquiv>
            </TextLine>
            <TextLine id="tr_1_tl_12" custom="readingOrder {index:11;}">
                <Coords points="772,2849 897,2809 1203,2852 1417,2797 1721,2838 1837,2797 2091,2826 2340,2783 2838,2812 2838,2716 2690,2673 2302,2719 2178,2667 1892,2731 1808,2693 1588,2731 1536,2693 1438,2733 1273,2693 1186,2731 1088,2678 983,2731 772,2733"/>
                <Baseline points="788,2779 890,2776 993,2776 1095,2779 1198,2778 1301,2776 1403,2776 1506,2776 1609,2776 1711,2776 1814,2773 1917,2776 2019,2778 2122,2775 2225,2776 2327,2777 2430,2776 2533,2776 2635,2774 2738,2778 2841,2788"/>
                <TextEquiv>
                    <Unicode>Jürgen mit der Schnapsflasche erscheint schliesslich:</Unicode>
                </TextEquiv>
            </TextLine>
            <TextLine id="tr_1_tl_13" custom="readingOrder {index:12;}">
                <Coords points="576,2997 1140,2916 1426,2956 1484,2919 1926,2956 1996,2919 2288,2962 2352,2919 2499,2959 2820,2919 2820,2809 2676,2864 2522,2832 2210,2875 1964,2864 1892,2809 1773,2861 1678,2817 1267,2869 1012,2866 934,2820 761,2864 688,2820 576,2838"/>
                <Baseline points="591,2907 702,2904 814,2904 926,2908 1038,2907 1149,2910 1261,2907 1373,2904 1485,2904 1596,2906 1708,2907 1820,2907 1932,2907 2043,2907 2155,2904 2267,2907 2379,2904 2490,2904 2602,2907 2714,2909 2826,2907"/>
                <TextEquiv>
                    <Unicode>und fällt, wie er hereinkommt, nieder. Im trunkenen Halb-</Unicode>
                </TextEquiv>
            </TextLine>
            <TextLine id="tr_1_tl_14" custom="readingOrder {index:13;}">
                <Coords points="607,3052 810,3121 1461,3060 1640,3089 1733,3046 1799,3086 2042,3046 2140,3089 2430,3046 2904,3075 2904,2965 2702,2947 2369,2942 2161,2991 1987,2936 1709,2994 1417,2959 1221,2997 1073,2945 607,3002"/>
                <Baseline points="623,3038 737,3036 851,3038 965,3038 1079,3038 1194,3039 1308,3040 1422,3041 1536,3038 1650,3038 1765,3038 1879,3038 1993,3038 2107,3038 2221,3037 2336,3039 2450,3038 2564,3036 2678,3038 2792,3038 2907,3041"/>
                <TextEquiv>
                    <Unicode>schlaf murmelt er immer nur drein: Anzünde - niederbrennen</Unicode>
                </TextEquiv>
            </TextLine>
            <TextLine id="tr_1_tl_15" custom="readingOrder {index:14;}">
                <Coords points="633,3248 720,3266 795,3219 856,3225 879,3208 969,3242 1085,3205 1151,3216 1151,3118 1062,3112 1024,3081 943,3115 862,3104 761,3124 732,3109 633,3130"/>
                <Baseline points="650,3170 675,3168 700,3167 726,3167 751,3167 777,3167 802,3167 827,3167 853,3167 878,3167 904,3167 929,3167 954,3167 980,3168 1005,3170 1031,3168 1056,3167 1081,3167 1107,3168 1132,3169 1158,3170"/>
                <TextEquiv>
                    <Unicode>totschlagent</Unicode>
                </TextEquiv>
            </TextLine>
            <TextLine id="tr_1_tl_16" custom="readingOrder {index:15;}">
                <Coords points="772,3361 1649,3312 1886,3350 1964,3315 2085,3358 2152,3315 2383,3338 2710,3297 2788,3361 2927,3376 2927,3242 2725,3188 2615,3240 2247,3182 1819,3242 1675,3202 1472,3245 1307,3193 1143,3254 908,3211 772,3245"/>
                <Baseline points="788,3298 895,3295 1002,3295 1109,3295 1217,3296 1324,3295 1431,3295 1539,3295 1646,3292 1753,3294 1861,3292 1968,3295 2075,3295 2182,3295 2290,3297 2397,3298 2504,3294 2612,3297 2719,3298 2826,3296 2934,3289"/>
                <TextEquiv>
                    <Unicode>sul ian ist wie aus einem Traum erwacht. Er ist in einer</Unicode>
                </TextEquiv>
            </TextLine>
            <TextLine id="tr_1_tl_17" custom="readingOrder {index:16;}">
                <Coords points="573,3485 946,3517 1160,3448 1351,3506 1764,3439 2832,3454 2806,3341 2514,3381 2010,3378 1955,3335 1814,3376 1692,3338 1631,3376 1481,3332 1403,3381 1137,3338 1041,3396 940,3358 573,3364"/>
                <Baseline points="588,3426 700,3423 813,3423 925,3423 1038,3426 1150,3423 1263,3421 1375,3422 1488,3420 1600,3420 1713,3423 1825,3423 1938,3423 2050,3424 2163,3426 2275,3423 2388,3423 2500,3426 2613,3426 2725,3426 2838,3423"/>
                <TextEquiv>
                    <Unicode>neuen Welt, weiss sich nicht zu fassen. Er hat von alldem</Unicode>
                </TextEquiv>
            </TextLine>
            <TextLine id="tr_1_tl_18" custom="readingOrder {index:17;}">
                <Coords points="567,3592 790,3653 908,3610 1183,3633 1302,3572 1435,3645 1695,3572 2618,3572 2710,3633 2858,3590 2858,3471 2438,3485 2314,3448 2129,3509 1871,3483 1707,3520 1562,3468 1377,3506 1290,3477 1224,3523 1085,3485 567,3526"/>
                <Baseline points="582,3564 696,3555 810,3555 924,3558 1038,3552 1152,3555 1266,3554 1381,3552 1495,3556 1609,3552 1723,3553 1837,3555 1951,3553 2065,3552 2180,3552 2294,3555 2408,3555 2522,3555 2636,3555 2750,3555 2865,3552"/>
                <TextEquiv>
                    <Unicode>gelesen, gehört, ihm ungiebt die Wirklichkeit wie ein Mär-</Unicode>
                </TextEquiv>
            </TextLine>
            <TextLine id="tr_1_tl_19" custom="readingOrder {index:18;}">
                <Coords points="573,3769 599,3760 642,3769 671,3749 694,3757 723,3743 801,3752 801,3633 778,3642 749,3630 738,3636 706,3616 631,3621 596,3592 573,3590"/>
                <Baseline points="588,3683 615,3683 642,3683 669,3683 696,3683 723,3683 750,3683 777,3683 805,3683"/>
                <TextEquiv>
                    <Unicode>enon.</Unicode>
                </TextEquiv>
            </TextLine>
            <TextLine id="tr_1_tl_20" custom="readingOrder {index:19;}">
                <Coords points="769,3876 900,3908 1137,3853 1316,3885 1472,3838 1623,3882 1950,3841 2109,3899 2256,3827 2464,3861 2574,3824 2820,3870 2820,3760 2540,3737 2424,3772 2357,3728 2227,3760 2152,3726 1464,3783 1148,3728 986,3780 769,3754"/>
                <Baseline points="785,3823 887,3822 989,3820 1091,3820 1193,3820 1295,3820 1397,3820 1499,3820 1601,3820 1703,3817 1805,3819 1907,3817 2009,3817 2111,3820 2213,3820 2315,3818 2417,3814 2519,3814 2621,3814 2723,3812 2826,3817"/>
                <TextEquiv>
                    <Unicode>Amadeus nimmt ihn in seine Behausung. Es war bereits</Unicode>
                </TextEquiv>
            </TextLine>
            <TextLine id="tr_1_tl_21" custom="readingOrder {index:20;}">
                <Coords points="578,4009 674,3974 772,4012 848,3966 1273,4012 1354,3977 1568,4012 2065,3963 2308,4003 2493,3960 2574,3995 2670,3954 2881,3977 2907,3864 2733,3882 2652,3833 2401,3896 2010,3873 1860,3916 1672,3856 1553,3928 1050,3873 989,3911 578,3890"/>
                <Baseline points="594,3967 709,3961 825,3963 940,3964 1056,3964 1172,3965 1287,3966 1403,3973 1519,3973 1634,3973 1750,3967 1866,3964 1981,3961 2097,3961 2213,3958 2328,3955 2444,3953 2560,3949 2675,3947 2791,3949 2907,3946"/>
                <TextEquiv>
                    <Unicode>früter die Rede davon, dass es in Volke gührt, dass man von</Unicode>
                </TextEquiv>
            </TextLine>
            <TextEquiv>
                <Unicode></Unicode>
            </TextEquiv>
        </TextRegion>
    </Page>
</PcGts>
