2872 3384
308 458 863 667 Prinz Jultan.
493 634 2475 854 Ein Fest. Zwei sprechen von Jullan. Sein Vater hat
346 796 2452 981 in ein Kloster gesteckt, da er noch Kind-war. Dort wär
338 937 2634 1104 er auf, ohne von seiner hohen königlichen Abkunft etwas zu
302 1060 2584 1221 wissen. Sein Vater will, dass er natürliche Ideen bekomme.
294 1174 2540 1354 Er ist auf einem einsamen Schloss aufgewachsen?/ Nun ist
285 1315 2575 1503 der junge Prinz entwichen. Sein Vater ist in Verzweiflung.
484 1430 2537 1618 Das Fest wirbelt weiter. Die Szene spielt im Garten.
285 1559 2646 1753 oben konstituiert sich der Klub der Volksbeglücker; sie kom
294 1677 2499 1879 men abr nie zum Beschlussfassen, well sie sich stets be-
297 1844 1530 2000 trinken. Daneben wird gespielt.
484 1964 2584 2152 Lazarus Knorr und Jul ian kommen. "Da oben wird wieder
299 2076 2616 2276 pokul iert." Knorr gerät in Feuer über sozialistische Ideen-
285 2211 2557 2378 bitterer, trotziger Charakter. Seine Anschauungen kommuni-
294 2334 884 2502 stisch gefärbt.
473 2481 2525 2672 fust in stürzt herunter, hat all sein Geld verspielt.
288 2604 2419 2798 Verlebter Mensch, von dem es schliesslich nicht wunder
273 2734 2563 2892 nimmt, dass er aus lauter Langeweile sich noch insoziali-
317 2842 2634 3048 stische Getriebe hineinverirrt. Wie er an Lazarus anstögst
273 2998 2525 3203 ruft dieser aus: "Den stogs soll man euch nicht für ungut
