3032 4296
538 1203 2674 1379 Ein trötlich, Verdil - Nso adieu, bester Herr Flügel-
415 1353 668 1483 an
458 1428 2738 1595 (:Abschaldsbegrüssung; Flügelmann geht; auch Fritzchen und
440 1575 843 1733 die Magd:
2346 1629 2559 1742 2617.
426 1690 2738 1871 Da sich auch Herr W.zum Gehenwenden will, wendet sich sei-
472 1828 1091 1986 ne Frar zu ihm.
432 1952 2617 2150 Frau W: Wohin denn, Alfredl Bleibe lieber; wir erhalten
420 2084 665 2243 heuts.
417 2447 2680 2634 Ist disser Plan der Ausführung wertt für jeden Fall seien
420 2600 1388 2775 die Idsen einer Weiterfü
1442 2617 2222 2761 ung hier aufnotiert:
2245 2738 2433 2818 über
409 2735 1304 2893 Reuonnaissansevisiten;
1526 2755 2729 2908 und olga; Gesprüch XIX Winter,
415 2859 1425 3031 der mit Anselm und Jux zu
1468 2873 2634 3049 sammen wohnt, sich um die Welt
415 2988 1336 3149 gar nicht kimmert. Die:
1814 3011 2611 3170 fiürt uns zu Corona.
400 3115 2643 3302 Ihr geliebter, ein junger Dichter. Er geht, Winter kommt;
412 3247 2614 3429 wird als liebenswürdiger und angenehmer Freund begrüsst.
403 3377 2620 3549 Nachgerade wird's wärmer. Sie Fühlft nach und nach, dass
409 3495 2697 3696 ihre Liebe zu dem Posten stirbt.- Iux vergräbt sich in oei-
392 3630 2608 3829 ne Philosophie, Anselm ist mit der Idss beschäftigt, ein
394 3765 2562 3941 Konzert zu geben. Corona lernt den beist, die Erfahrung
397 3889 2677 4079 Winters bewundern - sie wird ihrem geliebten treulos. Win-
