3032 4232
622 1257 2834 1422 Hand fallen zu laogen. s Ist übrigene ein reght schöner
630 1472 2594 1560 Zeitvertreib, wenn man nichts besseres zu tun hat.
625 1541 1640 1676 Warie: (:bringt die Lampe:
622 1728 2050 1819 P: Sind viele Leute beim Baron oben?
603 1810 1755 1923 M: Ach nein, nur sein Freund:
608 1920 1997 2091 Pi. Ah sein Freund! Der Herr - der-
592 2069 1472 2209 M: Der Baron Mäuslein.
597 2176 2677 2361 E. Ach ja, dieser freund kurzwegl Dieser Sporteman,
603 2297 2718 2471 der immer so'nen Höllenlär macht, weil er kraftübun-
600 2465 2779 2583 gen versucht, zu denen es ihm an nichts gebricht als an-
600 2561 2652 2737 kraft und an Vebung. - Oh weh, ich höre einen Sespel
589 2693 2762 2859 rücken.- sehn Sie nir, Marie, ich brauche nichts mehr.-
592 2823 2724 3035 Nun wieder hervor, edle Niegenschaft. (:tärn, wie wenn
589 2955 2735 3109 irgend ein ohwerer hölzerner Gegenstand zu Boden fällt.
600 3092 2655 3244 Da haben wir ei -o diese Aristokrattel diese jungen
589 3202 2760 3357 Baronel Sie wohnen in einem Dachstübchen, das enger ist
592 3332 2710 3519 als ihre Schuhe,- aber sie lassen keine neue Mode vor
586 3497 2578 3632 übergehen, ohne sich in ihr Kleid zu stecken, kein
592 3601 2751 3783 kennen, ohne auf irgend ein Pferd zu weiten, kein hoch-
589 3733 2691 3926 adeliges Anüsement, ohne so oder so mitzutun. (:Neist
