3064 4328
2488 1187 2638 1332 27
504 1318 2051 1523 dae ich Sie aus tiefster Seele beneide.
466 1468 2372 1616 Winter: Ihre Philosophie mag Ihnen das ersetzen.
472 1593 2705 1746 Lx: Ach, so grundverschiedene Dinge ersetzen sich nicht.
478 1720 2711 1880 Winter: Oh doch. Die Philosophie reist auf einer strecke,
478 1868 2714 1998 wo sie sich die Stationen selbst erbauen muss - umso beg-
484 1984 2612 2146 ser. Ein Ziel ist wol gegeben; aber man kennt es nicht
478 2106 2769 2276 umso interessanter. Wenn ich reiste, wusste ich immer: nun
475 2230 2595 2398 hält der Zug da und dort - die Endstation irt Venedig
481 2366 2638 2517 die Endstation ist Paris - ach, das wird so langweiligt
475 2514 1952 2644 Aber Sie, Lux! Sie sitzen im Coupée.-
484 2638 2407 2783 Lux: Entschuldigen Sie, ich bin Lokomotivführer.
484 2751 2809 2914 Winter: (:lacht:/ Jawol; jeder Philosoph. Und daher mags-
489 2879 2731 3027 kommen, dass sie an manchem achtlos vorüberfuhren, da der
489 3018 2740 3151 Rauch um ihr Haupt wallt. Aber auch das ist was wert. Sie
487 3148 2595 3293 sind immer neugierig, oder ins Wissenschaftliche über
492 3313 1712 3447 setzt: Wissbegierig. Ich - nie.
492 3435 672 3568 Tux:
843 3423 1057 3597 Wiel
492 3554 779 3667 Anselm:
1894 3652 2702 3803 jen. Nie - das ist zu
498 3655 1228 3826 Winter: Ich bin et-
1935 3800 2665 3936 zten zwei oder drei
536 3809 1150 3953 viel. Aber wenn
2033 3922 2725 4078 Wie Wahrheit. Ach,
637 3948 1005 4092 ren gsepre
