3064 4360
489 1237 1671 1493 fsio fiünren mich einmal vor un
1939 1360 2804 1519 zurück.- so - jetzt für
512 1478 1386 1622 ren Sie mich zu dem Pa-
1740 1499 2790 1648 vis und lassen mich drüben
512 1599 2830 1778 Mirl: (:in grosser Angst:) Wie dasl so einfach stzhen las
506 1743 728 1855 sen-
498 1821 2474 2042 Tux: Sie verbeugen sich und gehen wieder à plage.
512 1985 1104 2154 qirl: Alleine
495 2097 2781 2318 Füchsgl: (iungeduldig./ Wenn du die Dame dortlüsst; wahr
495 2255 1349 2402 scheinlich - Fadianl.
500 2367 2709 2543 qirl: Aber in einer Tour führe ich Olga wieder zurick.
486 2522 2790 2692 Füchsel: Olga - Olga! Wirst du denn jede Qadrille mit oi-
477 2635 906 2761 ga tauzen?
486 2747 2603 2928 qirl: In welcher Tour nur - Ich bitte sie, Herr Iux,
466 2885 2753 3078 könnten wir nicht die ganze Qadrille noch einmal durchma-
469 3032 696 3155 eien
454 3144 1389 3296 Füchsel: Ich gehe.
463 3262 2672 3480 qiirl: Ich bitte dich, warte nur so lange bis - - Herr
454 3426 2160 3590 Lux, wie geht's nur weiter bei Pastourellel
454 3575 2741 3710 Iux: Sie kommen allein à plase. Nun führt der Herr vis-ä-
454 3667 2750 3857 vis betde Damen, die eigne undnich, d.h. Ihre Dame, vor und
446 3817 2669 3972 wieder zurück. Hierauf nehmen Sie mich, d.h. Ihre Dame und
443 3926 2422 4148 tanzen mit mir, d.R.mit Ihrer Dans Polka frangaiss.
