3048 4328
510 1227 1645 1495 Mntor: Für Ihre Philosophiel
487 1426 2697 1605 Aux: Si- lächeln, Herr Winterl Ich versichere Sie, meine
498 1573 2803 1746 Wissenschaft ist mir ans Herz gewachsen, so fest, so Unver-
536 1703 2651 1893 änderlich, dass ich sie nimmer lassen könnte! Ich will
498 1830 2803 1982 noch eine Zukunft haben, ich muss sie haben, weil ich keine
498 1968 2795 2138 Vergangenheit hatte! Wie war doch mein Dasein flach... lei
490 2098 2737 2244 der konnt' ich mich nicht vollkommen davon lössagen; aber
490 2221 2766 2380 ich will doch in dem was.teisten, was mir am meisten gilt.
487 2351 2792 2515 Dass ich nicht die ganze Zeit meines Lebens der Philosophie
2515 2504 2720 2587 nUx
490 2484 2599 2628 wi dmen kann - bah, es wäre zu viel verlangt, wenn man
490 2616 1769 2729 für sein Vergniigen leben wollte!
478 2734 2700 2901 Anselm: Wir sind keiner zu alt, sag' ich. Und (:Er steht
496 2867 2763 3037 auf und hält das Weinglas in der Hand:) auch ich will was
2109 2959 2495 3066 war bringt
484 2999 2801 3161 werden.... O hät“' ich meine Violine da - was birft mir 'ne
478 3141 732 3282 deige!
484 3256 2737 3440 Winter: Geben Sie mir die Hände, meine Freunde! Haben sie
470 3383 1144 3541 Delbstvertrauent
484 3524 761 3656 Auselm:
781 3555 1075 3708 Gewiss!
470 3651 660 3800 Tnn:
481 3789 2221 3947 Winter: Auch - ohne Wein getrunken zu habent
478 3921 769 4054 Anseln:
833 3942 1086 4161 Inmer!
473 4048 645 4152 Tux:
