3048 4152
446 1336 1906 1511 auolein: 1igrfaest sie und küest die:
406 1468 1684 1641 Marie: Ich litte sie, gehen sie.
409 1595 2228 1762 Mäuolan: Mein ganzes Leben gehört dir, Marie.
415 1710 2692 1883 Baron: Er kommt nicht wieder auf die Welt, Die auch nicht-
403 1834 2692 2027 Marie: Aber desowegen brauch ich ihn doch nicht zu liebent
426 1960 2735 2125 Baron: Ich lagweile mich hier, wie überall; manchmal wallt
426 2087 2634 2286 iok beinahe, dass ich was gelernt hätt, und denk mir, da
440 2217 2674 2410 (:Auf seinen Kopf weisendi) war einmal war, was allmälig
429 2352 2732 2539 verloren gegangen ist. Leider hab ich keinen Grund, mich au
429 2505 1520 2671 bemühen, eo wiederzufinden.
432 2640 1730 2801 Mäuslein: Antworten sie mir docht
426 2769 1580 2933 Marie: Ich antworte: niemalel
432 2899 1310 3060 Märslein: Kamm, Guide.
435 3014 2556 3193 Baron: (:zu Mario:( Iat Ihr Horr mit Herr Heller viel
435 3146 1716 3328 leicht zu Frau willner gegangent
426 3288 1468 3469 Marie: Ich weiee er nicht.
435 3394 2614 3601 Baron: komm, Vietor, wir wollen uns ein wenig kaüsement
435 3558 809 3714 einredent
363 3647 2496 3832 -Marie: Ich werde den Herren bis zur Treppe lachten.
890 3786 1983 3938 (:Alle drei ab; kurze Pause:
