3096 4344
507 1340 2799 1531 Graf: Ihr sollt in vierzehn Tagen die Schuld beglichen ha-
502 1473 2156 1631 ben - so wahr ihr ein ehrlicher Mann seid.
490 1614 2381 1764 Rupert: Ein so hoher Herr und se tief gesunken.
502 1724 2303 1888 Graf: Euer Bedauern erfüllt mich mit Rührung.
490 1865 2770 2029 Rupert: Ihr hättet in Baden nicht so hoch spielen sollen.
504 1980 2727 2162 Graf: Weiser Mann, das hat mich also zugrunde gerichtet.
493 2127 2254 2297 Rupert: Das, - und die Weiber und die Jugend.
493 2231 2770 2418 Graf: Wenn ich nochmals zur Welt komm, so will ich meine
493 2375 2724 2554 Jünglingejahre überspringen und kein Weil äffnsehen, bevor
490 2528 1568 2637 ich ein alter Kahlkepf bin.
481 2643 1706 2782 Rupert: Und nieeine Karte-!
490 2761 2721 2911 Graf: Ich danke für eure guten Ratschläge, vortrefflich-
487 2894 2684 3047 ster aller Mucherer und schlechtester aller Komödiantén.
473 2989 2721 3179 Aber s ist wahr! Die Leute, die einmal auf der Bühne was
487 3142 2782 3329 agiert und wär's eine Rolle, so klein, dase ich sie auf der
490 3260 1669 3445 Eingernagel schreiben könnte-
473 3396 2640 3580 Aupert: Oh Herr Graf, ich habe den Karl Moor gespielt
481 3548 2799 3721 Graf: Aber auf den Brettern ging's auch so gut nicht - wie
467 3658 2672 3819 nachher - eure Laufbahn hat den Vorzug, seltsam zu sein.
476 3785 2202 3969 Habt ihr auch in Leben eure Analie gefundent
464 3935 758 4113 Rapert:
781 3920 1877 4131 Ich war einmal ein recht hi
1966 3935 2476 4134 scher Mensch-
