3064 4424
2581 1099 2718 1222 42.
2120 1337 2729 1468 stürzung. Bedeu-
624 1345 1535 1535 Allgemeines Erstaunen:
2086 1493 2729 1599 Frau Kunz, Medar-
593 1516 1619 1622 tungsvolle Blicke zwischen
593 1661 1242 1784 des, Friederich.:
1594 1722 2785 1910 ulaubt, es schmerzt mich sehr,
590 1879 2209 2027 Dass ich euch wiederseh an solchem rage.
2271 1991 2673 2173 au Kunzens:
626 2008 2231 2148 (drüickt die widerwillig gereichte Hand f.
598 2142 2609 2290 Der Schmerz ist gross - leut" keinem Trost zu Frih.
615 2248 805 2343 Mar
596 2271 2265 2416 eir Mitgetihl kann ich der Trauer zollen,
601 2388 2461 2550 Und eignes Weh! /: Er bleibt bei Justinen und
604 2545 1588 2634 scheint ihr zuzusprechen:
498 2645 2606 2802 Friederich: Wollt ihr meinem Rate folgen, Frau Kunz,
596 2774 2651 2933 so verlassen wir diese Beiden und treten in's Heben-
612 2908 2231 3090 zimmer - ich fürehte, oh ich fürchte..-
492 3042 2662 3188 Medardes: (:zu Elisabeth:) Wie er mit ihr plaudert,-
601 3185 2030 3308 sent nur hin, mein schönes Fräulein.
489 3291 2707 3504 Elisabeth: Zu einer solchen Stunde weltliche Worte und
601 3420 2642 3593 Artigkeit, - wenn ihr mir etwas dergleichen zu dagen
601 3543 2069 3725 habt, so wartet auf gelegenere Zeit.
498 3663 2749 3842 Frauk kunz: Wir entkernen uns, so unbemerkt als möglich.
1026 3834 2668 3971 Gewiss, Frau kunz, da er unseren Verdacht
495 3811 987 3979 Friederieh:
610 3951 2721 4150 nicht ahnt und allein ist, so wird ihn seine Unbefan-
