3160 4424
623 1488 1074 1607 Mit einem I:
618 1627 1077 1764 Narrt uns Z.
1528 1726 1744 1847 O mein
1982 1699 2355 1818 Schkiler.
519 1753 861 1868 Albrecht:
1823 1841 2713 1955 ii verrierten, Dasede
623 1881 1794 2018 Dess eben dies, was wir so ra-
1796 1971 2189 2128 ieh wollen,
632 2018 1751 2133 Dasselbe ist, womit wir forse
625 2088 2432 2261 Dies ist's, was uns die Lösung stets verwehrt,
629 2241 2252 2389 Solarg wir Menscken bleiben so wie jetzt;
650 2360 2409 2522 kann nie eir Aug sich selber sehn! o Unglück,
641 2528 2171 2648 Dass jeder er und nur er selber bleibt,
1605 2587 1854 2677 nihres
656 2627 2113 2776 Und aus dem einen Kreise undies lch,
647 2762 2194 2906 kein Weg hinausfünrt in das Allgereine,
663 2895 2416 3070 So yern wir uns auch selbst darüber. täuschen!
