3064 4152
485 1249 2608 1461 f. De mälst dich nun auch für nichtige Dinge. De lst
459 1394 1658 1565 niemand schuld an dem Unglück.
459 1478 2730 1705 Idaj 0, er war so gut, so gut - -kein Uenoch hat Schuld
465 1629 2709 1806 an meinem Ende ausser mir selbet" – er wollte mich nicht
470 1763 2695 1946 allzu sland machen. Aber ich hab ihn gekränkt, - und sein
462 1890 2791 2070 Harz war so empfindlich, so überqiellend an innigem Gefihl-
465 2015 2776 2204 Und ich setzte manchmal ein Wort so hin - als - als liebte
479 2143 2587 2329 ich ihn weniger - als läge mir an ihm nichte - er tat
485 2279 2657 2454 nicht andere; aber ich wusste, ee war nicht sein Ernst.
485 2401 2700 2590 Und so kam es, dass unere Liebe kühler zu werden schien.
485 2532 2683 2709 und nur ich, ich - ich bin schuld an Josefe Todl (:sie
485 2689 1347 2860 fällt Fr.um den Hals:
499 2785 2724 2962 Fr: (imacht sich ängetlich von ihr frei:/ Nun redest du
497 2927 2828 3130 dir das alles ein, Ida. Es ist sicher nicht wahr;- ir fühl-
499 3061 2724 3252 te ganz wohl, dass du ihn so sehr liebtest, als er dich
491 3185 2788 3377 odai d mehr, viel nehrt Und nun ist er tot- o Friederike,
502 3316 2735 3487 weiest du, was das heiestf I glückliche, glückliche -d
511 3429 2483 3627 eeligs Brautl - oh, ich werde sterben, sehr bald-
517 3583 2808 3769 (:De klopft; ee wird nicht aufgemacht; se klopft nochmale,
508 3717 2814 3923 gleich darauf tritt Atred Laufer ein; er gaht schnell auf
