3016 4312
543 1271 2791 1499 die Arbei? ging mir leichter von der Hand. Ich weise ganz
534 1395 2586 1597 gut, was du sangst; war's nicht ein Lied von Brahmel
537 1532 1627 1683 Frau W: Nein, lieber Mann-
531 1660 2224 1855 Flügelm: Es war Schubert, Herr Weiegenberg.
499 1787 2832 1974 Wälegenbg: Ach, ja freilich. Aber wie finden sie die Stimme
505 1933 2734 2138 meiner Frauf Macht sie in ihrer Ausbuldung Fortschrittet
511 2051 1891 2224 Flügelm: Oh, horrende Fortschrittet
505 2191 1936 2363 Weissenbg: Und das erste Auftreten-
514 2313 2675 2512 Frau W: Ach, du musst immer gleich an das allerschönste
505 2431 805 2595 denken!
496 2568 2883 2805 Weissenbg: Wie ich als Bräutigen immer an die allerschönster
493 2699 793 2838 dachte.
493 2823 2802 3031 Flügeln: Ich weiss nicht, ob ich die Wahrheit dieses Satzes
484 2981 2737 3180 oder die geistreiche Art und Weige, in der er vorgebracht
487 3105 2749 3298 wurde, bewundern soll.- Aber wie geht's dem kleinen Fritz-
478 3230 701 3352 chenz
472 3340 2693 3539 Weissenb: Ich bin sehr zufrieden mit ihm. Er zeigt schon
472 3453 2648 3672 ganz bemerkenswerte Gaben.- Er ist so fleissig, so früh-
463 3610 1078 3764 auf den Beinen.
460 3717 1737 3877 Fügelm: Ar dat sache Jahre alte
457 3868 1927 4038 Frau N: Wird sieben in diesem Monate.
