3048 4136
472 1223 2305 1439 . Herr Keller ist mit ihm soeben fortgegangen.
576 1355 2682 1560 (:nach hinans:) Häuslein, Märslein, du kannst kommend
449 1505 2624 1715 I: Ich bitte sie, Herr Baren, jeden Aigenblick kann ja-
446 1614 2624 1844 Baren: (:streckt sich aufs Sopha:) Mit nichte, tut gar
449 1738 2598 1954 nichte; ich will mit Ihnen plaudern, Marie, und ihnen-
458 1876 2383 2115 Häuslein: (:tritt. herein u.küsst Marie die Handi)
452 2029 2302 2219 B: Hahahal Victor v. Mäuslein, origineller Känzl
463 2201 1327 2357 Marie: (:will hinaue:
460 2267 2693 2486 Mäuelein: Ich habe Ihne, verehrtes Fräulein, schon vor-
483 2388 2794 2616 einigen Tagen versichert, dass ich Sie liebe. Sagen sie mir
481 2549 2653 2739 endlich, ob ich hoffen darf; aber schnell, da wir heute
486 2693 1683 2866 noch ins Orpham sehen wollen.
478 2783 2351 2981 baron: Jala, lala, der Kensch lebt nur einmal-
481 2932 2711 3125 Marie: Lassen Sie mich, Herr Mäuelein; auch miss igh das
492 3105 1030 3237 Zimmer hier-
489 3177 2667 3381 Baron: (:bringt eine Anatemische Tafel, die ein Skelett
495 3300 2639 3528 darstellt, und stollt sie zwischen karle und Mäusleln:
509 3456 2708 3654 es - sehen sie sich das an, Merle, und entschliessen sie
509 3640 728 3767 sich.
501 3741 1689 3905 Häuslein: abscheuliches Dingl
498 3893 740 4031 Baran
