3000 4408
2567 1222 2705 1314 54.
477 1626 699 1792 20.XI
1157 1618 1598 1792 det Frau R
609 1862 1857 2022 (:Justino ornst in sich gekehrt:
609 2039 2643 2149 (:Medardes mit der Quitare; hört eben zu spielen auf
579 2185 1789 2300 und bliekt Justinen ins. Auge.:
472 2306 2098 2463 Justine: Warum epielt ihr nicht weitert.
576 2387 2514 2612 ten bitt- ouch fortzufahren; ich höre Kueik gern.
455 2542 826 2705 Wederdeer
1264 2531 1980 2730 (itied einzufügen:
570 2640 1859 2842 gefällt ouch das Leid, Fräuleint
463 2803 789 2963 Justine:
874 2783 2531 3025 Ihr habt viel Ampfindung in eurer Stinme.
461 2932 826 3056 Redardes:
910 2915 1581 3067 on, nicht genugt
458 3033 778 3182 Juerine:
882 3033 1623 3208 Wie meint ihr dasf
449 3163 2705 3376 Modardes: 0, wenn ich wirklich soviel Ampfindung hätte,
556 3303 2635 3505 als ihr mir nachrühmt, wenn ich zu Ende bin. Aber er
565 3429 2716 3637 ist gewiss nicht so; sonst könntet ihr nicht, wenn ich
570 3561 2607 3755 ouch voltwand Dinge erzäle in mannigfachen Hort und
562 3691 2609 3862 laut, mir gegenüber eitzen tolinalmeloe; trübeinnig.
551 3811 2663 4008 kläglich stilll Ihr seid ja allem abgewendet und ganz
551 3966 2699 4185 tanenloben, Soole. ker gosckloht, geschleht nicht nehr
