3032 4264
823 1354 2208 1544 Und ich kenne kaum einen Redakteur.
837 1521 2553 1688 Dem James Mithman nicht unentbehrlich wär.
435 1634 2316 1815 Dr. Huzlie: (:kommt aus den Zimmern der Königin:)
834 1767 2372 1965 Pst, was ist das da für ein Färm herint
828 1917 1959 2036 Das ist der Tod der Königin,
828 2047 2299 2214 sowie zugleich des erleuchten Sohnen,
1179 2174 2005 2313 (:Verbeugt sich tief:)
826 2282 2350 2457 Einstigen Erben des spanischen Tronee-
452 2401 2729 2593 Mhithmen: Wief wasl Ihr wisst schon, dass es ein Knabs -1
792 2579 1230 2746 arrogant:
441 2573 738 2771 Nr2210:
874 2695 2302 2850 Wemit ich gar nichte germülfet habe-
845 2799 2536 2975 Da schliesslich auch die grössten Doktoren,
837 2943 2118 3107 Mit den feinstgebildeten Ohren-
834 3079 2273 3235 Un Himmelswillen, Sie martern mich-
461 3116 681 3237 mit:
848 3204 2304 3353 Ich beschwöre Sie, erklären Sie sichl
800 3348 1414 3495 (:geheimnisvoll:
450 3365 749 3529 Auz110:
837 3444 2273 3619 Mein sehr verehrter Herr Journalist,
860 3608 2121 3749 Vor einer kain verflosenen Frist
848 3735 2304 3851 Hört' ich das Kindlein sich bewegen,-
845 3862 2440 4024 Und auch ein Laut tät' leie' sich regen-
