3032 4168
576 1261 1546 1431 Lazar: Wo ist mein Weibl
579 1411 1385 1560 Amadeus tröstet ihn.
579 1511 1932 1693 Justin gelangwellt durch das Volk.
584 1621 2502 1828 Jürgen: Was ist denn mit dir, -Lazart Alles verges
584 1793 1750 1935 Amadeus bleibt allein zurück.
584 1897 2646 2093 Der Prinz Julian kommt. Ihn hat ein unendlicher Ekel
403 2050 2720 2231 erkasst. Es hat ihn fortgezögen vom Getriebe des Festes, er
435 2191 1624 2335 will Thilda noch einmal sehen.
587 2274 2674 2479 Lazar komnt: Sein Weib hat sich ertränkt. Er erblickt
446 2427 1477 2605 Julian, will ihn erwürgen.
590 2697 1652 2879 Der Aufruhr in vollem Gang.
590 2844 1431 2994 Der König im Sterben.
593 2931 2565 3123 Amadeus kommt zu Jul ian: Sie haben mich heraufge-
409 3072 2677 3267 schickt, um Gnade bitten. Lazar ist wahneinnig geworden ob
406 3259 910 3383 seiner Frau.
593 3339 2718 3526 Justin langweilt sich und lacht. Jürgen betrinkt sich,
394 3469 2697 3630 und das Volk, das hineingehetzt worden ist, es weiss nicht
443 3624 1365 3794 wie, trägt alle Leiden.
599 3748 2338 3932 Man bringt die Nachricht, der König sei tot.
