3032 4248
2185 1207 2782 1404 für einen über
464 1233 2161 1425 Priefe Menschenkenner", die dich für einen
464 1404 1335 1541 witzigen Kerl halten-
470 1477 2713 1680 k. Ich hab einen gekannt, der sapte, ich sei schadenfreh.
458 1619 2759 1799 H. Und se ist doch nur das eine wahr, dass da zuweilen mit
470 1741 2800 1950 seharzen dich vergnügtest, die eben nicht gar so lächerild
464 1897 2452 2037 hamlos waren wie die unsrer vielen guten Freunde.
470 2005 2736 2182 F: Scherze, nicht in Norten allein -  ir
473 2124 2797 2327 lät den beide an sonderbaren Launen, aber ich glaube, Josef,
2362 2286 2573 2437 22/3.
482 2298 1628 2454 wir sind beide gute Menschen.
467 2428 1396 2585 H: I bist odel, Fritzl
479 2550 2626 2698 P: Der Zufall spielt so viel mit uns; warum sollen wir
482 2660 2753 2852 nicht einmal mit ihm spielent steht er denn so himmelhoch
487 2779 2750 2948 über uns, dass wir das scheuen solltent Einige meinen das
1694 2930 2806 3052 Persönlichkeit und - was de
490 2939 1538 3087 allerdinge - und schreiben
487 3043 2794 3255 tustigste ist - Vermunkt zu - und nennen ihn gott.- Miktie
490 3209 1065 3360 remir, Josof.
490 3276 2800 3484 H. Wenn du diese Zeilen liegest, Ida, bin ich nicht mehr."
505 3467 1285 3609 Was hültst du ein-
496 3566 1613 3748 ef: Und wenn sie dich liebt!
496 3679 2794 3891 A. gräme dich nicht, Fritz, über die Leiden dieser kleinen
894 3830 2716 4036 das ist sie. Ich fühke ganz gut, dass sie das
522 3870 867 4036 seele. de
