3112 4328
510 1253 2468 1438 Dünn: Alse ist an dem Gerücht doch etwas Mahresl
536 1375 2819 1560 Prinz: Wenn man von einer Viertelmillion Schulden spricht,
516 1511 2146 1682 so mag das wol übertrieben sein; jedoch-
522 1641 2816 1862 Dibel: zum Glück sind seine gesammten Schülden nicht drin
516 1778 763 1888 gand-
510 1908 2767 2074 Prinz: Glauben Sie, Herr Baronf Ich habe gewichtige Grii-
508 2042 1827 2207 de, diese Ansicht zu be-tif in-
502 2160 2714 2349 Dibel: Ah - so hätten wir ja für die nächste Zeit etwas
496 2276 1183 2427 zu bekiirchten - 2
487 2419 2743 2601 Prinz: kommen Sie, meine Herren, wir wollen nun nach der
478 2552 2764 2723 Stadt und über diese unlauteren Geschichten kein Wort mahr
490 2703 934 2830 verlieren-
484 2819 2793 2990 Dünn: Aufrichtig gestanden, hab ich wieder grosse Lust au
481 2952 963 3094 tanzen und-
478 3068 2685 3257 Prinz: Sie wollen wieder zurück und vielleicht nochmals
464 3219 2772 3384 mit Albine - ch - (:Als wäre ihm der vertraite Name nur x-
467 3341 940 3494 entschlüpft:
458 3460 2616 3645 Dünn: Ei, mein Prinzl - Albine - Im, die Frau sträfin-
438 3610 2578 3793 Prinz: Ich rechne auf Ihre Diekretion, meine Herren-
450 3712 2654 3892 Dinn: Mein Prinz, wie können Sie nur einen Augenblick-
441 3842 2772 4060 Prinz: Obwol am Ande nichts vorlanden ist, das inchurglch
