3144 4408
2561 1095 2697 1239 27.
532 1376 2574 1638 obaldus: So trüb nicht, wie mein Leben bis dahin,
622 1526 2157 1704 wie meiner Sinne Auifsau- nicht so öd'!
661 1605 2274 1753 doch nan von hent zu spreichten thunn weislen
647 1673 2255 1835 von einem Rundgang, Jehr ich just-zurück.
652 1777 2563 1971 bingt durch die Stadt; die Stätte meiner Jugend,
652 1911 2269 2080 Schaut ich, ein ruheloser Wandrer wieder,
669 2039 2236 2241 Und über Leut" und Dinge blickt ich hin,
658 2176 2334 2348 nicht wie ein Heimgekehrter voll Erregung,
658 2290 2471 2514 Der kreuz und quer durch allé dassen wandelt,-
674 2424 2334 2602 Neugierig und vergnügt sich alles ansieht,
688 2558 2430 2752 Zuff allermeist vom keinlichgusten erfreut.-
688 2719 2282 2877 Nein, eines Fremdlinge Augen sahf alles,
696 2812 2432 3006 zufällig, flüchtig, dar und das betrachtend.
1529 2927 1728 3038 schüler
587 2937 2536 3131 Albrecht: Mein édler Sohn, du und ich, wir sind
710 3071 2454 3271 von jenen nicht, die zwischen Mauern wohnen;
721 3208 2422 3399 wir kehren heim, wenn wir von dannen ziehn,
579 3352 2198 3530 EUnd unser Vaterland ist die Bewegung,
699 3505 906 3584 rhur
707 3426 2520 3675 und zwischen Ost und West liegt unsre Heimat.
620 3598 2820 3852 sobaldus: Ein unbegreifliches Gebehlacht von Menschen
2667 3650 2858 3797 lobt.
2228 3680 2487 3781 wesens
737 3751 2394 3953 seh' ich die Weit im Spiegel meines Kehde,
