3064 4120
2474 1101 2623 1221 22
445 1227 2646 1437 Baron: Ver den Nädchen an sindringlicheten klarzurachen
477 1376 2807 1625 versteht; dass sie nur einmal jung sind, den geben sie sid
474 1549 1250 1716 an leichtesten hin.
474 1584 2775 1841 Marie: dehen Sie, Herr Mäuslein, verlassen Sie das Zinmer,
460 1797 2061 1994 Herr Baron, Sie sind mir beide verhaest!
451 1915 2766 2093 Baron: Iet mirgaz gleichgiltig. Sie wiesen, liebe Marie,
483 2032 2761 2225 dass ich an fünk Tagen unter sieben ehne einen Kreuzer in-
492 2160 2752 2374 der Tasche auf die Strasse gehe, dass ich das Stübchen der
489 2295 2673 2480 oben schen seit drei Monaten nicht bezahle, ich bin mir
486 2409 2837 2600 selber ganz klar darüber, dass ich kein geistreicher Iensch
486 2541 2605 2758 bin und dass meine körperlichen Vorzüge leicht in den
495 2649 2837 2884 schatten gertellt werden können; aber ich bin über die Zeit
501 2775 2778 3001 und die Munheit hinaus, mich über meine Mittelmäsnigkeit
492 2910 2764 3182 unglüchliar zn fühlen. Ich sage gewälich nur eins: Ver-
512 3109 1783 3258 artes Fräulein, das Leben ist-
498 3229 1669 3399 Marie: Schweigen Sie endlich.
509 3276 2752 3513 beron: Uich geht das danze eigentlich gar nichts an; ich
509 3469 2793 3665 liebe Sie ja nicht; aber da mein Freund Vieter v. Mäuslein
512 3607 1604 3771 ebenfälle nur drmal lebt-
509 3741 1812 3914 Meriei (:ist schen bei der Füre:
