3048 4248
417 1244 2580 1461 Aoel nicht war, das ieh suchte. Das sie aepfindet, ist
388 1397 1666 1536 mittelmässig, wie was sie denkt.
388 1510 2626 1695 Ei Ich kenne mehr als einen Verliebten, der sich das ein-
399 1640 923 1814 reden wollte.
388 1744 2693 1941 A. D ist eo. Oh sa, sie ist oin gutes liebes Wegen, aber-
390 1900 2589 2080 Ich bitte dich, nimm die Feder und schreibe weiter. Mir.
376 2033 2696 2201 ist's nun einmal hier nicht wohl; ich ersticket -Ein ich
388 2158 2707 2340 nicht mehr- - Ich weise  eigentlich nicht, Fritz, war
388 2294 2600 2450 um ich dir nicht schon längst ganz deutlich gesagt habe,
390 2424 2687 2569 daso in den Gesprächen zwischen Ida und mir in den letzten
393 2554 2652 2719 Tagen und Wochen an gewieser kichler, beinahe frender ton-
388 2687 908 2843 hinschleicht.
388 2788 2661 2997 F. Ja, so stirbt die Liebe - und du besagsest das Mädchen
379 2942 740 3104 nienale.
385 3052 2609 3274 H: Weg, weg - so weit als möglicht Aber was siehst du so
388 3193 1111 3355 vertoren zu Bodent
388 3326 1102 3474 P: Richts, nichtel
373 3436 1232 3607 H: Hoin Freund
382 3578 2514 3769 F: Ich dachte, ob ihr beide andre Liebe finden werdet
379 3717 1970 3916 K. oh, wenn sie di ch lieben könnte
376 3879 1192 4067 E.. (ruckt zusamen:
