2984 4232
2557 1122 2686 1237 32.
851 1212 2647 1387 sich über die Vorwürfe seines gewissens durch
1703 1361 1914 1491 enie
485 1370 1469 1519 das Gefüchl des Gliicks und
1824 1387 2737 1528 essenz weg., Der Post ist
1781 1516 1951 1581 7
462 1511 733 1638 Ganz ur
860 1500 1669 1635 icklich; Anselm giöbt.
1790 1491 2751 1652 Konzert, fällt durah und
784 1632 1796 1779 oline, Kunot, Hoffruns in
2170 1632 2700 1770 e Ecke seines.
465 1756 1914 1920 abenteuerlosenDaseine; über Iur bin:
2063 1767 2714 1905 selbst noch nicht
443 1880 2638 2032 ganz klar; vielleicht wird er ein eingefleischter Resol-
1872 2030 1996 2134 un
428 2018 1891 2156 mist - oder ein Harr.- Das Seltsamste
2368 2018 2720 2170 ste wider
437 2137 1801 2286 fährt unserem Helden. So sehr er si
445 2263 1632 2430 teil zu überreden trachtet - er
2540 2351 2709 2534 nart
434 2385 1925 2537 glutenden Leidenschaft einer Corona sie
1990 2421 2190 2551 nich
417 2517 2151 2669 If liabend, geniessend hingeben kann, wie je
417 2644 2331 2827 Jüngling es getan. Rins gewisse kühle frisst lang
426 2782 2441 2948 tückisch an seinem Gefühleleben; er will jeden Funke
417 2917 2520 3061 dem Verlöschen schiitzen - aus der Asche sucht er neuen
412 3033 2675 3213 Feuer zu entglimmen, es gelingt ihm nicht - und eines Mor-
414 3163 2610 3309 gens steht gräeslich klar die Wahrheit vor ihm: er könne
409 3309 2664 3467 Corona nicht, er könne nie und nimmer lieben. So führt we-
451 3411 2613 3577 der sein Weg noch der des Zux noch der Anselme zu einem
409 3549 2627 3715 Ziel - sie treffen an einem Regenabend sich wieder in je-
397 3690 2616 3842 nem Wirtehaus, wo sie vor nicht langer Zeot aus einer ge-
403 3808 2593 3991 fährlichen Resignation sich aufgerafft - und finden sich
389 3932 989 4084 elander als je.
