3080 4328
2489 1227 2618 1376 12
490 1310 2174 1491 Graf: Ihr seid's noch jetzt - gute Nacht.
499 1439 2650 1637 Rupert: Ihr steht mir zwanzigtausend sulden in meinem
499 1563 771 1706 Buch-
496 1709 2624 1904 Graf: Ihr habt meine Rechsel. Läest mich in prieden-
493 1844 2635 2030 Rupert: Nochmals - jeder Tag mehr kostet euch hundert
493 1973 837 2116 aulden -
493 2110 1526 2242 Graf: teht; ich bin müde-
485 2222 2102 2363 Rupert: Das kommt eben davon, dass ihr-
482 2369 2695 2552 Gräf: Hinweg - sonst mögt ihr euer Geld wiederhaben und
476 2478 1336 2641 gebt mir den Wechsel.
462 2592 2073 2784 Rupert: aute Naclit, Herr Graf. - /: ab:)
574 2736 2738 2933 af: (:d lein:) Ein Mucherer, der seine Schuldner mahnt,
519 2890 2592 3031 parsam zu sein - aber er hat den Karl Moor gespielt-
473 3005 648 3143 ABII
875 3017 2770 3180 -Leb' wohl, Albinel Sie rief mich - ich bin ihr
487 3126 2658 3300 ja vermählt! Aute Eltern mit dem vorsorglichen Sinn; wie
447 3275 2673 3452 habt ihr euch, so schlium getäuscht. Ihr wolltet das Geld
442 3412 2655 3570 mit dem prangenden Titel vermählen – drüben ist nun auch
442 3544 2744 3716 mein Titel hin - und das Geld - haha! ynd doch; mich dunkt,
442 3627 2738 3805 ich schaffe Albinens Glück, verlass ich die Stadt und die
436 3768 2690 3954 sen Weltteil - ob auch meinel Das Talent, glaub ich, habt
422 3943 2561 4152 ich nicht. Mol das Talent, mich zu zerstrauen, und ich
