3032 4232
416 1638 611 1769 Sulpi
790 1368 2420 1537 Halt! Er den Wundl - Er wird wol glauben,
795 1512 2526 1683 Weil Er mir einst die Unschuld tät" rauben-
795 1663 2446 1799 still, Frau, ich möchte Sie sehr ersuchen,
795 1777 2534 1900 Mich nicht zu entheil'gen durch Ihr Fuchen.
787 1913 2223 2054 Man weise doch im ganzen Königreich,
795 2044 2398 2160 Dass ee da drin, wenn ich nicht sogleich
790 2178 2314 2319 Ein Wörtlein red mit unserm Herrgott,
798 2304 2413 2440 Nicht gehen könnt" mit dem Gebären flott.
795 2428 2385 2592 Und alle Dektoren mit lessern und Zangen
790 2564 2385 2688 Und all ihr Bemühn und heissee Verlangen
785 2680 2329 2822 Und ihr gesammtes menschliches Walten-
782 2817 1969 2945 Und alle irdische Gynäkolegie
787 2943 2193 3112 Sind gegen mein frammes Händefalten
782 3084 2413 3240 Und gegen die Fürsprach der heilgen Marie
782 3200 2536 3387 Nichtel - und jh. ging i oh jetzt nicht
2261 3359 2531 3493 beten,
1110 3437 1996 3604 (:sehr zuversichtlich:)
772 3574 2254 3743 Mutter und Kind gingen sicher Hötenl
661 3720 2685 3892 ab, sehr stolz und hocherhobenen Haupter; ihm folgt
