2776 3368
264 572 1102 746 De spanische Gelurt.
1965 567 2324 751 23/9.80.
242 698 1917 876 Haupt- und, Stanteaktion in kaum einem Akt.
250 857 2391 1030 Die Same ist im Vorsaal der Königin: Füren nach allen
234 974 929 1150 Seiten. - Nacht.
232 1113 1377 1270 Zwei Pfäfflein trinken Wein.
242 1230 1845 1400 Sulpitius: (:das Glas zum Sunde führend:
626 1371 1946 1512 Den König Alfene lane ich leben,
636 1486 2024 1659 Der uns den süssen Wein tät" geben.
221 1579 519 1787 Sinmer
570 1627 1776 1760 siebenso, mit Sulp. anstosvend:
615 1736 1779 1912 Ich herentgegen wünsche sehr:
620 1882 2090 2061 Leicht möge gebären die Königin hehrt
224 2031 450 2178 suip:
615 2005 1906 2191 Wellté nun gern im Kloster sein,
615 2173 1944 2314 Wo wir ungestört sein und allein,
612 2284 1938 2431 Denn alles mangelt meiner Seelen,
620 2404 2005 2569 sofern ein Mägdlein mit tut fehlen.
229 2556 509 2681 Sixtue:
610 2545 2279 2721 Pet, Bruder, heut sind wir rings umstellt;
604 2649 2021 2812 Und da ja die heutige gottloge Walt
604 2772 2244 2974 Me Pfaffen nicht gerne nag wertechätzen;
666 2915 1813 3115 würde sie sich bass ergstze
