2984 4376
2444 1229 2599 1328 57.
1170 1483 1979 1624 Justine. Medardes.
524 1508 772 1660 11.81
496 1714 2647 1908 odardes hört eben auf ein Lied auf der Quitare zu sple-
561 1869 2712 2055 Ten; die letzten Worte und Röne verklingen eben, da die
552 2035 2689 2148 seene anhebt. Er sieht die in Gedanken versunkene Jue-
555 2154 2678 2300 tine mit einem grossen Blick an;sie, wird plötzlich da-
555 2303 1536 2407 raut aufmerkean und eagt:
868 2433 2030 2576 Warum eingt ihr nicht weitert
440 2461 778 2562 Justine:
885 2562 1252 2675 Justinel
437 2526 806 2731 Uowerder:
848 2613 2712 2807 Ihr sollt euer Lied nicht unterbrechen, Modar-
445 2678 770 2861 Justins:
561 2793 1398 2963 des; es war so eekön.
437 2900 1920 3064 Medardee: War es wirklich schön:1
445 3058 1533 3202 Justine: Singt es zu Endel.
457 3165 2717 3335 Bedardee: Ee war zu Ende, Justine, aber ihr merktet ve-
569 3320 1542 3436 der Anfang noch Schluse.
459 3453 1469 3577 Justine: Ihr irrt euchl
459 3540 2675 3729 Uedardee: 0 wär' ee so. Aber wenn ich euch nun fragte:
581 3662 2810 3918 vovon orzälte der Lied der Uederdee - ihr müeetet sehne,
581 3881 772 4003 gen.
462 3884 2593 4129 Juetine: Rieht dock hein Lieber, ich leuechte euren
