3016 4216
2421 1006 2560 1139 13.
813 1247 2676 1421 Aber komm. . ich will dich diesem Mädchen vor
639 1384 1446 1557 stellen... komm..
500 1520 1497 1682 Alfred: Tanzt sie gut..2
486 1637 2648 1813 Hugo: Du wirst ja selbst sehn. „Mein Fräulein, ich bin
614 1773 2742 1915 unendlich erfreut, Sie hier zu treffen.. gnädige Frau,
602 1892 2679 2063 meine Hochachtung. Erlauben Sie,meind Damen, dass ich
600 2029 2634 2213 Ihnen Herm Alfred Wandel studiosus der Phülosophie
608 2193 1190 2341 vorstelle..:
480 2301 2551 2503 Alfred: Darf ich um diese Tour bitten,mein Fräukein.
492 2455 1293 2574 Leokadia: Bitte. ..
494 2509 2753 2691 Alfred: Hier wird man stark gestossen... Ihren Arm, wenn
605 2691 2750 2861 Sie erlauben mein Fräulein,– wir wollen huf vielleicht
600 2850 1696 2983 einen anderen Platz suchen.
918 2978 1659 3100 Hugo trifft Fritz.
494 3159 2782 3364 Fritzi. Hast du sie gesehn, Auge: „ Eeokadial Ein Novellen-
605 3319 2674 3478 stoff..: Er gewahrte sie; das Wort blieb ihm in der
597 3446 2759 3677 kehle stecken.. kaun konnte er sich entschliessen, sie
608 3606 2185 3745 in so ungewohnter Umgebung zu begrüssen.
494 3785 1168 3895 Hugo: Wer denn.
