3048 4344
489 1259 2781 1518 pären gswiss sehr erkraut, dich haute begrüssen zu können.
492 1463 1068 1617 W: Wein, nein
1114 1495 2781 1649 ich danke. Geh du nur allein und hal tedich
497 1609 2766 1792 meinetwegen nicht auf. Ich komme übrigens di rekte aus Nea-
646 1859 2688 2013 Ai, da muss es jetzt herrlich sein.- Aber sag' mal,
512 2024 1789 2138 wie lang. warst du eigentlich wegl
471 2120 2682 2327 N: In diesem Sormer werden's zwei Jahre, dass ich abgge-
483 2248 887 2394 reist bin!
474 2382 1943 2548 F. Und wie ist's dir immer gegangen?
471 2510 2755 2691 W:. Gut, recht gut. Wirklich, – wenn du mich auch mit einem
465 2621 2711 2804 verdäelitigen Blicke anschaust. Ich habe zumeist angenehme
468 2746 2752 2926 Gesellschaft gefunden, hatte Abwechslung, brauchte mich an
451 2897 1193 3045 nichte zu binden-
573 3011 2685 3200 Aprepos, binden - du weisst ja - deine schwache Sei-
442 3269 2696 3464 W: Damit ist’’s zu spät; lieber Freund. Siehst du - (:Auf
480 3412 2691 3595 sein Haupt weisend:) da werden die Haare spärlich - und
442 3552 2755 3726 ein gut Teil ist grau geworden. Du hast dich besser konser
436 3680 707 3810 viert.
422 3793 2763 3988 F: Ach, was redest du denn - du giehst ja famos aus.- Wenn
428 3953 2638 4084 ich ein bisschen frischer aussehe, nun, so kommt's eben-
