3080 4312
497 1321 1062 1453 müsste lachen.
494 1433 2797 1582 Dibel: Ds ist besser, es ist besser, sich von einer einzi-
497 1556 2797 1717 gen Dame lieben zu lassen, als von allen Körbe zu bekormen.
485 1706 2268 1852 Di: Bitte, Herr Baron, ich habe noch nie-
500 1789 2811 1996 Dibel: Nichts für ungut, verehrter Freund. Doch un auf st
494 1978 1413 2064 was Anderes zu kommen-
491 2064 2199 2225 Dinn: Jawol, auf etwas Anderes zu kommen-
494 2185 2782 2357 Prinz Pilz: (:tritt auf und will eben durch die Gartentüire
500 2343 856 2498 abgehen:)
497 2449 1717 2604 Dünn: Eh, Monsieur lè Prinee-
500 2587 2765 2722 Prinz: Oa Messieurel Charns, charmé. treffe ich sie noch
494 2722 2710 2891 hier - ah mein verehrter Baron. Sie waren heute, wie ich
494 2868 1749 3000 Ihnen aufrichtig gestehen miss-
497 2989 2087 3130 Dün-: Rehe, unaugstehlich - nicht wahrt
500 3107 2782 3290 Prinz: Ich kann Ihnen aber nicht zürnen, denn ich verehre
505 3253 1298 3397 den guten Geschmack.
497 3388 2326 3503 Dünn: Die Gräfin ist eine charmante Tänzerin.
497 3500 2159 3661 Prinz: Die beste Tänzerin, die exietiert.
497 3632 2004 3781 Dibel: Ich kenne bessere Tänzerinnen.
500 3750 2036 3919 Dünn: Allerdings, das Fräulein Beldon.
494 3882 2791 4083 Prinz: Welchen Weg gehen Sie, meine Herren -1 Ee tut mir
