<?xml version="1.0" encoding="UTF-8" standalone="yes"?>
<PcGts xmlns="http://schema.primaresearch.org/PAGE/gts/pagecontent/2013-07-15" xmlns:xsi="http://www.w3.org/2001/XMLSchema-instance" xsi:schemaLocation="http://schema.primaresearch.org/PAGE/gts/pagecontent/2013-07-15 http://schema.primaresearch.org/PAGE/gts/pagecontent/2013-07-15/pagecontent.xsd">
    <Metadata>
        <Creator>prov=READ-COOP:name=PyLaia@TranskribusPlatform:version=2.7.0:model_id=50870:lm=none:date=22_01_2024_15:29</Creator>
        <Created>2023-09-27T14:32:35.810+02:00</Created>
        <LastChange>2024-01-22T15:29:21.239+01:00</LastChange>
        <TranskribusMetadata docId="1589026" pageId="60122506" pageNr="172" tsid="145619892" status="IN_PROGRESS" userId="40391" imgUrl="https://files.transkribus.eu/Get?id=HJSNXZFPKOWSUZVTSCAGFZSS&amp;fileType=view" xmlUrl="https://files.transkribus.eu/Get?id=PRPLXLTMPCQJOCEBLESVOTHW" imageId="48547584"/>
    </Metadata>
    <Page imageFilename="1589026_0172.jpg" imageWidth="3048" imageHeight="4152">
        <ReadingOrder>
            <OrderedGroup id="ro_1711796453874" caption="Regions reading order">
                <RegionRefIndexed index="0" regionRef="tr_1"/>
            </OrderedGroup>
        </ReadingOrder>
        <TextRegion orientation="0.0" id="tr_1" custom="readingOrder {index:0;}">
            <Coords points="394,1339 394,3902 2695,3902 2695,1339"/>
            <TextLine id="tr_1_tl_1" custom="readingOrder {index:0;}">
                <Coords points="574,1442 631,1439 694,1462 777,1448 803,1471 866,1431 963,1445 963,1345 877,1351 860,1336 746,1353 700,1336 680,1351 625,1351 599,1325 574,1328"/>
                <Baseline points="588,1402 613,1402 638,1402 664,1402 689,1402 715,1402 740,1402 766,1402 791,1402 817,1402 842,1402 868,1402 893,1402 919,1402 944,1402 970,1402"/>
                <TextEquiv>
                    <Unicode>fZächolt:</Unicode>
                </TextEquiv>
            </TextLine>
            <TextLine id="tr_1_tl_2" custom="readingOrder {index:1;}">
                <Coords points="496,1569 651,1594 728,1560 829,1571 898,1546 1012,1600 1015,1434 966,1454 877,1434 800,1471 725,1437 651,1480 565,1471 496,1505"/>
                <Baseline points="513,1537 538,1536 563,1535 589,1535 614,1537 639,1536 665,1534 690,1534 715,1533 741,1532 766,1531 791,1531 817,1531 842,1531 867,1531 893,1531 918,1531 943,1531 969,1531 994,1532 1020,1534"/>
                <TextEquiv>
                    <Unicode>Sie lächelnt</Unicode>
                </TextEquiv>
            </TextLine>
            <TextLine id="tr_1_tl_3" custom="readingOrder {index:2;}">
                <Coords points="390,1703 525,1738 1187,1669 1333,1726 1454,1663 2002,1666 2002,1577 1901,1551 1698,1606 1399,1566 1219,1603 1104,1551 935,1609 542,1574 390,1620"/>
                <Baseline points="405,1665 485,1662 565,1664 645,1664 725,1665 805,1662 885,1662 966,1659 1046,1657 1126,1658 1206,1659 1286,1662 1366,1657 1446,1656 1527,1651 1607,1650 1687,1650 1767,1650 1847,1652 1927,1650 2008,1650"/>
                <TextEquiv>
                    <Unicode>Dn: Nun ja, ich weiss ja, was Sie meinen.</Unicode>
                </TextEquiv>
            </TextLine>
            <TextLine id="tr_1_tl_4" custom="readingOrder {index:3;}">
                <Coords points="381,1829 717,1815 875,1861 1313,1792 1614,1832 2053,1789 2133,1838 2283,1781 2647,1786 2647,1620 2443,1689 2262,1677 2179,1735 2065,1672 1981,1723 1778,1703 1712,1738 1614,1703 1305,1726 1230,1686 1184,1723 728,1692 614,1743 384,1715"/>
                <Baseline points="396,1796 508,1793 621,1793 734,1793 847,1790 960,1787 1073,1785 1185,1784 1298,1784 1411,1783 1524,1781 1637,1781 1750,1779 1863,1780 1975,1781 2088,1778 2201,1776 2314,1773 2427,1773 2540,1771 2653,1773"/>
                <TextEquiv>
                    <Unicode>Ii Wie -1 Ich verstehe Sie nicht. Ich sägte, Herr Petern</Unicode>
                </TextEquiv>
            </TextLine>
            <TextLine id="tr_1_tl_5" custom="readingOrder {index:4;}">
                <Coords points="384,1990 568,1938 737,1984 1090,1921 1382,1964 1612,1918 1938,1973 2047,1933 2222,1961 2667,1907 2667,1807 2601,1792 2518,1841 2131,1838 2053,1795 1523,1867 387,1847"/>
                <Baseline points="402,1928 515,1923 629,1925 742,1922 856,1919 970,1919 1083,1917 1197,1916 1310,1916 1424,1916 1538,1912 1651,1910 1765,1910 1878,1910 1992,1905 2106,1906 2219,1904 2333,1904 2446,1907 2560,1901 2674,1904"/>
                <TextEquiv>
                    <Unicode>betrauert den Ted seiner vogenannten Freundes nicht, denn</Unicode>
                </TextEquiv>
            </TextLine>
            <TextLine id="tr_1_tl_6" custom="readingOrder {index:5;}">
                <Coords points="390,2105 743,2108 840,2056 1204,2090 1675,2053 1807,2093 1807,1979 1698,1953 1574,1990 1256,1947 1050,1990 935,1944 817,1996 639,1964 390,1993"/>
                <Baseline points="405,2056 475,2053 545,2050 615,2050 686,2053 756,2053 826,2053 897,2050 967,2050 1037,2048 1108,2049 1178,2044 1248,2044 1318,2044 1389,2044 1459,2041 1529,2041 1600,2041 1670,2038 1740,2038 1811,2035"/>
                <TextEquiv>
                    <Unicode>Bn: Haha, er hat jetzt mehr chansen!</Unicode>
                </TextEquiv>
            </TextLine>
            <TextLine id="tr_1_tl_7" custom="readingOrder {index:6;}">
                <Coords points="379,2225 422,2219 447,2240 516,2217 571,2245 631,2214 700,2242 826,2191 941,2205 941,2125 849,2110 714,2128 677,2102 565,2088 490,2113 381,2099"/>
                <Baseline points="394,2184 421,2181 449,2181 477,2181 505,2181 532,2181 560,2181 588,2181 616,2181 643,2181 671,2181 699,2181 727,2181 754,2181 782,2180 810,2178 838,2178 865,2178 893,2178 921,2178 949,2178"/>
                <TextEquiv>
                    <Unicode>Ei Mel - Ah</Unicode>
                </TextEquiv>
            </TextLine>
            <TextLine id="tr_1_tl_8" custom="readingOrder {index:7;}">
                <Coords points="387,2340 559,2371 617,2334 1115,2311 1204,2351 1577,2303 1996,2351 2122,2300 2357,2331 2523,2294 2687,2328 2690,2194 2592,2185 2139,2245 1738,2171 1655,2225 1302,2194 1064,2254 892,2185 639,2254 390,2219"/>
                <Baseline points="402,2316 516,2312 631,2310 745,2310 860,2307 975,2307 1089,2304 1204,2305 1319,2303 1433,2300 1548,2298 1663,2295 1777,2298 1892,2292 2007,2291 2121,2289 2236,2289 2351,2287 2465,2286 2580,2286 2695,2286"/>
                <TextEquiv>
                    <Unicode>Bn: De ist doch nicht so lange her - nicht wahr - (:Zu der</Unicode>
                </TextEquiv>
            </TextLine>
            <TextLine id="tr_1_tl_9" custom="readingOrder {index:8;}">
                <Coords points="376,2460 645,2498 777,2452 900,2498 1164,2437 1514,2475 1617,2440 1720,2483 1944,2423 2214,2483 2564,2426 2543,2300 2070,2377 1677,2334 1520,2371 1161,2331 918,2386 682,2354 508,2397 379,2363"/>
                <Baseline points="394,2444 502,2441 611,2438 720,2438 829,2438 938,2435 1046,2435 1155,2435 1264,2435 1373,2431 1482,2429 1590,2426 1699,2424 1808,2423 1917,2423 2026,2420 2134,2423 2243,2424 2352,2417 2461,2418 2570,2417"/>
                <TextEquiv>
                    <Unicode>herzutretenden Frau N:( Sie erinnern sich noch, gnädige</Unicode>
                </TextEquiv>
            </TextLine>
            <TextLine id="tr_1_tl_10" custom="readingOrder {index:9;}">
                <Coords points="387,2584 530,2629 743,2584 812,2627 1001,2578 1454,2601 1715,2561 1953,2569 2007,2612 2406,2555 2406,2480 2317,2472 1778,2498 1557,2449 1216,2521 946,2478 794,2529 485,2521 387,2475"/>
                <Baseline points="402,2572 502,2570 602,2570 703,2570 803,2572 904,2570 1004,2567 1105,2564 1205,2561 1306,2563 1406,2558 1506,2559 1607,2564 1707,2558 1808,2555 1908,2554 2009,2552 2109,2549 2210,2549 2310,2546 2411,2549"/>
                <TextEquiv>
                    <Unicode>Fraul Ach ja - eine so schöne, so englischeTechter!</Unicode>
                </TextEquiv>
            </TextLine>
            <TextLine id="tr_1_tl_11" custom="readingOrder {index:10;}">
                <Coords points="387,2736 720,2721 797,2773 1156,2707 1273,2750 1428,2698 1583,2750 1784,2698 1999,2759 2217,2681 2569,2701 2652,2750 2655,2584 2541,2624 2403,2575 2237,2627 2036,2595 1560,2644 1124,2601 935,2647 387,2627"/>
                <Baseline points="402,2704 514,2701 627,2701 740,2701 853,2698 966,2698 1079,2696 1191,2694 1304,2692 1417,2691 1530,2692 1643,2689 1756,2689 1869,2686 1981,2686 2094,2682 2207,2678 2320,2678 2433,2677 2546,2680 2659,2677"/>
                <TextEquiv>
                    <Unicode>L: (:zu ihr: (Ir erinnert daran, dass Fritz Petere Ida ge-</Unicode>
                </TextEquiv>
            </TextLine>
            <TextLine id="tr_1_tl_12" custom="readingOrder {index:11;}">
                <Coords points="384,2882 424,2868 462,2888 490,2862 545,2876 576,2856 731,2879 791,2847 814,2856 817,2770 708,2730 685,2747 665,2738 639,2764 582,2753 530,2770 505,2744 444,2764 387,2759"/>
                <Baseline points="402,2835 428,2833 454,2832 480,2832 507,2832 533,2832 559,2832 586,2832 612,2830 638,2829 665,2829 691,2829 717,2829 744,2829 770,2829 796,2829 823,2835"/>
                <TextEquiv>
                    <Unicode>liebt Hat.</Unicode>
                </TextEquiv>
            </TextLine>
            <TextLine id="tr_1_tl_13" custom="readingOrder {index:12;}">
                <Coords points="393,2988 1133,2965 1428,3019 1606,2954 1804,2959 1807,2859 1434,2896 393,2876"/>
                <Baseline points="408,2964 478,2961 548,2961 618,2961 688,2961 758,2960 828,2961 899,2961 969,2957 1039,2955 1109,2952 1179,2952 1249,2952 1319,2952 1390,2951 1460,2949 1530,2949 1600,2945 1670,2943 1740,2946 1811,2949"/>
                <TextEquiv>
                    <Unicode>Frau W: Ach ja; aber das ist vorbei.</Unicode>
                </TextEquiv>
            </TextLine>
            <TextLine id="tr_1_tl_14" custom="readingOrder {index:13;}">
                <Coords points="396,3091 777,3143 892,3103 1058,3134 1118,3091 1368,3128 1726,3083 1807,3117 1890,3085 2088,3123 2205,3074 2515,3103 2515,2994 2268,2942 2122,2979 1910,2956 1850,3005 1764,2965 1603,3022 1374,2999 1262,3045 946,2991 542,3042 396,3014"/>
                <Baseline points="411,3092 516,3090 622,3089 727,3086 833,3086 938,3084 1044,3086 1149,3080 1255,3082 1360,3080 1466,3080 1572,3080 1677,3080 1783,3077 1888,3074 1994,3072 2099,3072 2205,3071 2310,3068 2416,3071 2522,3074"/>
                <TextEquiv>
                    <Unicode>Bn: Wer weiset Er hat resigniert; er ist ja sehr king.</Unicode>
                </TextEquiv>
            </TextLine>
            <TextLine id="tr_1_tl_15" custom="readingOrder {index:14;}">
                <Coords points="387,3255 1181,3232 1181,3149 1095,3126 846,3169 631,3117 390,3140"/>
                <Baseline points="405,3223 444,3220 483,3220 522,3220 562,3220 601,3220 640,3218 679,3217 719,3216 758,3214 797,3214 836,3214 876,3214 915,3214 954,3214 993,3212 1033,3212 1072,3214 1111,3214 1150,3214 1190,3217"/>
                <TextEquiv>
                    <Unicode>I: Er ist sehr Klug.</Unicode>
                </TextEquiv>
            </TextLine>
            <TextLine id="tr_1_tl_16" custom="readingOrder {index:15;}">
                <Coords points="384,3427 645,3361 794,3387 969,3349 1187,3407 1778,3338 2085,3378 2222,3332 2486,3361 2661,3338 2664,3255 2386,3280 2262,3229 2013,3280 1698,3212 1382,3269 1098,3246 728,3289 387,3252"/>
                <Baseline points="399,3352 512,3349 625,3349 738,3349 852,3344 965,3346 1078,3346 1192,3340 1305,3340 1418,3340 1532,3337 1645,3340 1758,3338 1871,3334 1985,3334 2098,3333 2211,3328 2325,3328 2438,3328 2551,3325 2665,3325"/>
                <TextEquiv>
                    <Unicode>En: Ihr Fräulein Tochter liebte ja den Jonöf Heller - und</Unicode>
                </TextEquiv>
            </TextLine>
            <TextLine id="tr_1_tl_17" custom="readingOrder {index:16;}">
                <Coords points="2262,3498 2280,3498 2317,3530 2360,3527 2380,3541 2426,3510 2492,3518 2492,3381 2463,3389 2435,3375 2389,3392 2366,3375 2348,3389 2294,3364 2283,3375 2262,3366"/>
                <Baseline points="2277,3459 2304,3457 2332,3457 2359,3459 2387,3457 2415,3456 2442,3456 2470,3456 2498,3456"/>
                <TextEquiv>
                    <Unicode>128.</Unicode>
                </TextEquiv>
            </TextLine>
            <TextLine id="tr_1_tl_18" custom="readingOrder {index:17;}">
                <Coords points="384,3484 645,3521 989,3493 1090,3538 1224,3487 1385,3490 1385,3384 384,3427"/>
                <Baseline points="399,3480 448,3478 498,3477 548,3480 597,3479 647,3478 697,3479 746,3477 796,3477 846,3477 896,3474 945,3474 995,3471 1045,3471 1094,3471 1144,3471 1194,3471 1243,3469 1293,3468 1343,3468 1393,3471"/>
                <TextEquiv>
                    <Unicode>nun ist Josef Heller tot.</Unicode>
                </TextEquiv>
            </TextLine>
            <TextLine id="tr_1_tl_19" custom="readingOrder {index:18;}">
                <Coords points="387,3650 1161,3607 1465,3653 1775,3599 2010,3647 2592,3613 2592,3524 2437,3510 2343,3547 1964,3510 1735,3547 1643,3510 743,3559 387,3487"/>
                <Baseline points="402,3611 511,3611 621,3608 731,3608 840,3608 950,3607 1060,3608 1169,3605 1279,3602 1389,3599 1499,3596 1608,3596 1718,3596 1828,3593 1937,3596 2047,3594 2157,3593 2266,3598 2376,3593 2486,3590 2596,3587"/>
                <TextEquiv>
                    <Unicode>Ie roi est mort, vive le reil Antschuldigen Sie, gnädige</Unicode>
                </TextEquiv>
            </TextLine>
            <TextLine id="tr_1_tl_20" custom="readingOrder {index:19;}">
                <Coords points="387,3779 430,3779 444,3768 465,3776 490,3768 499,3776 522,3765 553,3782 576,3779 579,3688 559,3688 545,3673 522,3673 467,3642 390,3665"/>
                <Baseline points="405,3746 430,3744 456,3743 482,3743 507,3743 533,3743 559,3743 585,3743"/>
                <TextEquiv>
                    <Unicode>Pra</Unicode>
                </TextEquiv>
            </TextLine>
            <TextLine id="tr_1_tl_21" custom="readingOrder {index:20;}">
                <Coords points="404,3894 918,3928 1319,3877 1402,3917 1477,3865 1832,3934 2036,3854 2214,3894 2586,3868 2586,3774 2394,3739 2128,3791 1993,3754 1895,3802 1792,3774 1445,3814 1187,3748 941,3825 843,3756 596,3820 404,3797"/>
                <Baseline points="420,3871 528,3868 637,3871 745,3871 854,3868 963,3865 1071,3862 1180,3865 1289,3865 1397,3862 1506,3860 1615,3859 1723,3859 1832,3859 1941,3853 2049,3850 2158,3852 2267,3850 2375,3850 2484,3850 2593,3850"/>
                <TextEquiv>
                    <Unicode>Frau N: Ieh kenne Ihre Art und Weise; Sie brauchen sich</Unicode>
                </TextEquiv>
            </TextLine>
            <TextEquiv>
                <Unicode></Unicode>
            </TextEquiv>
        </TextRegion>
    </Page>
</PcGts>
