3080 4280
699 1228 2145 1438 Und in der Fülke wolgenährten Leibee,
693 1395 2392 1559 seh ich Frau Kunz an euch vorübertrippeln.
677 1516 2223 1690 Ich selber- hm, das ist ine böse Sache.
672 1661 2287 1841 Die gute Frau vermag mich kaim zu leiden,
685 1793 2427 1967 Und denkt sich bei der trüben Kien, mit der
677 1943 2196 2088 teh oben durch die Für, zu treten wage,
677 2048 1513 2209 Noch mehr als wanr's.
1779 2112 1983 2231 nir
548 2158 916 2276 Heinrich:
1475 2209 2577 2346 Hast du uns schen verziehnt
546 2314 2709 2475 Sebaldue: deh', Heinrich, kränk mich nicht! Soll ich
2459 2419 2868 2556 air zürner
656 2475 2309 2634 Weil dich ein Mädchen herzlich liebgewann,
658 2602 2386 2798 Un das ich selbst vorgeblich mich beworben.
532 2730 2118 2889 Heinrich: Sebaldue! - Herzlich lieb-!
540 2876 906 3021 Sobaldue:
2072 2857 2588 3058 Me, Tränent
527 3005 890 3123 Heinrich:
2507 3040 2776 3187 Lieb-
645 3128 2384 3303 Damale- ja, ja, obwol mir nichte gewies ist:
642 3271 1787 3421 In diesem würten Augenblick.
516 3376 1295 3531 Sebaldus:It Vorbeil
519 3537 895 3703 Rotprich:
1134 3523 2661 3687 Ich muss weit fort von hier,- hilf mir,
626 3668 2080 3819 Sebaldue, unerträglich ist das Leben!
511 3789 1698 3959 sobaldue: Und eure Lieb-1.
