2840 3432
791 298 941 466 gend.
1381 301 2146 463 Begonnen 3.4.1881.
1092 437 1549 555 Erster Akt.
977 570 1585 696 Zimmer Alfreds.
313 785 2680 1003 Akred. Epprian. (AE,ed scheint eben ein Mamiscript zu En
457 983 2671 1119 de gelesen zu haben, und lässt es gemächlich sinken, sieht
457 1104 1213 1231 cyprian fragend an)
339 1240 1021 1372 AlFred: Nun. ..2
342 1290 2146 1490 Opprim: Schlecht. .1 Ausgespwchen schlecht.
348 1496 2470 1623 Al fred: Hm...s0« ( das Manuscript nervös zerknitternd
331 1653 2606 1771 ciprian: Weiss Gott - es geht ein Zug durch das Ganze, der
431 1783 1024 1895 mir missfällt.
333 1865 2075 2084 Alfred. Behagen. dir meine Tendenzen nicht 2
328 2072 2520 2149 ciprian: Die Tendenzen - die Personen – und die Scenen-
428 2181 2240 2364 führungf, mit einem Worte: es ist misslungen.
322 2329 1269 2414 Alfred: Findest du...
319 2441 2603 2591 cyprian: Du hast bessere Sachen geschrieben,viel besserel,
325 2591 1178 2709 Alf red: Fricer...
331 2727 1818 2869 cyprian: Jawol, früher, als du noch...
319 2845 1358 2978 Alfred: Als ich noch. ..2
310 2948 2647 3161 csprian: M. bah. .(steht auf) das ist keine Poesie, was die
419 3128 1068 3264 mir hier bietest
