3128 4376
2582 1168 2728 1285 23.
1511 1405 2822 1551 Eilf.-Es scheint ich hab- heut“
575 1440 1022 1543 Friederich:
1093 1431 1471 1600 wirkt:1
690 1563 1503 1692 menr Glück als inr.-
575 1652 773 1738 22.X.
578 1649 2825 1801 Uedardes: Heut'? Sagt doch. immer. Wird mici ein Mädchen
690 1798 2820 1961 wie Elisabeth, so schön, so unschuldig, auch nur eines
673 1921 1371 2081 Blickes würdigen?
1042 2024 2811 2187 (:gesenmeichelt: Jächelnd:) Acn - nun- aber-
572 2052 1013 2196 Friederich:
993 2216 2737 2347 on, Friederich, siebén, schon wieder dieses
572 2230 936 2330 Medardes:
681 2307 2410 2453 verdammte sieben!- Mein Ruf, mein übler Rufi
564 2422 2737 2628 Friederich: Auffeunt Alferdings sagt man euch nach, dass
681 2576 2871 2734 ihr den Frauen und nicht immer den Edelsten manche schä-
684 2682 2842 2897 stunde, manchen Tag, mancne Nacht eures Lebens gewidmet
667 2831 885 2971 habt.
561 2923 2857 3132 Wedardes: Ich war - zehni- ob ihr jetzt auch mehr worfen-
676 3069 2737 3229 :werdet; ich war einmal ziemlichihacheluh- ich von
667 3226 965 3381 s08ar-
567 3318 1755 3487 Friederich: Zwölf! - Karaha-
567 3475 2777 3647 Medardes: Ich spiel gar nicht weiter.- Ich werde über-
670 3601 2848 3819 haupt das Spiel aufgeben. Auch die Weiber. Alles. Ich
681 3738 1511 3904 werde alles aufgeben.
561 3839 2138 4050 friederien: Weshalb diese Misstimmung1
