3032 4232
743 1347 1798 1566 (:sicht ihm zärtlich nach:)
891 1540 2295 1642 Er war doch immer ein schöner Mann-
896 1639 2289 1781 soweit ich mich eben erinnern kann.
848 1798 1875 1940 (:Jeurna ist; eilt herein:
516 1775 800 1923 Arbois:
899 1883 2771 2048 Nun, Frau, nun, mun, was giebt's, wie steht eol
891 2014 2513 2181 Aeh, Herr, nicht eben besonders geht ge-
528 2056 740 2195 min:
899 2181 2104 2314 Und man erwartet jede Stunde-
542 2255 752 2360 dctan
1812 2272 2706 2402 diess kunde - (:stürzt
913 2309 1597 2439 genug, ich brauch
525 2331 732 2451 min:
553 2388 2828 2589 ab. An der Türe begegnet ihm Mithrion mit ungefähr zwanzig
522 2541 820 2717 Leuton:
916 2660 2419 2822 Ich litte Sie sehr, verehrter Kollege,
519 2709 814 2839 Duboie:
919 2805 2354 2938 Genn Sie ein wenig mir aus dem Wege.
927 2950 2468 3089 Sie bringen ja gleich ein ganzes Heer-
913 3060 2587 3250 Nach dem Letzten kommt sicher keiner mehr.
530 3100 740 3233 Tith:
930 3191 2241 3355 - Auten Tag, beste der Hebamen-
933 3330 2181 3457 Wir kommen heute alle zusammen,
922 3446 2618 3608 Und zwar werd ich stets allhier verweilen,
925 3585 2380 3747 Indessen die andern von dannen eilen
927 3724 2589 3869 Mit dem, was ich allmälig diktieren werde;
899 3837 2224 4042 Denn ich versorge die halbe Erde
