2984 4424
2509 1181 2649 1354 52.
529 1462 2512 1633 in denen jener Jünger der Wiesenschaft (:das Voil
535 1596 2723 1761 lacht:), jener Jünger der Wiegenschaft sein frommes Work
546 1716 2669 1898 vollführt, (:neues Lachen:) für diese Städte, würdi-
541 1849 2595 2017 ger Freund, bet ich jeden Abend, auf dass der Himmel
543 1980 2683 2162 ihnen verzeihe Läesigkeit und Schweigen. Die Mäte aber
572 2128 2643 2316 (isteht auf Willibald:), die Räte, die da, (:das Voll
555 2242 2669 2424 weist auf Willtbald und wurvolt:) (:Varleostomue lloet
549 2376 2683 2526 nicht mehr aus dem Brief:) ja wol, die Räte, die Ver-
560 2492 2686 2686 führer des Volke, sie sind die Dieberhehler und Mitge-
563 2617 2689 2811 nossen gehändlichen Verbrechene (:mit erhebener Stin-
566 2762 2723 2950 no:1, oto sind Loichensehänder, (iuagonola grosve dene-
560 2902 1206 3058 tung im Volle:).
452 2987 2740 3206 Einige zum Bäcker: Weh' ouch, wenn ihr ihm Brot schiekt.
615 3149 2646 3297 Andere um den Rat herum machen drehende Geberden.:)
717 3295 2469 3457 Werte Herrenl geliebte Freundel Edle Bürgerl
518 3326 649 3437 et:
697 3408 2543 3585 ent ihr mich doch alle ale einen einfachen Mann,
586 3531 2689 3733 der Sonntage stete in die Kirehe geht und regelmäeslg
578 3681 1667 3855 beichtet und Gott fürchtet.
859 3792 2726 3992 was habt ihr früher gesprochen von einem neuen
629 3992 760 4128 ra8.
