3064 4152
519 1231 2714 1429 N. 2u, die ihm ein zeichen giebt, auf die ganz versunken
516 1370 2723 1537 dasitzende Ida weist und ihn den auf den Fioch liegenden
511 1498 2754 1676 Abschiedsbrief Hellere zu lesen giebt. Kaun dass er damit
499 1625 2686 1824 zu Ende ist, sieht er mit dem Misdrek tiefer Teilnahme
508 1744 2745 1943 auf Ida. Diese blickt auf, sieht ihn; er drückt ihr leine
516 1923 896 2068 dis Hand:
519 2005 2794 2192 7. Auftritt. Frau Millner konnt. Alfred L. begrüsst sie herz
2329 2164 2607 2309 3017.
511 2161 2246 2337 lich und teilnehmend. - Ida und Friederike.
513 2260 1747 2465 Ida: 0, wie glücklich ihr seidl
508 2391 2411 2584 Laufer: Das ist ein harter Schlag, gnadige Frau.
511 2538 2536 2709 Frau N: Wenn ihn meine Ida nur zu verwinden vormag.
511 2638 2734 2839 I: Die Zeit heilt alle Wunden; es wird schon gut werden.
513 2802 2717 2978 Fr: Ich kahn nicht gleich mit dir heimgehen, Alfred; ich
513 2964 1367 3103 miss bei Ida bleiben.
508 3046 2442 3239 I: schat eine Bewegung der Vöberraschung gemacht:
508 3213 1288 3364 Fr: Was hast du -1
508 3293 2692 3508 I: Frau Millner, mir ist eben eingefalfen, dass ich vor
499 3463 2218 3633 zwei stinuten dem Fritz Petere begegnet bin.
499 3537 2780 3764 Ida: seinem Freund -k sprachen Sie ihnt Was hat er ihnen
513 3738 857 3908 orzäntt1
