2856 3272
285 245 1770 461 Erine Jullus. Eine Paschingstragödte.
2217 282 2551 461 228.80.
291 406 2571 576 s:König - sonnsthal. Prinz - Hartmann.(Aemberlin dirardi.
285 533 1681 705 Arbertostube des Königs. Dämnerung.
291 656 1100 818 könig Konrad allein.
288 795 2551 982 könig: (:steht von seinem Schreibtiach auf:) Ich will ee-
285 913 2597 1103 jetzt sein lassen; ich bin zu müde heute. Und dann weilt„
282 1051 2519 1244 mein beist nicht, wo meine Augen weilen.- Ob er sich wol
279 1177 2496 1370 schon entschlossen hatl sie soll schön sein, sehr schön.
273 1295 2525 1474 und Milleman schen dieger Verbindung mit Aufregung ent-
271 1451 2574 1603 gegen - die Zukunft von völkern hängt daran. Wie das Glück
262 1557 2522 1742 Inzähliger dem Reiz eines Augenblicke unterworfen ist--
271 1693 2536 1888 Dem Reiz eines Augenhlickält Als ob wir auf den Höhen der
256 1822 2496 2004 Menschheit solchen Reizen gehorchen dürften. Du durftest
271 1952 2505 2127 es, mein sohn, als du noch fern warst dem erhabenen Ziel,
265 2093 2456 2257 das zu erreichen uns beiden so leicht ward. Jawol, sehr-
253 2214 2211 2363 leicht, denn es migstd immer nur einer sterben.-
253 2355 2312 2502 Laumerdiener: (tritt heresn:) Graf von Wellenburg.
1969 2458 2617 2600 Erlauben, Wasestih
245 2476 2559 2695 Winister v. Hellentulf (:in grosser Wile:)
236 2608 2516 2790 mir als Ersten die ergebensten Glückwünsche darzubringen.
253 2743 2047 2951 eine Depeschs von Sritoheit, den Kronprinzen.
233 2876 2522 3069 König: (:war den Minister rasch entgegengsgangen:) raure
