3064 4312
494 1305 2733 1559 drum ist sis so rasch davongelaufen. Das ist inmer so bei
491 1463 2704 1657 den Mädchen.- Ach, wenn ich die Mädchen so innig geliebt
488 1625 1758 1769 nätte, als ich sie geneu kenne-
496 1720 2719 1914 Anselm: So - hätten Sie sie wahrscheinlich weniger genau-
496 1908 849 2043 gekannt.
508 1997 1535 2159 Winter: Das mag wahr sein!
531 2119 2702 2271 (:Die Drei sind heiterer geworden, aufgeweckter, lebhaf-
514 2280 1746 2413 ter; sie trinken ziemlich viel:
496 2370 2817 2551 Winter: Es ist merkwürdig, meine Herren, keine meiner Lieb
511 2523 2678 2704 schaften endete mit der Untreue irgend einer Geliebten,
508 2661 1911 2846 sondern jede auf die gleiche Weise.
505 2823 719 2924 Lux:
837 2860 1215 3002 wis denn?
514 2950 805 3071 Anselm:
520 2996 2840 3204 Winter: Ganz einfach - ich hörte auf zu lieben. O, was habe
528 3178 2803 3334 ich mit mir selber ausgestanden! Benno, sagte ich, frisch-
525 3273 2733 3464 auf, wendger schläfrig, lustig, sie liebt dich, Bewiel.-
522 3400 2710 3547 Half nichts - die Litbe starb - ich mochte mir Vorwirfe
525 3507 2820 3715 machen, soviel ich wollte. Entweder ich sah meine Geliebte
531 3663 2817 3824 okt, damn wurde mir die Gewohnheit langweilig und monoton.
531 3787 2716 4023 oder ich sah sie selten, dann vergäss ich sie. Aber die
