3160 4200
2465 865 2609 1064 18.
641 1052 2706 1271 ten Frauen lieber sind als diese anständigen Dauen
632 1137 2791 1421 hier - jens wilen mich für einesNacht.. die da wol-
632 1339 2167 1543 den mich gleich fürts ganze Leben...
536 1458 2468 1665 Afred: Lasset uns die Bescheidenheit belohnen..
545 1622 1727 1815 Fritz: Du gehst heute mit..
533 1699 2816 1971 Auge: Dasabarrnur von wegen des Navellenstoffes... denke
667 1892 2402 2053 dir Alfred.. dieser Mensch dichtet noch.
550 1997 2360 2249 Afred: Wirklich...7Du dichtest! ---21
675 2127 2272 2346 Ich habe aucheinmel Verse geschrieben.
564 2224 2604 2510 Augs: Aber das ist schon lage her.. .sehr lage.-
