3032 4152
2033 1256 2727 1399 n. Men ja - er ist
528 1276 1115 1454 lange. Sie we
1847 1388 2647 1540 ich offen sein soll
1477 1402 1712 1546 und w.
407 1425 1090 1597 fot - er sprachv
2108 1505 2681 1675 würde. Sie wei-
1379 1517 1741 1660 nicht mehr
407 1551 1130 1695 im Bewuestsein, da
1944 1640 2710 1815 aich ich glaube, dass
404 1672 1789 1838 nen für den Josef früüerer Tage; de
410 1778 1729 1956 Sie ihn nicht mehr geliebt haben.
419 1933 1772 2088 Ida: Her sagt dasf O dott, o Gottl
416 2007 2555 2234 F: Sie sind noch so jung, Ida, so lebensfriech, so ge
427 2165 2675 2354 schaffen für Glück und Gener. Er war eo nicht. Sein Sinn
427 2285 2733 2457 war auf Fragen tiefer Art gerichtet, und sein Geist wandel-
433 2414 2698 2601 te auf Wegen, auf die Ihre liebenswürdige Natur ihm nicht
433 2529 2687 2721 folgen durfte. Mit ihm ist einer gestorben, der nie hätte
436 2690 2675 2896 glücklich ssin können. Er wird von vialen seines schlage.
436 2813 2291 3008 dig weniger entschlossen sind, beneidet werden.
433 2954 1915 3120 Ida: 0, ein entsetzlicher Antschlusel
444 3037 2641 3269 P: troohnen Sie Ihre Tränen, Idal Blicken sie hinaus in
450 3192 2632 3369 heit, die vor Ihnen liegt in Tauglanze der jungen Morgen
453 3349 2578 3513 rote. Er hätts sie hingeführt, wo nicht gut weilen ist
456 3458 2718 3636 sis wären erschrocken vor ihn - sie hätten ihn vielleicht
462 3599 2678 3774 berundern, nicht aber lieben können. Die freundlich brei-
453 3713 2678 3923 tet sich nun alles vor Ihren lugen aus. Ein trüber schat
