3048 4344
558 1330 1664 1520 kohl möglich. - Also adien.
910 1477 2004 1592 (:Allgemeine Verabschiedung.
420 1578 1462 1719 III.Auftritt. Winter. Iux.
2338 1641 2551 1750 31/3.
449 1687 2735 1851 Lux: (:wendet sich eben zum Gehen, lässt aber ein Buch aus
463 1851 1189 1978 der Täsche fallen:
446 1989 2706 2173 Winter: Herr Iux - Sie haben ein Buch fallen lassen. Hier
449 2136 820 2251 liegt es.
443 2228 1480 2410 Tux: Ich danke Ihnen sehr.
443 2352 2755 2507 W: Entschuldigen Sie - habe ich auf dem Rücken recht gele-
478 2542 2225 2643 sen - Schopenhauer - Sie lesen Schopenhauerl
438 2634 2738 2801 L: In der letzten Zeit beschäftige ich mich allerdings mit
438 2769 1212 2902 diesem Philosophen.
432 2859 1983 3000 W: Ich hätte wahrhäftig - ich glaubte-
432 3031 2738 3141 L: Ich bin nur Tanzle hrer, meinen Sie. Aber auch wirTanz-
469 3184 2671 3296 lehrer haben freie Stunden; frei in Bezug auf unser All-
440 3285 2536 3417 tagsgeschäft, frei in Bezug auf unsere Ideen, unseren-
429 3388 2666 3549 Geist. Leider bin ich erst: spät zu dieser Einsicht gekom
417 3564 593 3665 men.
423 3619 2695 3832 W: Ich habe einige Tanzmeister gekannt, Herr Lux, mise Ih-
415 3811 2637 3953 nen aber mit aufrichtiger Freude gestehen, dase Sie sich
409 3955 2562 4096 vorteilhaft von diesen unterscheiden. Einer war vorher
