3096 4232
520 1388 1461 1545 Hohentwiel: Mein Herr-
531 1524 2753 1693 Borr: Drchlaucht kennen mich nicht - ich werde mir also
531 1655 2808 1855 erlauben, mich vorzustellen. Mein Iame ist Borromäns Mian-
531 1806 865 1948 berlin-
517 1911 2735 2091 Höhentw: Ganz recht, Herr Miemberlin-- jedoch - jedoch-
517 2033 2741 2230 Borr: Drchlaucht kinden es söltsam, einem ganz simplen,
520 2172 2811 2367 ganz und gar bürgerlichen indivi duum in den Gemächern bei-
514 2303 1527 2465 ner Majsstät zu begegnen.
508 2425 2796 2596 Hoh: sehr werter Herr, ich mier gestehn, dass ich noch nie
523 2561 2770 2732 das Vergnügen hatte, Ihren Nanen zu vernehmen - und - und
514 2700 2770 2881 sagen Sie doch um Himmelswillen, wie kommen Sie hier her
520 2840 679 2988 eint
514 2939 2651 3130 Borr: Ei, sehr einfach, Drchlaicht. Im ganzen Schloss
505 3081 2825 3252 herrecht Verwirrung, Unordnung; die Tore und füren sind ge-
508 3212 2791 3380 öffnet - kein lensch hält mich auf - ich nahme direkt mei-
502 3319 2750 3519 nen Weg hierher, wo ich Eure Durchlaucht zu finden denke.
505 3476 1635 3630 Was ist daran verwunderlicht
488 3583 2822 3781 Hoh: sehr werter Herr Memberlin, das ist bis hierher alle
497 3743 2671 3920 recüt schön und zum Teil auch erklärlich - wan aber --
508 3856 2674 4054 Borr: 8s. Hoheit der Kronprinz hat sich verlobt. Was die
