2984 4376
2575 1224 2722 1398 58.
466 1466 2567 1635 Medärdes:“ Glaubt ihr etwa, ich sei nicht mehr fähig
584 1608 2638 1759 mich zu begeister -1 Meint ihr - mein Herz sei ver-
584 1724 2646 1901 ödet und meinem jungen Leben nahe ein früher Herbetl
584 1866 2604 2024 Nein, Justine, ich bin noch völlig. Frühling - ja eo
590 1990 2706 2172 ganz Lenz und Lenzesfrische, dase ich nich fähig füh-
598 2111 2640 2288 le, neuen Atem, neue Freude über halberstorbene Ge-
592 2235 2672 2440 filde wie warme Sonnenstrahlen hinfliessen zu lassen.
624 2372 1632 2582 :Er etiunt die Oultäre:
1490 2519 1793 2659 :Singt:
