2824 3400
1918 508 2225 693 Nov. 80.
203 566 632 751 Bin Dämon.
383 685 2347 888 Elebesidylle zwischen Helene und Rudolf. Füchtig
215 844 2231 1015 lässt sich Melanie erblicken, die zum Thdater geht.
403 963 2440 1137 Ein oder zwei Jahre später. Helene abende allein zu
258 1085 2507 1265 Hause. Unbefriedigt. Melante giebt. Ihr leichteinnige Rat-
226 1213 2431 1413 schläge, und es lägst sich ahnen, dass sie nicht auf un-
264 1346 2475 1529 fruchtbaren Boden fallen. Es ist viel von einem hübschen
235 1471 2550 1703 jungen Mann, Alfred, die Rede, der eben eintritt, ald Mela-
218 1622 1204 1802 nie das Zimmer verlässt.
412 1726 2417 1918 Helene erwartet ihren Aemal, Rudolf, der von einem
226 1877 2446 2051 Duell mit Alfred nach Hause kommen soll. Melanie rät ihr
270 2028 1279 2161 kaltblütig zu entfliehen.
432 2124 2614 2327 Rudolf kommt. Er wird Helene verlassen. Zagend erwartet
229 2248 2367 2437 AXXX Helene die Nachricht von Alfreds Tod. Er lebt.
426 2388 2559 2562 Helene kommt von einer durchschwärmten Nacht nach Hau-
247 2527 2573 2701 se. Man sieht, was aus ihr geworden ist. Ihr datte ist auch
279 2666 2507 2835 liederlich geworden und stürzt sich in einen Strudel von
281 2788 2457 2962 Gemissen. Er hat eine Maitresse. Der Geliebte Helenene,
276 2910 2495 3096 Alfred, hat sich verlobt. Melanie erscheint; sie ist Al-
247 3049 2466 3235 frede Braut und die Geliebte Rudolfe. Helene und Welante
