3112 4136
826 1204 2833 1380 Paul hinten am kamin; Der Philosoph ist überflüssig
624 1357 2909 1529 und die Maulwürfe haben ja ganf Recht von ihrem ständpunkt
627 1474 812 1638 aus.
618 1579 1735 1776 II.Ant. Streik in der Fährik
615 1717 2971 1916 Albort, verzweifelt, sucht vergebene zu ordnen. Die Arbeite
633 1861 2866 2051 die er aufnahm, angesteckt von den soziatistischen Ideen
612 1987 1272 2148 der Streikenden.
607 2104 2778 2309 Alice langweilt sich, wiliner ist viel weiter gekommen.
653 2241 2898 2417 "Ach, dieser Willner hat so viel Geist! Die Freiheit sei-
607 2373 2951 2567 nes Lebens hat ihm so viel Freiheit der Manieren, der Beweg-
645 2523 2933 2663 ung, der Gedanken gegeben. Und er hat Recht: es ist so lä-
650 2634 2939 2807 cherlich, sich durch die Uhs gebunden zu glauben. In offet,
630 2772 2883 2951 je l’aime, et c’est assez pour mol et pour lui. Du moine
598 2892 2602 3091 Et je ne connais pas d’autre, hommes Mein Mannt..."
615 3015 2382 3211 Albert ist wieder hinausgefahren zur Fabrik:
580 3161 1532 3331 Wiliner u.Aliee allein.
589 3255 2892 3466 Millner: Sie ist herzlos und ich bin ein Schuft. Ja, wenn
621 3405 2866 3583 sie mich noch liebte! Aber nein, sie ist herzlos aus Ner-
630 3557 967 3692 vosität.
583 3698 1846 3841 Alberts Fabrik steht in Mammen.
