3064 4152
502 1218 2044 1447 dan nört auf der Treppe eine Begrüssung!
667 1383 1682 1531 auten Abend, Horr Petere.
682 1491 1676 1668 auten abend, Herr Patofel
478 1580 2813 1795 Peters: (imit verstellt fester Stimme:) auten Abendl Nohin
493 1754 1380 1923 eo spät, meine Herrend
487 1885 2074 2039 Baron, Wäuslein: Ein bisschen anüvieren!
496 2018 1340 2169 F: aute Unterhaltungt
496 2120 2761 2303 4. Auftritt. -Petoro tritt auf; er öffnet das Fenster und
502 2268 1960 2424 sieht schweigend hinaus. - Er lacht:)
1009 2416 1908 2572 vormanaiung
2366 2497 2601 2654 1617.
499 2529 1491 2703 Zimmer bei Frau Mälner.
510 2630 2761 2828 s. Auftritt. Friederike kommt herein und sieht sich un. Da
508 2767 2830 2949 niemand in dem 21 mer ist, geht sie zu einer Füre und öff-
516 2923 2784 3071 net eie. Während sin dieselbe wieder schlieget, kommt von
516 3030 2694 3219 der entgegengesetzten Seite Frau Killner gamz verstört.
522 3155 2801 3367 Friederike: (:geht auf sie zu, benerkt ihr sonderbares Be-
519 3283 2775 3466 nehmen, lässt ganz erschreckt ihre kaun gefasste Hand loe
516 3454 1798 3610 und fragt:/ Was haben sie dennt
528 3564 2233 3732 Frau W: Ach, Ilebes Kind, mein Liebes Kindl
531 3715 1812 3889 Fr: Un Gottesrellen, wo ist Idat
