3048 4408
592 1414 2644 1605 hm den aus den Tisch liegenden Abschiedsbrief Hein-
578 1570 2673 1718 richs zu lesen gi bt. gaum dass er damit. zu Ende ist,
583 1701 2769 1837 sieht er mit dem Ausdrucke tiefer Teilnaume auf Justine.
583 1820 2644 1942 Diese blickt auf, sieht ihn; er drickt ihr leise die
586 1948 2633 2090 Hand. Frau Kunz kommt. Friederich begrüsst sie herz-
1181 2058 1324 2136 an
578 2110 1419 2226 lich und teilnehmend:
946 2183 1280 2264 e
1579 2206 2592 2368 o wie inr glücklich seid!
473 2241 1469 2368 Justine: (: zu Elisabeth:
1013 2345 2473 2482 Das ist ein harter Schlag, Frau Kunz.
476 2389 906 2482 Friederich:
984 2470 2618 2647 o wenn meine Justin' ihn nur zu verwinden.
479 2499 877 2615 Frau Kunz:
586 2650 879 2746 vermag.
476 2714 2714 2871 Friederich: Die Zeit heilt alle Wunden,- und wir mögen
592 2824 2830 3013 noch so tief empfinden, stets ist das Unglück früner ver„
592 3019 1469 3141 gessen, als das Glück!
470 3082 2807 3294 Elisabeth: Ich geh' jetzt nicht heim mit dir, Friederich
601 3283 1515 3379 ich bl«ib' bei Justine.
1010 3387 2470 3558 (inacht eine Bowegung des Protaunons.
493 3425 946 3521 Friederich:
987 3535 1501 3651 Was ist dirz
482 3553 894 3701 Elisabetn:
2490 3617 2664 3779 Frinn
998 3634 2334 3834 Michto, nichts, - nur eine Flüchts
496 3680 949 3799 Friederich:
612 3811 787 3915 ung.
932 3918 2212 4095 Woran, Friederien, - 2 Ihr seht
491 3918 900 4049 Frau Kunz:
615 4110 868 4217 drein.
