2824 3368
1704 450 2413 600 1883. XxXXX
273 489 669 669 Sobaldus.
486 646 1169 808 I.Akt ausgeführt.
492 780 1195 933 II. Akt ausgeführt.
486 910 2575 1084 Platz in Göttingen. Stimmen gegen den Anatomen, Pater
293 1047 2580 1215 Chrysostomus. Die Leiche des Gerichteten wurde ins Schloss
330 1149 2048 1331 getragen. Man verweigert Albrecht, das Brot.
469 1275 2529 1457 Chryserklärt, dass Sebaldus offenbar die Leiche des
321 1420 1531 1582 Heinrich für Abrecht brauche.
486 1551 1943 1713 willibäld als lächerlicher Aufklärer.
489 1716 1400 1832 III.Akt. Bei Frau. Kunz.
495 1792 2575 1955 Justine, Medardus. Sie beginnt, sich ihm zuzuneigen.
486 1949 2432 2091 Willibald, Medardus. Willib.flüstert ihm zu, man
284 2108 1989 2259 glaube, Heinrichs Leiche läge bei Albrecht.
489 2222 2506 2398 -Albrecht bei der Leiche, er erhält kein Brot. Die
282 2356 1132 2489 Leute stürzen herauf.
475 2447 2538 2629 chrys- und Albrecht. Grosse Szene. Hintergrund. "Eher
279 2592 2509 2811 könnt ich glauben, dass ich den Sobaldus gemöfdert, als
290 2723 1195 2896 Sebaldus den Heinrich.
469 2848 2102 3010 IV. Akt. Hochzeit Friedrich und Mlisabeth.
475 2967 2498 3184 Modardus, Justine allein. Sinnlichkeit. Theorie des
