3032 4232
2479 1005 2646 1138 8o
532 1196 2640 1349 in deine Arme, in grenzenloser heisper Umarmung drücke
2195 1303 2606 1401 einghnt
514 1363 2606 1505 mich an deine pochende, Brust, lass mich mit Intzucken
532 1450 2516 1626 Jodes Rausch des Blütes in deinem weit verzweigten
514 1606 2513 1751 Geäder, an deinem Herzen, lass mich ruhen im Mittel-
491 1725 2672 1915 punkt des beins, seinem unaufhörlichen betriebe zu lau-
508 1869 1057 1959 schen ----
309 1985 1427 2123 Hugo: Und heute abends - --
312 2097 2635 2262 Alfred: Ist's denn noch nicht zeitl lass uns keine Sokun-
508 2227 2427 2401 de x diesen kostbaren Daseins verlieren.
511 2372 2580 2548 Ist es nicht kostbarl Ist es nicht schön, Augol Sage
517 2487 1909 2661 mir doch, dass es schön ist, Auge.
667 2623 2721 2785 ja, es ist recht nett, - aber ich will mir doch noch
523 2759 1395 2909 eine Cigarette drehen.
508 2834 2710 3036 d: Wir wollen ein bischen in's Frede nich hättnichts in
624 3010 2744 3178 mer, aber von nun an wollen wir den heutigentag älsi.
503 3152 1502 3299 meinen Geburtstag feiern.
295 3253 462 3371 Hg
416 3259 2502 3426 30: Ioh hätte nie gedacht, dass es möglich ist, so jung
491 3400 2288 3556 zu sein;(ihm nach) ja richtig, und der Brief.
292 3530 1300 3700 Alfred: Lass ihn liegen.
1092 3634 1970 3830 (Dio Soone rochsol1.
