3112 4136
530 1154 2739 1374 alies: Wer das langwellt mich eigentlich. Ich weies se-
524 1300 2822 1505 ja, diese Leute wollen essen und trinken. Oder besser: sie
533 1454 2727 1630 wollen mehr essen und mehr trinken. Was geht das Sie an,
539 1576 2819 1756 mein Herr Gemalf Und wie lächerlich ist doch ein Mann, der
579 1704 2776 1898 nervös wird. Das wird der draussen anfangen in der Fab-
587 1861 1693 2009 rik, was wird er ausrichtent
