3064 4216
2416 943 2565 1111 15.
483 1123 2651 1340 comitsmitglied: Dass ich Ihnen Herm Salzer vorstelle.
503 1282 1859 1454 Karl: Darf ich um die Tour bitten.
503 1434 2699 1585 Hugo: So jetzt tanzen sie miteinander und glauben allen
608 1565 2825 1754 Ernstes, dass sie sich kennen.. O Satyspiel der conveni-
606 1685 1971 1877 enz (zu Fritz) Ein Novellenstoff-
497 1814 2722 2005 Fritz: "Er nahm die ihm unbekannte Dame um die Taälle..
491 1968 1391 2119 Hugo: Wer denn ..2.
497 2099 1440 2271 Fritz: Nun mein Held..
486 2234 2685 2394 Hügo: Und wenn ihm das während eines Diners eingefallen
614 2388 2799 2536 wäre. , gesetzt sogär, dass er die Dame schon zehn Jähre
600 2511 1320 2651 gekannt hätte...
494 2631 2308 2793 Fritz: Sie hätte, ihm eine Ohrfeige gegeben..
491 2771 2488 2919 Hugo: Schon wieder ein Novellenstoff. . nicht..2
497 2902 2793 3048 Fritz: " Sie stand auf; das Antlitz zorngerötet. . mit fun-
597 3033 2808 3193 kensprühenden Augen. . und sprachlos vor Entsetzen rief
606 3179 1520 3348 sie aus. .. (Beide abl
983 3393 1814 3550 Afröd und Leukadia.
471 3513 2642 3679 Leakadia: Ich muss sie bitten,mein Herr, mich zu meiner
591 3645 1322 3770 Tante zu führen..
471 3762 1957 3956 Alfred: Mein Fräulien- gnädige Frai-
