2968 4344
2425 1173 2556 1292 58.
1081 1365 2530 1602 st es alt viel Empfindung; für habt et
504 1428 921 1620 Eod. Ehr
510 1582 1118 1744 schöne Stimme.
400 1646 2550 1883 vederder: o Justinel Wie beklag' ich euchl Wie behlal
516 1892 1014 1996 ich mich!.
403 1898 2553 2121 Juotine: tagst das- redet nicht von Klagen: Ich bitt
522 2075 1933 2243 eueh. fahret in eurem Gedange fort.
406 2214 2698 2463 vedärder: Ieh nöchte auch zu Füssen stuan hinnerfeg des
524 2341 2309 2532 armselige Instrument, - mein verzücktes Herz.
820 2477 1229 2637 Koderdeel
417 2544 750 2637 Justine:
898 2573 2654 2761 ju ieh's denne aber. nun lächelt für wieder.
426 2683 834 2779 Dederdes:
429 2706 2651 2889 Justine: Es berührt mich so seltsam, uch leidenschaft.
527 2880 1092 3025 2ton zu sonn.
429 2941 2576 3141 Woderdes: o arner Kedardee! Wan glaubt dir dein Herz
545 3103 2721 3277 niehtl o arne Justine, sie kann an kein Kerz mehr glau-
553 3222 2686 3422 bent Meint ihr wirklien, dieser da mit dem matten Ant-
545 3361 2538 3541 iitz sel nicht mehr fählg, sich zu begeistern- und
551 3506 2628 3686 seine sinne vefödet- und früher Herbet nahe sich den
571 3645 1095 3796 jungen Lebent
438 3700 2773 3915 1.3tota, Justine - ich bin noch völlig Prüuline, da so gam
