3000 4120
316 1202 2605 1414 Dais Hand x fallen, konn ich auf Notenpapfer und sehe,
327 1298 2602 1527 geschrieben mit wohlbekannter Handechrift, mit meiner eig
327 1472 2495 1654 nen,- zehn Takte - und drüber ein Datun, das über zehn
333 1559 2663 1791 Jahre alt - und: Langsam und innig zu spielen.- O, was hätt
339 1712 2637 1927 Ich daran gegeben, wenn ich noch so viel von musikallschen
351 1831 2651 2089 verständnte in mir gehabt hätte; un mir die Melodie der No-
356 1953 2651 2188 ten ine Gedächtnie zurücksurufen. Und ich sah das Blatt an
348 2092 2547 2306 und -  ee kränkte mich, ein mittelmässiger Hensch zu
371 2228 2677 2451 pein. Ich hörte unter mir Marie in Zimer hin- und hergehn
368 2344 2611 2582 da fial mir die Art und Weise der Liebe ein, die ich bie-
371 2480 2637 2686 her gepflegt. Ee kränkte mich, dass ee niemale Liebe war.
388 2585 2689 2837 Ich warf das Blatt in sein Fad zurück - undtochen halb im
382 2727 2657 2955 senlümmer fasst' ich den Ertschluse, haute Ida wiederzuse
385 2886 2683 3080 hen. Oh, was hat mich so verächtlich mittelmässig gemacht,
400 3005 2616 3219 da ich’'s doch von Natur nicht wartl ß Ich glaub, ein gut
411 3155 1733 3347 Teil schuld tragen die Mäusleine.
472 3274 1930 3463 Auftritt. - Frau Willner. Liebert.
411 3416 1872 3610 en: (:erliebt sich und verbaugt sich:
420 3515 2747 3738 Frau k: Auten Tag, lieber Baron. Bringen Sie uns vielleicht
411 3712 1359 3883 Nachrichten von Peterel
