2920 4296
2466 1097 2619 1222 59..
518 1358 2694 1530 Lenz und Lenzesfrieche, dass ich mich fähig fühle, neu-
521 1510 2563 1663 en Atem, neue Freude über halberstorbene Gefilde, wie
557 1610 2331 1785 warme Sonnenstrahlen hinfliessen zu laseen...
1070 1779 1735 1932 :singt ein Lied:
1114 1879 2076 2059 polegener zeit eingeftigt:
1430 2012 2608 2123 ingen, stürzt er ihr zu Füesen,
507 2062 726 2184 Nache
2142 2112 2361 2181 n
524 2164 2719 2300 sie sicht ihn mit einem matten Lächeln an. Er steht auf.
1970 2392 2137 2519 ein:
527 2389 1948 2586 Frau kunz, Willibald v. Ruolen tritt
898 2514 2450 2702 Was ihr nieht sagt! Was ihr nicht sagt!
402 2561 876 2683 Frau Kunz:
405 2652 2633 2807 Miiiibald: o, verehrteste Frau künz; es ist ein Jammer,
524 2774 2569 2987 ein wahrerdammer, für einen so aufgeklärten Menschen
518 2904 2569 3068 wie ich ganz besondere. Wo bleibt die Wiesenschaftl!
402 3026 2563 3170 Medardes: Wahrecheinlich in den Mindeln ihr Lebelang.
901 3198 2023 3345 Nicht so hab' ich's gemeint.
413 3212 809 3314 Willibald:
873 3289 2029 3450 Das der Herr Rat nicht gegeht
413 3295 770 3442 Koderdes:
895 3439 2339 3556 Mein bester Mederden, ich meine so-
407 3434 812 3569 un1bald:
862 3553 2120 3708 (wichtig:) Nein, wie denn - 11
399 3597 795 3702 Medardes:
405 3702 2538 3871 Willibald: Denkt nur, die Bürger der Stadt döttingen
538 3810 2760 4021 verwelgern den Maton, Profervor Abreekt Karver und Brot.
