3112 4328
580 1255 2827 1454 böses gerücht rechtfertigte. Wenn man etwas reden sollte
589 1425 2146 1549 Dinn: Rechnen Sie auf unsere Diskretion
583 1567 1344 1719 Prinz: Ich bitte-
583 1696 1532 1832 Dibel: Oh, mein Prinz-
577 1794 1417 1962 Dünn: Hinter Ihnen-
583 1942 2822 2103 Prinz: Ich verdiene es allerdings durchaus nicht, aber-
1267 2080 1872 2233 (:Alle Drei ab:
2452 2095 2631 2279 815.
1468 2221 1728 2340 Pause.
568 2311 2790 2461 Man hört llsik von oben. Lazarus Morr kommt langsam und
583 2470 2865 2582 bleibt, auf die erleuenteten Fenster schauend, stehen. Der
577 2579 2790 2749 Graf Friedrich Unhein verlässt eben das Haus und eilt so
568 2709 2810 2888 rasch durch die Gartentür ins Freie, dass er an Knorr an
571 2853 868 2983 stösst.
571 2969 2747 3119 Knorr: Heda - heda, - glaubt ihr etwa, weil ihr da oben
568 3113 2876 3237 pokulieret und jubilieret, ihr dürftet einen armen Mann um
565 3263 1875 3358 gestraft über den Haufen rennen-
563 3361 2882 3537 Gräf: Nichts für ungut, mein Freund, es ist euch ja nichts
557 3500 1500 3635 geschehn - (:Rasch ab:)
563 3618 2856 3791 Knorr: Das sagt man uns immer nachher. Den Stoss soll man
565 3745 2847 3909 auch nicht für ungut nehmen, den Schrei aber nehmt ihr und
545 3883 2721 4053 für ungut. & soll nicht mehr lang währen,hol" euch der
554 4019 1125 4157 Teufell /: ab:
