3112 4392
980 1435 1585 1574 icht für lang. I
602 1446 811 1577 wirt:
727 1563 1566 1735 ewiger wanderung sind
605 1688 1380 1863 Medardts: Wein und
1410 1821 1774 1952 /: Wirt et
608 1916 2682 2107 Eniederich: Spracht ihr nieht Früner von Justine?
619 2060 2812 2277 Wedardgs: Von wem anders? lhr erinnert mich zugleich,
733 2174 2793 2374 dass ich euch innig zu beglückwinschen habe zu eurer
736 2313 2510 2493 Verlobung mit dem schönen Fräulein Elisabeth.
744 2429 2557 2599 Friederich: Dank euch sehr, liever Wedardes.
633 2554 2857 2757 wedardés: Wir wollen gleich das erste Glas auf inr Wol
741 2682 2946 2887 leeren, auf eures zugleich, auf-eure Liebe, eure Kinder.
652 2821 2846 3037 Friederich: Lagst doch noch was für die anderen Gläser
747 2965 2857 3143 übrig. Man darf nicht allzu verschwenderisch sein mit
763 3082 2854 3276 dem Inhalt seiner Trinksprüche. Ich halt' es so, wenn
766 3201 2857 3420 ich irgendwo eine Gesundneit ausbringe, dass ich viel
775 3348 2973 3537 Worte über einen bedenken mache, um immer noch einige im
777 3512 1419 3659 Vorrat zu haben.
664 3592 2893 3792 Wedardes: Bah, bedanken, Gedanken he - Darüber bin ich-
