2968 4440
1151 1404 1477 1541 vo
515 1439 2277 1657 (:Chrisostonus orseheint. Der Rateherr küsst
506 1617 785 1779 Hand.:
398 1707 2210 1910 Chrisostonus: Der Name des Herrn sei gelobt!
404 1835 2149 2035 böller: Hochwürdigerlihr kommt eben recht,
509 1960 2689 2166 Denn Streit ist zwischen der Frömmigkeit und der Sünde.
401 2093 2698 2271 christ.: Habe von dem Bischof meines Sprengels folgenden
520 2207 2660 2402 Brief erhalten. J:Lient:/ würdiger Freund! Was ich
529 2332 2637 2544 von der Stadt böttingen höre, erküllt mich mit tiefem
532 2480 2719 2681 Sehmerz und Kümmernie. Wir kam die Kunde von jenem gott-
535 2611 2678 2800 losen Mann, dem das Ebenbild Gottes, ein Spielzeug iet
544 2739 2710 2934 zur Erkorochung nichtiger, irdischer (Neuheit und diesen
535 2876 2617 3047 Vermessenen, der im Herzen der Natur wühlt, gewähren
535 2989 2719 3178 die göttinger gastliche Aufnahme und schenken ihm eines
538 3128 2643 3306 armen Verlorenen Leib, zum Zweck der aogenannten Wie-
535 3265 2733 3460 eonschaft, statt den Lelbsu begraben in der Erde enlgen
541 3422 887 3594 Frieden.
538 3518 2175 3730 (:bolfältigee bomuruel untorbrieht lun.:)
419 3684 1997 3838 Bölleri. Ner hat ihm Aufnahme gewährte
430 3777 2262 3963 jener andere: Her ist zufrioden mit den Oastel
416 3905 2756 4039 Chriet.: (: mit erhobener Stimme:) Wahrhaftig die Städte
