3096 4264
2512 1295 2706 1529 20
500 1561 749 1683 Prinz:
775 1506 2755 1726 Ich will von den Zeftpunkt beginnen, wo ich in der
847 1680 2787 1882 Residenz ankam. Das war vor vier Wochen.- Oh, Va
492 1795 2683 2035 ter, man empfing mich glänzend. An, man mieste ja warum.
2484 2035 2721 2166 18/.3.
471 2035 2796 2316 König: Nun aber, mein teurer Sohn, setz dich an meine Seite
465 2212 954 2327 und erzählel
454 2310 1972 2504 Prinz: Dänemark ist in mich verliebt-
445 2426 2215 2643 König: Ahl Nicht also die Prinzessin,alleint
439 2565 2761 2790 Prinz: Wenn man nach dem Aeusvernschliesst, Vater, ist gam
442 2703 2767 2914 Dänsmark in mich verliebt. Ich komme in der Residenz an, f
465 2816 2582 3053 der Bahnhof ist mit Blumen geschmickt, das Königspaar
425 3001 2715 3198 selbst empfängt mich. Die ersten Minister sind erschienen.
425 3125 2712 3293 Fir mich und das ganze Gefolge stehen Hofwagen bereit. Die
422 3198 2599 3429 Strassen, durch die sich der Zug bewegt, sind von einer
408 3391 2654 3620 riesigen Menschenmenge erfüllt. Hoch unser Königspaarl-
396 3493 2663 3701 Hoch Prinz Jultuel - kurz, man tat, als gehört' ich schon
390 3640 2617 3834 zum Hof von Dänemark.- Wie's nun nach und nach kan, dase
382 3762 1850 3952 ich unter den drei Prinzeseinnen eber
2134 3814 2712 3984 en wählte - des
370 3923 1917 4080 zu errählen brauchtk gar zu lang und fi
2241 3973 2591 4097 zu weit.
