3080 4232
534 1366 2674 1552 (:Klänge der Misik sohallen aus dem Burghof herauf. Der
510 1502 2836 1685 König tritt zum Fenster, das geöffnet wird. - Hochrufen des
508 1641 2813 1807 Volke; lusik; Jübel. - Ds treten ein: der Graf v.Wellenburg
508 1772 2755 1934 Fürst v.Hohentwiel, Hoftheaterintendant und viele Andere:
519 1902 2636 2056 Derakönig: (:tritt zu ihnen und driokt ihen die Hände:
493 2044 2697 2198 Ich danke Ihnen allen von ganzem Herzen. Ich vermag das-
499 2163 2807 2326 Schickeal nicht gemig zu preigen; dass es mir vergönnt ward
505 2282 2651 2445 einen wlchen Tag zu erleben.-Ich teile Ihnen zugleich
481 2416 2636 2578 mit, meine Herren, dass der kronprinz mir angezeigt hat
487 2535 2778 2714 würde noch im Laufe der heutigen Nacht in der Residenz ein
478 2677 2735 2836 treffen. (:Er giebt dem Grafen die Depesche; dieser tritt
525 2810 2656 2958 auf den Balkon und liest sie vor.- Erneuerte Hochrufe:
487 2935 2807 3103 könig: Ich werde mich jetzt in den Empfangssaal begeben und
490 3062 2758 3239 dort die weiteren Glückwünsche entgegennehmen. (:ab: (13/3.
499 3190 2680 3364 (:Die Meisten folgen ihn; an seiner Seite geht der Mini-
484 3312 2680 3486 ster Wöllenburg. Auf der Szene bleibt sinnend stehen der
464 3434 2749 3613 Hoftheaterintendant Hohentwiel. Während der Fubel deg. Vol-
478 3608 2682 3750 kes fortdauert, kommt rasch herein Borromäne Qiemberlin.
505 3715 1520 3892 Dieser tritt zum Fürsten:
470 3845 1418 4028 Borromäus: Dirchlaucht-
