3080 4200
648 1237 2595 1467 Justin erst jetztt Erzählt die Geschichté von der
454 1431 2006 1602 Flucht des Prinzen: Man erkannt Julian.
666 1617 2677 1805 Jul ian eilt verwirrt. im Garten des Palastes hin und
456 1749 2712 1976 her. Man erkennt ihn. Der König empfängt ihn freudig. Die
471 1885 2433 2135 Verlobung mit Friderike soll bald gefeiert werden.
663 2109 2836 2338 Amadeus über die Verrohung der Massen erbittert. Jürgen
471 2247 2836 2489 und Ändere: Nun ist Jul tan an hoher Stelle,, nun bekommen wir
483 2462 1634 2618 Alle zu essen und zu trinken.
674 2533 2665 2704 Lazarus kommt verzweifelt mit Justin. Er hat einen
480 2642 2742 2889 Trief Julians an Thilda gefunden. Justin höhnt ihn: Alles
527 2845 1107 3033 ist gemeinsam.
692 3007 2786 3248 Prinz Julian in seinem Gemach, kommt eben von Thilda.
689 3151 2786 3384 Ein Kammerdiener meldet ihm Justin, der frech herein-
501 3281 2774 3513 tritt. Was soll ich an Thilda bestellend“ Es ist Ruhe im
512 3484 1431 3631 Volk, weil Alle warten.
710 3528 2259 3740 Die frende Prinzessin soll bald kommen.
719 3720 1958 3946 "Ich konns heute Aend zu ouch.
