3064 4408
2551 1090 2710 1275 12.
684 1345 2699 1539 Kunz: Aber ihr sprecht von lauter vergangenendin-
597 1548 783 1687 sen.
487 1586 2768 1789 Medordes: O Sebaldus ist so klug. Er sah ein, – ihm blüht
617 1757 2632 1913 kein glück- ihm sei die Feligkeit nicht beschieden,
580 1858 2594 2047 damals, sa ich, aber jetzt- Sebaldus ist so klug.
496 1994 2519 2186 Elisabeth: Was suckst du so zusammen, Friedericht
1035 2102 2760 2313 Ieh bücke mich ner nach dem Brief - ich las
510 2168 954 2287 Friederich:
626 2273 1470 2432 ihn noch nicht genau.
655 2409 1670 2583 (:liest, peinliche Stille:
948 2536 1716 2710 Was habt ihr nur2
513 2571 919 2670 Frau Kunz:
1023 2661 1942 2786 kennt ihr die Schrift2
513 2693 954 2809 Friederich:
516 2806 2099 2948 Justine: /:springt auf- sieht den Brief
629 2934 1591 3078 nicht Heinrichs Schrift!
519 3047 2070 3171 Friederich: Nein, eines anderen Züge.
522 3183 1583 3345 Justine: Um Gotteswillen!
513 3244 2844 3510 Medardes: sa, eines andrn Züge, und die Züge eines Freun
629 3421 2734 3589 des sag ich - und dieser Freund war sein Hebenbunler,
649 3568 1986 3734 und ich sage, dass dieser Freund-
664 3673 2731 3838 (:Sebaldus tritt ein. Er verbeugt sich. Totenstille.:
974 3832 2745 4000 Ich grües euch alle! (;Tritt gleich zu Jus-
528 3812 945 4032 5ovalaus:
644 3957 913 4151 tine.:
