3096 4296
2654 1089 2808 1202 12.
666 1340 2252 1487 Zu fühlen ist, von nahverwandten Seelen,
674 1466 2226 1615 Doch nie nachi kalten Silben abzumessen.
564 1588 2103 1724 Sebaldus: Ich wigst" was gut für dichl
2121 1696 2641 1871 Sprich's aus!
554 1735 935 1844 Heinrich:
2518 1860 2902 1985 Zieh fort.
564 1873 933 1996 Sebaldus:
562 1949 2500 2137 Heinrich: Ich wollt mit jeder Faser meines lchs
671 2108 2343 2257 lsich aus den Grenzen dieses Seins befrein,
664 2231 2307 2375 iich aus des lächerlichen Jetzt Emarmuns,
692 2375 2351 2516 Das wien verliebtes Weiblein an mir hängt,
682 2492 2325 2620 Losreissen, und gestorben sein für alles.
682 2607 2333 2777 Ein eignen Jenseits mir auf Erden gründen,
674 2748 2307 2913 Für mich allein, ein pessres, wonnereiches!
564 2887 2665 3075 Sobaldus: (:plötzlich von einem gedanken gekasst, packt
671 2991 1588 3130 Heinrich bei der Hand:
674 3135 920 3268 Ha. -1
698 3271 2646 3401 (Er schreibt ein paar Worte auf ein Blatt Papier:
562 3420 2309 3569 Heinrich: Was ist dir - 2 Was beginnst du-2
2401 3550 2832 3655 Lies, mein
567 3535 927 3652 Sebaldus:
2526 3618 2814 3715 Freund,
687 3639 2307 3793 und du erkennst ihn wieder, den Sebaldus,
682 3780 2430 3961 den Sonderlingltind wieder steht er vor dir,
