3096 4248
519 1466 2625 1681 Baron Hiederbisch und Graf Wellenburg begrüssen sich.
516 1582 1707 1773 Weilenb: Nun, lieber Baron -1
513 1733 2776 1921 Baron: sehr Froh, lieber kraf, dass ich wieder zurück bin!
507 1875 2779 2069 Wellenb: Ah, wie das - Ist Ihre Hoheit, die künftige köni-
498 2028 730 2138 gin-
493 2095 1753 2298 Baron: Schön - 1, Oh sehr schönt
493 2292 2727 2457 Wellenb: Und finden Sie wicht dass. - wie soll ich nur sa-
513 2385 2135 2535 genf - dass die politischen Beziehungen-
481 2524 2674 2686 Baron: Meine herzlichste tratulation zu Ihrem diplomati-
452 2640 2590 2831 rschen Talente, verehrter Graf. Ich kann nicht leugnen,
475 2773 2758 2973 dass diese Heirat für unser. Land von höchstem Vorteil sein
475 2935 724 3025 kann-
458 3019 1762 3187 Wellent: Sie wird, lieber Baron-
461 3190 1156 3309 Baron: Wird -eil
452 3274 2758 3480 Wallet: Do liegt etwas in der Luft zwischen uns und - patl
472 3436 2799 3622 (:Der König und der Prinz sind wieder zurückgekehrt. Rs ist
449 3567 2698 3758 ganz dunkel geworden. Der könig entlärrt die Höflinge mit
446 3729 1229 3833 einer Handbewegung:
585 3793 2718 4016 1g: Und nun sind wir allein. Jotet erzähle mir, den Ve-
684 3987 2732 4138 vise dir an dänischen Rose erging - und rückinlaloe
