3064 4344
456 1253 661 1590 Jra
1553 1413 2718 1564 gracilen, gewandten Bewegungen
464 1561 749 1698 schiene
1467 1553 2706 1701 zu befähigen, dem er sich nach-
464 1695 820 1820 her mit 1
1575 1661 2513 1815 anderer war ein Student
473 1818 815 1920 verliebte
1399 1823 2721 1934 Ballerine, fand Gegenliebe, wohnte
467 1951 1120 2071 mit ihr zusammen.
1479 1934 2607 2077 selbst zum Ballett. Und Sie;
461 2054 1060 2194 Lux: Ich, Herr.
1365 2054 2721 2239 wirde Tanzmeister, weil ich nichts
456 2211 983 2327 zu beideen he-
1094 2199 2718 2345 3. Von etwas musst ich mich ernähren, und
459 2342 2706 2470 da ich in meiner Jugend ein ziemlich fguler Schlingel war-
456 2458 2681 2592 und mirl in den Kopf gesetzt hatte, mein ganzes Leben der
470 2587 2698 2738 Freude zu widmen, so wurde ich Priester der Terpsichore-
461 2715 986 2832 W: Und jetzt
456 2846 2692 2971 Lux: Jetzt studiere ich Philosophie. Seltsam, meinen-Sie!
453 2977 2701 3085 Aber es ist nun schon einmal. so, dass nicht alles auf der
447 3097 2729 3236 Welt seinen geregelten Gang geht. Als ich die ersten grau-
456 3222 2624 3356 en Haare bekam, fühlte ich die ersten Regungen des Wie-
444 3370 2729 3481 sensdranges in mir. Seit drei Jahren stehe ich in der Vor-
444 3467 2487 3649 halle des heiligen Tempels, der da Wahrheit heiest-
439 3621 2701 3769 W: Und werden wie Tausende von Andern, wie alle Heüschen.
444 3760 1610 3849 Ihr Lebelang antichembrieren.
442 3823 2584 4031 I: Und Sie glauben, dass sich das for nie öffnen wirdd
