2920 4248
2538 1042 2697 1207 50.
888 1331 2523 1522 Se nurs er sich eben mit Kuphen behelfen.
417 1363 796 1519 Modardor.
420 1453 2648 1664 Millibald: Ihr versteht mich neut' immer falsch- - Sie
538 1589 2564 1768 woilen ihn ganz einfach aus dem Turm heraushungern.
420 1739 1675 1913 Vederdes: Kerausl Kohin denne
431 1835 2601 2052 Miilibald: In die Welt hinaus! löglichst weit weg aue
535 1971 2520 2165 unserer lieben stadt. Drum fraf ich: No bieibt die
538 2124 1105 2277 Riegenschafte1
420 2211 2677 2431 Modarder: Habt ihr nicht ouer odler Nort für ihn einge-
527 2399 770 2544 lest1
422 2463 2607 2683 Willtwald: Wie könnt ihr daran zweifelnt Ich dagte in
530 2607 2674 2804 der letzten Ratesitzung:"Liebe, gekreue Bürger und Rä-
535 2732 2717 2917 te der Stadt döttingen! Wenn ihr den vielgeeirten Mann
518 2847 648 2934 13
535 2868 2735 3021 vertreiben wollt, was wird die Nachwelt dazu sagenl We!
532 2995 2717 3163 bleibt die Wiesenschaft!" Aber dann traten die andern
532 3140 2685 3299 auf und gaben dem religlönen Sinne des Vokes recht und
532 3270 2685 3391 sagten, ein ehristlicher Anatom sei so schlimm wie ein
524 3386 2205 3548 Jud. Denkt euchl so schlinm ale ein Jud.-
417 3490 2737 3663 Uedardes: (iihm die Hand drückend.:) Ihr geid ein wahrer
527 3652 2680 3834 Held der Aufklärung! Auf dieser Denkerstirn steht eine
