3064 4328
2362 1418 2537 1618 1./6
527 1446 1680 1598 D.Auftritt. Anselm, Aenuchen.
482 1562 1198 1697 Anselm: Aennchen!
465 1680 1556 1843 Anna, die Keilnerin: Bitter
468 1821 2729 1979 Anselm: Süsses Aennchen, liebes Aeunchen, bring mir ein
476 1956 891 2063 Glas Wein.
465 2086 1167 2238 Anna: Vom selbent
474 2199 2698 2356 Anselm: (:ff singend:( nen guten Wein, nen alten Wein;
465 2331 2726 2489 ich hab' heut Geld gekriegt. Wetter, was ist das für ein-
465 2475 989 2576 Tärm da oben.
465 2613 1339 2723 Anna: De wird getanzt.
459 2731 2092 2861 Anselm: Möchtest du nicht mit dabei seint
462 2853 2396 2996 Anna: O gewiss! Es sind so viele Studenten dabeil
459 2985 1254 3120 Anselm: Junges Blut!
451 3115 2706 3275 Anna: Ach die Studenten! Ich habe die Studenten so gern.
443 3244 1584 3371 Anselm: Und die Kiinstler - 9
454 3399 1903 3540 Anna: Ist denn das nicht das selbet
448 3515 1454 3622 Anselm: Das selbet wiesol
448 3608 2675 3800 Anna: Nun, die Studenten sind jung und die Künstler sind
443 3766 2035 3932 jung, und sie haben alle sehr viel Zeit.
443 3879 2610 4062 Anselm: Aennchen, ich wollt, ich hätte weniger Zeit...
479 4022 2703 4172 oder sehr viel Zeit. Aber das Mittelding! So gebunden zu
