3032 4216
435 1664 662 1817 A2p:
433 2464 834 2598 Thémothea:
408 3596 618 3759 Aalpi
845 1380 2243 1556 Vermühme ete, dass just wir Pfaffen
839 1603 2611 1706 Nicht wenig han mit den Weiblein zu schaffen.
839 1660 2121 1819 Was kimmern mich die bösen Leut",
830 1815 2000 1936 Die hinleben ohne Främigkeit
830 1978 2258 2077 Und - wie die Rohrspatzen sozusaken,
828 2053 2441 2221 Uns Främiste der Frommen zu höhnen wagen?
828 2185 2400 2340 Doch sieh, hier naht Frau  Mimothea.
821 2318 2135 2459 Nun, ward die Königin schon Manal
872 2439 1987 2607 (:Hebamme; eiligst, atemlos:)
821 2572 2377 2753 Mit, Pfaffen, ellet möglichdt ertmalle.
815 2709 2128 2854 In die weihranchduftende Kapelle,
810 2832 1951 2989 zum Himmel drings euer Gebet;
815 2965 2340 3130 Denn nah ist die Stund IHrer Majestüt.
801 3099 1929 3243 Fallet flehend auf eure Knie
815 3227 1991 3391 vor der reinen Jungfrau Marle,
806 3400 2049 3514 Welche ohne der Liebe Vergnügen
804 3512 2097 3653 Dennoch tät einen Buben kriegen.
801 3625 1839 3779 o Untoun der Kinderzeugung
797 3746 2397 3960 onne bräutliche Freud und Kannseneigung!
