2968 4280
460 1214 2765 1407 Ein trüber Tag. Der sarg des Gehenkten wird hinaufgeschafft
1488 1350 2624 1516 katsnerr. Pater Chrysostomis.
452 1381 1404 1528 Göttinger Bürger. Böller
460 1508 2118 1646 Man verweigert dem Anatom„ Wasser und Brot.
463 1726 2642 1905 Medardes und Justine. Er schneidet inr die Kur. Sie ist
475 1867 2673 2049 ein sehr gewöhnliches Mädchen. Er beginnt sich seiner zu
481 2026 1787 2175 erinnern. Ratsherr und Frau. Kunz.
472 2219 2558 2443 Sebaldus findet den Heinrich wieder: Beide glüchlich.
466 2498 2783 2696 Hochzeit der Elisabeth mit Friederich. Medardks und Justire
486 2644 2760 2843 Sie schätzt inn, ist sinnlich erregt. Man sieht, was kommen
492 2800 1295 2961 wird. Es kommt auch.
483 3018 2722 3194 Ball drüben. Albrecht kommt vom Schloss herüber, über die
486 3139 2607 3349 weit klagend. Die Welt ist wie ein schüchtern Mädchen.
486 3441 1709 3617 Sebaldus - Heinrich - Medardes.
