3144 4344
562 1263 2795 1500 Mädelen: nun bin ich ja völlig dein mit Leib und Seele:
576 1350 2902 1605 Mann: Doch nicht so ganz, wie es scheint, da du lüsse hast
585 1515 2838 1793 zu klagen, wo du du dich eine Göttin, meine Göttin fühlen
579 1735 985 1874 solltest.
605 1830 1631 2022 Hädchen: Und mein Vater-
608 1900 2885 2120 Mann: Merkt er, dass du dem Hause fern gewesen bistt - D
620 2007 2937 2262 kennst ihn sa; er streckt sich nichte auf dem Bett in Brant
628 2276 1121 2378 weinrausch-
628 2320 2459 2540 Mädehen: Ich habe niemand, niemand als dieh-
634 2392 2824 2656 Mann: Undmerke Hkf eins, was ich dir so oft gesagt
646 2563 2181 2792 dass der Mensch nur einmal fung letf-!
2294 2647 2922 2815 (: Sinkt ihm ar
649 2714 2294 2911 Mädchen: Mein süsser, süsser, geliebter-
660 2899 1066 3035 den Hels:)
669 2957 2207 3160 Mann: Warum weintest du also, Hädchend
660 3038 2824 3334 Mädchen: Und danks ja nichts als dich - und orig dicht
1448 3238 1885 3397 /:Beide ab:
1355 3328 2943 3502 salken mit einem vollen Glas:) sieh - ein
698 3386 1234 3574 graf: (: aus de
1468 3461 2893 3617 ihn wohl ergehent (:Leert das Glas:
1008 3528 1153 3661 Aar9
