3080 4328
2580 1218 2710 1371 22
500 1108 720 1481 Kome
891 1319 2785 1498 genuss, den Augenblick anbeten, die Zeit verach-
874 1458 2788 1623 wär ich mit der göttlichen Ruh zur Welt geken-
703 1565 2762 1759 die andre stillvergnügt im Herzen tragen! Der Rausch
498 1701 2791 1900 der Jugend ausgetobt, - ein Ehemann – wenn auch nicht eben
486 1837 2809 2019 leideugnhaftlich geliebt, so doch nachgerade kühl geschätzt
489 1981 2771 2149 -Es giebt ein seltsames Stadium, in dem man nicht weise-
483 2085 2785 2288 bin inknoch berauscht - oder hab' ich schen den Katzenjam
483 2242 2785 2404 merd - Bah, ich will fort, das ist alles, undohne Skrupel.
2473 2369 2676 2444 Setzt
477 2346 2725 2548 Ich will Albine noch einmal sehen – dann - ah! (MX
469 2479 2690 2664 sich auf eine Bank:) Ich hätte heut nich so viel tanzen
474 2606 2629 2794 sollen - (:Lacht:) Und wie mich der ranz annisierte! -
463 2757 2765 2921 Wenn ich bei alledem nur nicht so gleichgiltig wäre. Es ist
448 2881 2722 3043 mir wie einem im Traun, wenn er etwas Besonderes begeht--
509 2997 2595 3179 Ich habe auch zu viel Champagner getrunken - ei doch
454 3135 2745 3312 nicht! Direhaus nicht1 Eher zu wenig...Ich will auch noch
434 3271 2323 3451 ein glas voll hinnterstürzen. (:Geht ins Haus:
428 3448 2138 3619 Ein verhüllter Mann und ein Mädchen kommen.
445 3558 1501 3723 Der Mann: Weine doch nicht!
422 3723 1944 3890 Mädchen: - Und die Frühe naht schon-
422 3818 2728 4023 Mann: Was ist uns das allest Ich hätte nicht so klein von
417 3960 865 4142 dir gsdackt
