3032 4328
2430 1280 2650 1419 22/6.
550 1271 1964 1483 lebe ararb - ss hal? nichts, nichts.
518 1413 1332 1593 ud: Das ist seltsam.
504 1535 2789 1697 Wirter: Und so kommt's; dass ich, wenn man mich aufs Gewig
504 1662 2734 1868 een fragt: Benio, hast du geliehtt, dass ich da antworten
501 1807 953 1961 Mss: Nein.
481 1929 2809 2114 Dax: 1: scherzend:) Viglleicht verlieben Sie sich doch noch
498 2091 1141 2221 EArnal wirklich.
504 2195 2583 2358 Winter: Achz daran ist doch wol nichit mehr zu denken.
504 2346 1144 2482 Jux: Warum denn
510 2439 2708 2610 Anselm: Wahrhaftig, es ist ganz gut daran zu denken. Sie
516 2563 724 2641 haben.
513 2583 2717 2740 XXXX-ich schmeichle nicht, Herr Winter - Sie haben ein
513 2746 1610 2835 sehr intéressantes Ausgehen.
501 2841 2746 2992 Winter: Oh - die Weiber verlieben sich in Jugend, in Lei-
501 2963 2815 3137 denschaft – nicht in einen interessanten Menschen mit einen
513 3128 880 3258 Kahlkopf.
507 3241 2001 3377 Lux: Kalhlkopf - das ist Hypochondrie!
513 3360 2792 3516 Winter: Ein Glätzchen wird.'ne Glatze - verlassen Sie sich
516 3510 2795 3664 drauf, meine Herren. Mit fünfundvierzig Jahren hat man kei-
507 3623 1150 3777 ne Zukunkt mehr.
510 3739 2789 3922 Iux: Das dürfen Sie nicht sagen. Ich bin nicht viel jünger
504 3898 1703 4049 und ich beginne erst zu leben.
