2984 4232
454 1244 2003 1385 Ein Diener: (imeldet an:/ Herr Mirl.
480 1402 1377 1526 Frau W: Sehr angenehm.
483 1512 1650 1655 IV. Auftrittz - Vorige, Mirl.
491 1621 2802 1831 Mirl: A... ich bin so unglück, der Allererste - will sa
480 1764 1333 1908 geh, so glünklich --
489 1885 1877 2060 Frau W: AXXX Wir sind sehr erfrait.
477 2020 2147 2161 Herr W: Aber wollen Sie nicht plätznehmen?
489 2118 2730 2310 q: Danke, danke sehr.. (:Stellt seinen Zylinder auf den
494 2270 2681 2428 Boden und will seine Handschuhe nonchslant hineinwerfen;
491 2414 2730 2572 wirkt sie aber weit daneben:) Oh... oh... f: Er hebt nun
491 2540 2698 2701 Zylinder u. Handschuhe auf und behalt den Zylinder in der
486 2661 2322 2831 Hand, nachdem er die Handschuhe hineingegeben:)
494 2811 2609 2977 Frau W: Haben Sie seitdem viel mitgemacht, Herr Mirlt
497 2963 1802 3089 qu: Nein, ich könnte nicht sagen.
491 3052 2546 3224 Frau W: Wo waren Sie also seit unserer kleinen Pötel
491 3184 2765 3380 q: Mirgends. (:Dreht den Zylinder rasch in den Händen um-
494 3325 2782 3489 her, sodass die Handschuhe neuerdings herausfliegen:) oh-
494 3446 2742 3612 oh... Aber wahrhaftig, gnädige Frau, Ihr Ball war weitaus
497 3572 2756 3747 der schönste von allen ähnlichen Festen der Residenz. Ich
503 3690 2707 3877 komme, Ihnen meinen innigsten Dank aussprechen, dass sie
489 3857 1264 4015 mir gestatteten--
1629 4006 2474 4124 und priitein Tochter.
503 3977 1451 4124 Diener: (nel 1ot. prag
