3096 4296
689 1224 1710 1393 Eure Behausung zu gering.
581 1361 2854 1513 Ratsherr: Ach, meine Junggegellenwohnung. - Aber nun kei-
692 1479 2886 1653 ne überflüssigen Worte mehr. - Ich höre Schritte in dem
695 1624 2894 1802 Haugklur . kommt mit mir und. empkangt die edlenk Fremd-
686 1759 1788 1905 linge in gebührender Weise.
581 1885 1336 2048 Wirt u. Ratsherr. ab.
692 1996 2797 2176 Die Göttinger Bürger stehen von ihren Plätzen auf und
686 2171 1256 2319 stellen sichz
1410 2162 2188 2317 r geötfngten türe.-)
569 2262 2757 2448 Eink: Da sind sie-( Ilan hört den Wirt die Ankömmlinge
686 2402 2237 2560 in verlegener Weise becomplementiren-
555 2502 2743 2737 Heinrich Poflägrt rasch d2s Äinrer und kannt an der 5ot
684 2668 2174 2837 te des Sabildur, sleich wieder helrein.
561 2814 1373 2940 Heinrich: Sebaldus!
561 2889 2860 3097 sebridus: da, ich bin's, mein liebster Freund 1/ und- glaube
675 3046 2319 3229 mir - weit meiir an Tracht und Aussehnfals
2442 3063 2820 3209 Gesinnung
675 3183 1596 3346 und an Treu' gewandelt.
552 3312 2540 3475 Heinrich: Den andern, die dich flüchtig nur gekännt
664 3435 2494 3604 erscheinst du jetzt nicht anders als vor zeit.
549 3558 2505 3727 Sebaldus: Weil ich mich oft in Seltsamkeit gefiel
701 3707 2377 3850 tind immer gleich, weil immer wechselnd war.
658 3818 1988 4013 Veränderung, mein Lebenselement,
655 3950 1945 4147 So teuer mir, als atem und Natur
