3048 4152
582 1256 2736 1477 Ur war jener ironische Zug zuwider, der stefs um sei-
462 1387 2762 1587 nen iund pielte. Als du ihn das erste Mal hier sahst, sag
474 1515 2704 1692 test du: Von dem könnt" ich auch Andres denken als Outes.
462 1669 2178 1823 Frau W: Ee sagen viele, er näbe wenig Herz.
465 1791 2660 1971 I: Tächeln, da sein bester Freund freiwillig in den Tod
471 1928 2803 2111 ging, und ein Herzl Ja, ich sch ihn vor mir - wie er an mir
471 2035 2655 2245 mit langsamen Schritten vorbeiwandelte, den Stock sanft
459 2192 2704 2346 hin- und herbewegend, wie es seine Art ist, in schwarzer
480 2291 2780 2509 gewandung, den breiten dunklen Hut auf den hlassen, feineh
474 2425 2750 2602 gesrheiten Gesicht - und um die Augen und den lund den un-
483 2553 2663 2742 veränderlichen zug voll Tronie, voll Anmaassung. Dr war
474 2678 2701 2881 heut ruhig wie immer; ihn berührt nichte. Und der Mensch
486 2812 2759 3006 soil ein Herz habenl Niemale mehr wend ich mit einem Nor-
486 2998 1448 3146 te mich anden Gottlosent
488 3067 2384 3277 Frau W: Sie haben ein weiches Herz, Herr Laufer.
486 3216 2396 3390 Fr: Dr glaubet, jeder müsse so edel sein wie du.
486 3329 2803 3544 Di sahen seine lagen aus, als wär nur eine Fräne draus ge
486 3472 2724 3652 floesent Er nahm den Hut freundlich ab und Flistörte das
491 3608 2687 3809 konventienelle Auten Tag. Herr Laufer". Er blieb nicht
500 3722 2655 3922 stshen - ich war das von ihm gerohnt, aber heute, eben
