3064 4136
432 1378 1012 1546 Lir. Friedrike.
1723 1444 2558 1647 bringent Dotn Kepfm
420 1502 1433 1673 Fr: soll ich dir ein wenig
412 1630 1024 1798 dich söhmerzen.
415 1624 2665 1911 Idai deh sa; aber blolb nur bei mir; kaltes Kasser hilft
418 1827 2688 2050 mir nicht. Auch die Augen tun mir weh; ich hab heut schen
432 1949 2709 2169 viel geweint, Friederike. - Nicht wahr, als wir das letzte
432 2065 2619 2276 Mal miteinander planderten - und ich se halb im Schere-
429 2181 2697 2424 ach gott, ach sottl (:sie preest einen neuen Tränenstrem
438 2352 2627 2552 zurügk und hält das Taschentuch krampthaft zwischen den
455 2508 2190 2703 zähnen, um nicht laut weinen zu müssen:) --
450 2590 2732 2801 Fr: Liebste Freundin, fasse dich und sag mir alles, was ge-
458 2703 2743 2941 sehehen ist in der letzten Zeit. So wirst du dich leichter
461 2900 1775 3045 fühlen - ich hab dich ja so lieb!
470 2917 2743 3228 1dai dar weiss iohf sa, das reise ich, du gute Friederikel
458 3080 2654 3358 auch er hat nich lieber gehabt, als da wal jetzt denken
450 3312 1354 3457 muest, aber ich, sch-
484 3434 1607 3605 Pr. Rie, du hast ihn nicht-
476 3454 2807 3726 Ida: (:unterbricht sie raschi) oh wie hab ich ihn geliebtt-
496 3602 2668 3828 Aber warum war ich so - so selteen in meinen Worten die
528 3828 1450 3979 letzten Tags und Wochenl
