3080 4280
1335 1108 1913 1273 e. b a. I d u si
1438 1233 1882 1400 Wirtshaus.
581 1376 1000 1500 17.9.1880.
699 1462 2779 1705 Heinrich allein au einem Fisch;dlas vor sich, Flasche
587 1643 935 1810 danssen.
699 1739 2680 1916 an einem anderen Eink, Böller, u.a.- spielen Karten.
578 1897 2487 2111 Böller: Steckst heut mein ganzes feld ein, Ruk
593 2052 2711 2260 Pank: Gehtf's so weiter, so minst du meine Zeche zälen.
574 2242 2872 2400 Eink: Gevatter Wirt; mich plagt die Zuglukt; ochlieos er ge-
692 2350 1469 2506 fällig das Feuster!
587 2478 2760 2655 Wirt: Soll gleich gescheh'n, werter Herr Fink. Hm.. die
699 2611 2801 2801 Wolken, die sich da zusammenziehnt Ei, schon Regentro-
692 2745 913 2903 pfen.
578 2860 2201 3052 Eink: Wir kriegdn ein Wetter heut Nacht!
574 2999 1658 3164 Wirt: und ein recht's dazu.
369 3121 2866 3301 Köller. So wird der Sturmwind morgen früh über'n Richtplatz pfei-
699 3260 2832 3443 ken; und der reufel holt des bögen Johannen Seel' unter
683 3406 1379 3555 Dorner und Blitz.
574 3496 2760 3692 Eink: Ihr wisst doch, dass seine Schand nicht zu End ist
562 3655 2319 3835 mit dem schimpklichen Tod durch Henkershande
568 3776 2804 3956 böller: Hab' wol gehört, dasseda-einer aus Mirzburg kommt,
565 3909 2841 4092 ein vermesjener Mann, der sich in die tiefsten Geheinnigse
