3000 4424
2539 1214 2745 1309 530a.
1539 1450 2618 1591 hörtet ihr nicht den Spott
417 1469 1257 1612 Rat: (:fortfahrend:
539 1621 2694 1770 heraue aus meinen Wörtent Fragt nur unter meinen Kate-
553 1734 2726 1916 genossen, ob ich nicht derjenige bin, der an allereorg-
564 1875 2596 2035 samsten allem Fortechritt die Türe weine und jeden
561 1981 2005 2168 Funkon einer neuen Glut unterdrücke.
447 2122 2577 2285 christ. Ich hab' getan, was meines Anter, und weise,
547 2252 2154 2425 dase ihr Gott fürchtet, geliebte Seelen.
