3080 4312
1847 1269 2688 1422 farten liese, - es wäre
471 1217 1540 1457 Kold, dass ich meinen Mager
1844 1419 2653 1578 Gesellschaft in die
477 1462 1283 1587 mir ein Vergnügen ge-
488 1581 1116 1705 Stadt zu fahren.
491 1694 1144 1838 Dini: Oh Prinz-
488 1786 2806 1959 Prinz: Aber was gegen Sie, meine Herren, zu dem Glenz, den
500 1931 2222 2095 das gräfliche Haus heute wieder entfaltete-
488 2092 1792 2217 Dünn: Es war eine wahre Pracht-
488 2194 2032 2332 Dibel: Merkwürdig, und man sagt doch-
491 2341 1997 2462 Prinz: Was sagt man, lieber Baron - 2
488 2436 1948 2592 Dibel: Ach, es wird so viel geredet.
494 2558 2121 2774 Prinz: Also Sie haben augf etwas gehört?
488 2748 1173 2870 Dibel: Einiges-
491 2855 907 2988 Dünn: FiP.
494 2977 2115 3133 Prinz: Ich habe mehr als Einiges gehört.
488 3087 2338 3260 Dibel: Nun, es war nicht eben wenig, das ich-
497 3219 2081 3387 Prinz: Man spricht sogar ziemlich viel.
500 3352 2679 3523 Dibel: Man hat mir eine Menge Dinge erzählt, die nicht
500 3491 708 3647 eben
503 3581 2468 3766 Prinz: Ea varfté, mes chers, - der Glanz ist Lügel
494 3725 2737 3907 Dibel: Wiesen Sie, dass der Graf keinen Heller bar besi-
486 3875 907 4095 tzen s0121
