3032 4216
516 1248 1900 1490 Augo: D bist doch von der Pärtie1
513 1461 1525 1542 Al fred: Ist sie dabei..
510 1585 1626 1712 Hugo: Also du kommst mit. - 2
510 1715 1678 1828 Al fred: Was gibt's denn .-2
513 1853 2810 2009 Hugo: Eine lustige Gesellschaft – guten Wein - vortreffli-
623 1995 1346 2150 ches Aaugement..
507 2113 1810 2274 Alzred: Wiri nicht eben geklopft.
502 2263 1724 2384 Hugo: Du erwartest Besuch..2
502 2395 1545 2505 Al fred: Nein, das nicht..
666 2490 2770 2712 das Dienstmädchen konnt herein und gibt alfred einen
608 2663 836 2756 Brief
490 2787 1303 2897 Alfred: Von Kätchen.
493 2934 2277 3084 Hugo: (am Dienstm.) Ah,meine reizende keine.
487 3041 2805 3156 Alfred: Geh'n Siel..(Hugo lässt das Dienstmädchen los, die-
611 3197 1081 3349 se eilt weg)
484 3329 2041 3494 Huge: Willst du nicht den Brief lesen!
473 3445 1582 3612 Alfred: Bist du bei Sinnen!
476 3543 2522 3762 Augo: Lass dich meine Aufrichtigkeit nicht kränken.
591 3736 2793 3877 aber ich versichere dich - mir wird es schwer, das alles
467 3860 1061 3986 mit anzusehen.
703 3989 1049 4128 Ao
