3016 4232
510 1211 1645 1438 Afredi Was willst du denn 2
524 1384 2735 1555 Hugo: Diese Verschwendung mit der schönsten Zeit des Le-
642 1522 2772 1670 bens! Diese bleichen Genüsse, diese abgehärmten Vergnü-
642 1637 2758 1816 gungen! Diese Sehnsuchtfideren eigentliches Wesen fist,
631 1782 2648 1925 sich nicht zu erfüllen! o,Alfred, die Bouteille voll
633 1911 2766 2071 funkelnden Weines steht vor dir, und du fürchtest dich,
639 2063 2814 2197 sie zu entkorken. Es knallt dir wol zu stark, guter Jun-
631 2189 2136 2301 gel- (Lacht) So lies doch den Briefle.
507 2306 2758 2491 Al Fred: Ich weiss wahrhaftig nicht, was sie nur so wichti-
617 2469 1483 2604 ges zu schreiben hat.
502 2598 2646 2769 Augo: Was wird sie dir schreiben! Sie liebt dich - und
614 2688 2800 2884 morgen darfst du wieder einen leiben Kuss auf die jung-
482 2802 631 2973 Eri
597 2847 2822 2982 äulichen Lippen drücken und übermorgen wieder – und wenn.
617 2990 2651 3147 du einmal deinen fixen Jahresgehalt hast, ist es dir
2074 3088 2200 3175 den
597 3111 2786 3285 vvielleicht sogar gestattet,sie vor deinen Altak zu füh-
622 3251 2732 3436 ren - und sie dein liebes Weib zu nennen.- Ha,Elender,
617 3388 2763 3554 wenn du es wagst - früher von ihr zu fordern, was wahre
605 3512 2819 3663 Liebe, brausendekleben so heissehnend, so gerne kostet,-wen
617 3646 2774 3811 du es wagst.- Aber warum liest du denniden Brief nicht?
575 3772 2811 3985 fred: Es wird drin stehn, was in jedem ihrer Briefe steht.
