3064 4328
2429 1219 2556 1337 15
2398 1351 2588 1481 516.
437 1259 1547 1530 Auseritt. - Mrocte, Ama.
446 1469 2619 1639 Anselm: Was sagte der Mannt - Aennchen! Eine Studentine
446 1616 2691 1774 Anma: (:eben im Begriffe, ins Kneipzimmer zu gehen:/ Ja-
440 1728 2539 1895 wol, Herr Berger; ein wunderschönes, ernstes Mädchen.
448 1854 2748 2018 Auselm: Ein ernstes Mädchen - ein regelmässiger Künstler-
443 1995 2631 2156 das passt nicht. Wozu braucht ein Mädchen Ernst und ein
440 2122 2688 2300 Kinstler Regelmässigkeitt So müssenbeide langweilig wer-
443 2271 624 2395 den.
414 2349 2720 2553 VI. Auftritt. - Anselm. Benno Minter erscheint an der Für;
437 2493 1863 2651 hinter ihm Fridolin Ix. Dann Anna.
443 2634 2631 2809 Lux: Bitte - nach Ihnen. So, hier wären wir. Grüss Gott,
451 2769 2720 2927 Auselm! Hier - Herr Denno Winter, Herr Anselm Berger.- Sie
2369 2869 2536 2944 eben
451 2898 2697 3062 sehen, Herr Winter, sonderlich elegant sieht's hier nicht
446 3027 2622 3188 aus; aber es ist recht gemütlich. Wir sind hier zumeist
440 3157 2702 3332 ungestört und da bleiben wir und plaudern bis ititteracht
446 3298 1121 3438 oder noch länger.
437 3401 2651 3594 Anna: (:kommt aus dem Kneiplokale, Rüder hinter ihr, der
443 3545 2576 3712 ihr einen Kues zu rauben sucht und rasch verschwindet:
440 3663 2731 3821 Lux: Das hier ist unser liebes Aennchen; ein artiges, wun-
437 3801 2521 3962 derhüibsches Mädchen, das uns mit gutem Weine bedient.
434 3910 2602 4094 Winter: so bring mir eine Bouteille, schönes Aennchen!
