3048 4424
592 1351 2202 1577 Ann. werden viele seines Schlzge huanhen
587 1534 2042 1687 Die weniger entschlossen sins als er.
479 1646 2128 1843 Justine: O ein entsetzlicher Entschluss!
2231 1764 2554 1922 Justine,
489 1828 846 1917 Sebaldus:
592 1903 2439 2068 Icn bitt euch, trechnet eure Schwerzenstränen,
609 2027 2387 2202 Blickt in die Welt hinaus; die schöne, helle,
604 2178 2176 2327 Die in des Morgenrotes jungen Taug Pagz
609 2296 2346 2449 sich eürem Blick so hoffnungslieblich zeigt.
606 2401 2425 2590 Er hätt euch hingeführt, wo nicht gut weilen,
616 2554 2461 2708 Erschrocken wär't ilr vor dem stolzen Jüngling,
618 2669 2382 2844 Den ihr bewundern konntét, doch nicht lieben.
616 2794 2425 2995 Wie freundlich nun das Weltall vor Euch liegt!
616 2952 1819 3127 Ein trüber Schatten ist dahik.
1747 3067 2308 3223 Er war so gut!
508 3115 831 3213 Justine:
513 3197 2437 3372 Sebaldus: Betrübend gut! Für alle Schmerzen wär-
623 3343 2300 3501 sein Herz geöffnet und für wenig Freude..
630 3448 2535 3599 vergesst ihn - nicht so schwer ist dies, als ihr
630 3585 2379 3765 Nun denkt im tfügerischen Licat der Neuheit.
628 3731 2257 3882 gesteht die Wahrheit und ihr sagt gewiss,
637 3894 2123 4038 Dass ihr in deksen allerletzten Tagen
635 3978 2420 4146 Gar (trübe Zeit durchlebt. Es war nicht Liebe,
2574 1112 2703 1268 44.
