3016 4152
2321 1224 2518 1398 18.80.
1276 1253 1612 1401 ändern:
405 1259 871 1438 Qroiter aax
1224 1409 1415 1548 tere.
402 1409 900 1566 1.Auftritt.
2312 1467 2628 1647 nJosese
2052 1476 2228 1626 r
1276 1496 1820 1667 in, verstört:)
396 1563 1024 1690 Peters: (:stürz
1294 1615 2729 1806 bt ee - und allel Aber sie müssen die
408 1675 1103 1809 Mörderl - Und sie
417 1733 2636 1945 Wahrheit erfähren - ich will ihnen sagen, dasn - hal und
420 1881 2711 2127 gafür verlangs ich blaubend - thantasleen eines erfindunge
428 1997 2706 2237 reichen Verbrechere... Ja, das werden sie sagen - und ich-
483 2127 2758 2350 Rehs, wehe, mir ist'e, als wären mir die Schergen auf den
425 2246 2601 2486 Fersen - als... (:Ir sperrt die Fir zu:) als klopften
428 2387 2593 2633 eis, als träten sie ein, schleppten nich ine Gefängnte
414 2520 2737 2740 unsshuldig zum Galgenl (:Schrei:/ Wie hat sich deine Laum
434 2677 2610 2871 gerächt, Josef, und meine Nachgiebigkeit! Und ich musr,
434 2764 2764 2992 muss sich finden! - Und... Aber wenn ich setzt nich aus de
437 2926 2683 3122 Stadt entferne, so heinst's: Petere ist entflohen. - Neh,
446 3064 2610 3282 reh, und ich & gebrancharktl - Hleiben muss ich - und
454 3163 2720 3368 OHarr, der ich binl (Ir ist scheinbar ruhig, sperrt die
451 3296 2659 3504 sechen ab u.macht Ordnung:) Vor mir selbst bin ich rein.
443 3441 2732 3649 Meins erete Prlicht let'e, den Freund aufzuaichen - sie so
1525 3562 1739 3655 tritt
451 3588 2737 3747 den glücklick werden! (:Xr M zur Für, will sie öftnen.
1806 3698 2570 3878 -wor - ach s0, ioh
466 3747 1603 3904 sio ist gesperrt. Enteetzt:)
472 3849 2717 4005 selbst - damit die.. (:Er schauert zusanmen u.geht langen
