3048 4360
549 1303 2788 1520 Im Gegenteil. Mein intimster Freund Anselm Berger erwar
466 1458 2663 1642 tet mich dort; ich will Sie mit ilm bekannt machen. Ich
484 1570 2143 1758 gläube, Sie werden mit ihm sympathisieren.
484 1713 2693 1876 W: Vielleicht tritt heute nachts um zwölf Uhr in unserer
481 1841 2710 1998 vereinsgüchtigen Zeit der Klub der Pessimisten ins Leben.
469 1992 2773 2158 Z: Sie haben aber die Bilder noch nicht gesehen, von denen
466 2105 1280 2253 Herr Fiichsel sprach.
472 2215 2702 2417 W: Damit hat's Zeit. Ich bin kühler geworden, auch gegen
469 2366 2859 2535 die Kunst. Kommen Sie. Und lassen Sie den Schopenhauer nicht
466 2526 775 2630 liegen.
475 2601 2601 2773 I: Erlaiben sie, min, mir noch eine Zigarre Inzuzünden.
466 2743 2696 2912 W: Ich kann Ihnen eine sehr gute offerieren - eine echte
457 2883 843 3016 Havannah.
466 2984 2728 3194 Ii Ah- sehr verbunden - Meine sind allerdings nichte, von
469 3126 2690 3292 der besten Sorte. (:Sie zünden sich die Zigarren an und
1170 3257 1568 3417 gehen ab:
1051 3384 1930 3533 Verwandlung.
1051 3521 1933 3675 Gasthaus zum Hirschen.
466 3613 2752 3833 ziemlich leere Wirtsstube. Man hört öfters danäben lautes,
466 3770 2749 3954 Aufen und Singen. Auf der Siene iet ziemlich mattes Licht.
466 3910 2645 4118 Anselm Berger sitzt vor einem Bierglas, das er hin- und
463 4046 2568 4213 hordreht. Ab u.zu pfeift er u. schweigt gleich wiedern
