3032 4312
428 1221 2323 1570 Eihtor: Nicht velmeinnig, aber wmel detzend Und.
454 1433 2691 1629 Tux: Ach ja, ich habe wahnsinnig geliebt, und wenn ich an
471 1550 2762 1761 jenes Weib denke inmitten Studium und schwieriger Gedanken
474 1681 2691 1901 folgé, da fliegt alles auseinander wie Blätter eines zer-
474 1869 1895 2043 rissenen Buches. (Er trinkt öfter:
474 1938 2760 2172 Winter: So habe ich nie geschwärmt, und Sie schwärmen noch
499 2172 788 2286 jetzt-
494 2254 1384 2411 Eux: Nach zehn Jahren.
1955 2326 2663 2471 wenn er viel Wein-
499 2386 1667 2568 Anselm: Aber er schwärmt nur. v
508 2534 1082 2677 getrünken hat.
517 2585 2700 2808 Lix: Nach zehn Jahren - Herr Winter - entschuldigen sie,
519 2777 1709 2934 aber die plötzliche Erinnerung
519 2857 2760 3059 Anselm: Ich habe niemals irgend einem Menschen von meinen
525 2976 2805 3168 Lieb und meinen Leidenschaften mitgeteilt. Ich habe so ge-
537 3113 2691 3322 ließt, so innig, so tief, dass jedes Wort mir eine Ent-
539 3313 1104 3444 weiiung diinkt.
551 3373 2742 3570 Winter: Sie haben nur einmal geliebtM- Und sprachen mit
554 3499 2688 3704 keinem Menschen ein Wort darüber; - und die erste Liebe
548 3661 2020 3838 machit doch so red- und schreibselig-
554 3758 2831 3950 Eux: Jawol; er sagte keinem Menschen was davon. Nicht ein-
554 3921 1401 4084 mal seinegt geliebten!
