3112 4344
566 1324 2744 1515 sich, durch welches man eine weibliche Stimme vernimmt:
563 1467 1982 1652 Weibl. Stimme: Friedrich! Friedricht
557 1574 2806 1798 Eügen: Hör" doch! - Eil ei! Das mag wel gar ein nächtlich
557 1716 1274 1862 Stelldichein sein!
543 1828 2705 2022 Bönifaz: Doch ist der schlimme Mann nicht hier! Re sei
2540 1994 2738 2089 denn,
918 2010 2716 2170 Dass du dich selber einmal Frielrich nanntgst
924 2131 2444 2285 Bei einer deiner Liebsten, und das Aug-
918 2232 1879 2377 Der Lieb' erspähte dich.
518 2366 1711 2526 Stimme: Friedrichl Friedrich!
510 2492 2215 2660 Eugen: Ich wollt, sie riefe noch ein Mall
515 2615 1817 2780 Bonifaz: Ein sonderbarer Wunsch.
507 2747 2013 2912 Stimme: Bist du im Garten, Friedricht
501 2864 2610 3072 Eugen: Bondfaz, Benifaz - o wenn sie nur noch einmal
501 2993 792 3164 riefs-
493 3133 1310 3273 Stämme: Friedrich-
482 3251 2542 3438 Zugen: Sie ile'e, sie ist’'s -o Bonifaz, sie ist’e
490 3394 795 3539 LXEX
857 3388 2414 3590 Albinei - Bonifaz -’'s ist ihre Stimme,
829 3536 2414 3710 Ich habe jahrelang x ihn nicht gehört,
857 3668 2638 3844 Den helden Klang - und wie gedenk ich sein-
851 3797 2486 3970 Es wallt un mich, von zaüberhaften Stunden
843 3942 2360 4122 Ein sinnbetäubend Flutenmeer - Albine
