3064 4152
2230 1169 2566 1330 Juni 83.
506 1227 1078 1385 Die Haulwürfe.
675 1339 2668 1534 Jene Leute, die irgend eine legal sozusagen sicher.
494 1505 2811 1669 Institution untergraben, mit oder ohne Glück. Eine Ehe dar-
488 1593 2838 1791 zustellen, u.z. eine allem Anscheine nach wohlkonsolidierte.
523 1742 2730 1976 Der Maulwurk ist der Hagestolz, der Hausfreund. Ein rei-
532 1897 2639 2122 ches Handelshaus, der sozialistische Arbeiter ist der
526 2093 909 2218 Maulwurf.
696 2072 2744 2379 Abert Horner, ein relcher solider Kaufhann mit viel
538 2335 1441 2508 Verstand, ohne Geist.
696 2344 2370 2621 Aies, eins liebenswürdige, gellebte Frau.
710 2540 2645 2756 v. Kiliner, der vierzigjährige Hagestolz und Rous.
704 2724 1514 2835 Benno, der Arbeiter.
716 2844 1438 2960 Dr. Paul, der Chor.
719 2870 2885 3089 Dr. Paul au Schluss des Stückee! Das Schlimme dabei ist
529 3010 2733 3308 nur, dass diese Haulnürke von ihrem Ständpunkt aus Recht
567 3256 842 3428 nabon.
