3128 4168
619 1264 1456 1406 licht lange so weiter.
764 1350 2821 1554 Wiliner tritt herein: Man sagt mir, Sie seien wieder
622 1479 2757 1663 ingekommen. Ich freue mich, Sie zu sehen. Eine reizende
586 1635 1345 1777 Frau, Ihre Cousine.
776 1733 2930 1908 Paul: An, wein man künktig von meiner Frau so spräche.
778 1861 2837 2056 willner: Und ich sage Ihnen: was taugt diese moderne
597 1989 2489 2173 Gesellschaft, dieses überlebte Institut der Thel
773 2132 2090 2282 Benno: Allgemeinheit, Gleichheit.
784 2260 2835 2425 willner: Wir sollten versuchen, die Welt unzugestal-
605 2413 767 2558 ten.
784 2511 2851 2676 Paul: Ihr werdet sie stets nur untergraben. Denn Ihr
650 2637 2818 2832 seld die Mauf würke der modernen Gesellschaft. Ihr seid
647 2765 2784 2960 die Menschen mit dem grossen Nagetalent, der Schrecken
647 2916 1336 3089 der Vernünftigen.
787 3036 2550 3181 Adert und Miee kehren zurück. A, noch dar
804 3125 2946 3337 Taulf, zu Benno: Also Sie werden nicht versuchen, Ruhe
658 3331 1426 3465 zu stiftent - Nein.
815 3395 2910 3602 zu Willner: Sie werden nicht aufhören, meiner Cousine
625 3546 2865 3719 die sour zu machent - Gewiss nicht. - Gruppierung: Benno,
622 3697 1950 3833 der Fabrikeherr - Alice, Wiliner.
