3080 4296
2635 1082 2786 1274 25.
664 1286 2437 1492 wan müsslvom Umfang Stück um Stück entfernen.
667 1443 2082 1621 len hüipt darüber. Wac. Sebaldusl und
662 1609 2469 1761 Nun bin ich draussen. So - einGläslein noch-
667 1721 2259 1893 Nich hält es auch nieht eine Stunde mehr.
659 1856 2199 2019 In diesen Räumen. komm, Sebalduss komm!
659 1976 2403 2133 Wir wollen drauss im Freien Abschied zehmen,
664 2076 2554 2257 Und manches noch, doch nicht zu viel besprechen.
656 2219 2242 2397 Denn das Vergangne ist ja nicht gewesen-
662 2368 1335 2534 und was da kommt-
1352 2494 2480 2632 Bah, soll uns das bekimmern.
553 2497 882 2680 Sebaldus
690 2620 2709 2804 (:Sie näher sich beygistert, freundlich unschlungen
662 2769 2666 2884 der Tür, und begegnen im Hinausgehen, dem Wedardes,
547 2895 2849 3093 einem nett angezegenen Junker. apdie dem guten Friederich:).
538 3038 753 3156 11.X.
544 3130 2348 3310 Friederich: War das nicht Sebaldus, mit dem
653 3293 1810 3436 Unser Freund von dannen gingl
533 3416 2265 3528 Medardes: Beim Himmel, er ist'’si seht nur,
647 3545 2093 3706 dort- über die Wiesen wandeln sie im
650 3657 2838 3846 Dämmerschein dahin, raschen Schritts und freudig erregt.
