3048 4328
618 1336 2785 1503 Ist ein rechtes Unglück, dass sich der Mensch schliese-
489 1486 1394 1632 Lich an alles gewöhnt.
503 1583 2716 1756 Anselm: Oder fauch ein Glück. Wie peinlichtwäre es, wenn
512 1707 2799 1888 wir uns in ewiger Neuheit bewegten und die Dinge uns nicht
549 1851 2836 2032 traulicher würden mit der Zeit, wenn wir sozusagen unseren
517 1997 1920 2124 eigenen Gewohnheiten frend blieben-
514 2109 2799 2282 Winter: Aber eben durch dieses Traulichwerden verlieren so
552 2250 1971 2417 vi ale Dinge und Personen ihren Reiz!
512 2374 1739 2535 Lux: Erinnerst du dich, Anselmt
2316 2483 2747 2635 alte Liebe
514 2494 2285 2681 Anselm: Si fhaben ihn durch Ihre worte an eine
514 2667 839 2796 gemahnt.
512 2759 1560 2931 Winter: Sie haben geliebte
517 2902 1560 3061 Lux: Das nimmt Sie Wunderl
512 3000 2770 3167 Auselm: Aufrichtig gestanden, Herr Winter, eben sie sehen
523 3130 2834 3328 aus, als XxX ob Sie Glück und Unglück der Zisbe vollkom
512 3259 2423 3451 men, ja bis zum Ueberdruss durchgekostet hätten.
517 3380 2762 3569 Winter: Gleichgiltigkeit pflegt die selben Spureh zu hin-
535 3503 2698 3710 terlassen wie grosve Aufregung. Eine gewiese Blässe des
514 3673 1563 3851 Geistes und der Gesinnung.
517 3788 2667 3974 Ex: Ich habe wälnsinnig geliebt. (:Trinkt rasch Wein:
566 3928 1721 4084 Anselm: Und Sie, Herr Winterl
