3032 4312
530 1282 904 1411 P. AuEaag.
472 1411 1598 1584 Salon bei Herrn Weissenberg.
467 1682 927 1794 T. Auftritt.
472 1777 2575 1967 Frau Weissenberg steht beim Klavier; sie singt aus Net
467 1930 2497 2117 ein Lied; Kuno Flügelmann begleitet sie auf dem Piai
467 2048 1676 2238 Frau W: (bricht plötzlich ab:
464 2172 2765 2353 Kuno F: (macht einige nervöge Bewegungen und setzt selber
458 2316 1308 2460 den Gesang fort:) a
458 2439 1886 2609 Frau W: Ich bitte, lieber die Aida-
452 2595 2713 2739 Flügelmann: Dazu; verehrte gnädige Frau, ist uns die Zeit
455 2704 1382 2868 heute zu kurz gemessen.
449 2831 2693 2998 Frau W: Ach, aber ich komme mit der Partie nicht zu Ende!
449 2955 2707 3142 Flügelm: Eo eilt ja nicht - die Frische Ihrer Stimme, die
446 3122 1872 3252 Jugendlichkeit Ihrer Arscheinung....
446 3243 2759 3393 Frau W: Ach, Sie haben von meinem Talent eine zu gute Mein
438 3361 2699 3540 ung, Herr. Flügelmann; ich werde alt und noch bin ich sehr
438 3485 1325 3632 fern von meinem Ziele.
435 3606 2062 3776 II.Auftritt. - Vorige. Herr Weissenberg.
435 3738 887 3879 Begrüssung.
426 3885 2687 4069 Weisgenberg: Liebe Bertha, ich habe dich singen hören und
