3032 4248
2231 1260 2674 1428 vorgestern.
1263 1260 1527 1423 eht von
1089 1414 1321 1541 zwanz!
519 1437 721 1570 or e
953 1533 1631 1695 doch ins assicht.
472 1544 817 1698 P: Sieh1
461 1623 2773 1840 A. I bist zwar mein wahrer teurer Freund; aber - mir wird
464 1776 1333 1947 dadrch nicht besser.
464 1878 2796 2069 P: Eine Unzufriedenheit mält dich, die unseren Jahren voll
481 2008 2698 2214 sehnsucht eigen und natürlich ist. In musst denken, dass
481 2179 1130 2335 das andere wird.
464 2306 1565 2480 H. Weiss ich das so gewisel
469 2393 2767 2590 k: Hab ich nicht mehr Freund, verzweifelt zu sein, als dr
461 2567 1382 2741 oder hatte wenigstene-
475 2671 2080 2845 H: (:erregt:/ Du liebet sie nicht mehr.
501 2819 2663 3002 P: Und wenn ich sie noch liebtef - Auch die Gewissheit,
588 2926 2793 3126 es etwas n i oht sein kann, ist tröstlich, da sie ge
635 3089 1003 3251 meit 1et.
507 3242 1478 3352 R: Lieb ich sie noch-1
640 3347 1379 3506 das fragst di micht
1000 3448 2712 3625 dich des Abende erinnern, Fritz, an dem wir
1052 3578 2738 3758 en Male das Mädchen sahen und beide sagten:
536 3613 855 3773 olde zum
