3064 4248
424 1217 2646 1444 An ein Kranker Wensch. auch alles, was un nich iet, musd
404 1374 2583 1543 fort - ich muse die Umgebung verlassen, in der ich mich
413 1508 1967 1682 bewege - ich entflich aus dieser stadt.
413 1638 1606 1798 P: Hab auch ich dich gekränktt
398 1740 2693 1952 K: Du nick kränkent - Aber ich muss ganz allein sein. Lle-
407 1888 2612 2068 ber, lieber Fritz, rede mir nicht ab; eo darf nicht, es
418 2002 2591 2193 kann nicht so bleiben, ich müsste bald verrückt werden.
413 2153 1763 2318 P: Deins Ida willst du verlansen-
392 2266 2597 2449 H. Rede mir nicht ab, ich bitte dich - kein lönsch soll
410 2417 2681 2594 nach mir euchen - es ist ja doch niemand da, der mich gar
418 2536 2728 2710 so besonders liebt. Dr selber schreib ich in kurzen. Aber
421 2644 2751 2850 alls Andern, alle, alle andern sollen meinen, ich sei nicht
421 2763 2751 2986 mahr da, sei überhaupt nirgende mehr - gal - sef - tot not-
424 2917 2568 3103 netwegen - Nimm ein Rlatt Papier, Fritz, und schreibe
442 3042 2594 3265 (:auf seine verhundene Handweisend:) ich selber kann
427 3227 700 3367 nicht.
433 3300 2539 3506 EPächelndi) Der abentaerliche Kopf muer ausgähren.
447 3434 2693 3623 (:Mit einem saltsamen Blick:) De ist wirklich ein spase.
433 3567 2574 3782 Ki i hättest dich setzt in splegel betrachten sollen.
433 3730 988 3890 E: Harum dast
436 3797 2725 4018 K: leh habe dir sa erzählt, dass se Leute giebt, einzelne
