3144 4376
2650 1257 2797 1376 241
771 1494 2907 1689 ardes: Ach, ich bin nie missgestimmt. Ich kenne über-
732 1653 2867 1791 haupt nicht das, was man Stimmung nennt. Ich weiss nur
740 1788 2882 1890 vom geniessen und niet geniessen. Aber es bleibt doch
737 1887 2910 2074 sonderbar, dass Heinrich diese Justine noch immer nicht
737 2026 1113 2178 neiratet.
624 2130 2754 2300 Friederich: Hat er dein überhaupt je an Hochzeit mit
718 2257 845 2319 vesen
729 2283 2994 2435 ihr gedacht? Er liebt und ist verdriesslich – damit hab ich
737 2446 2831 2568 euen ein Bild Heinrichs gezeichnet – wie es jetzt vor
718 2559 1833 2689 mir und vor uns allen steht.
607 2675 2856 2850 Medardes: Gen'n wir ein bischen spaziren, Friederich,-
723 2808 2924 2949 ich möchte in die Luft,- ihr mürst mir einen Rat geben,-
720 2941 1904 3037 wie ich in besseren Rut komme.
1506 2989 1978 3122 mit einchal
613 3057 1042 3175 Friederich:
1136 3065 2494 3187 Liegt euch uäderen viel dran.
599 3158 2822 3317 Medardés: Wisst ihr denn nicht, dass mir an gar nichts
706 3325 2610 3461 liegt. Wenn ich nur n icht so gleichgiltig wäre.
675 3452 2757 3610 riederich: Aber das seid ihr ja gar nicht. Ihr seid-
720 3582 1664 3729 sogar ein Marin von Witz.
709 3726 961 3873 dardes:
980 3706 2811 3862 Witzi Mein Unglück! Mein Witz macht mich bei
848 3839 2856 4009 Weibern beliebt - meine Beliebtneit macht mich sie
918 3972 2915 4167 ihren, die Verkührung brachte mich in schlechten Auf
