<?xml version="1.0" encoding="UTF-8" standalone="yes"?>
<PcGts xmlns="http://schema.primaresearch.org/PAGE/gts/pagecontent/2013-07-15" xmlns:xsi="http://www.w3.org/2001/XMLSchema-instance" xsi:schemaLocation="http://schema.primaresearch.org/PAGE/gts/pagecontent/2013-07-15 http://schema.primaresearch.org/PAGE/gts/pagecontent/2013-07-15/pagecontent.xsd">
    <Metadata>
        <Creator>prov=READ-COOP:name=PyLaia@TranskribusPlatform:version=2.7.0:model_id=50870:lm=none:date=22_01_2024_15:29</Creator>
        <Created>2023-09-27T14:32:24.440+02:00</Created>
        <LastChange>2024-01-22T15:29:07.043+01:00</LastChange>
        <TranskribusMetadata docId="1589026" pageId="60122055" pageNr="92" tsid="145619782" status="IN_PROGRESS" userId="40391" imgUrl="https://files.transkribus.eu/Get?id=FBYHEXIOXXUSXSCCFBAQNVOT&amp;fileType=view" xmlUrl="https://files.transkribus.eu/Get?id=FJWOYKQICABODBSUGYROIQHM" imageId="48547134"/>
    </Metadata>
    <Page imageFilename="1589026_0092.jpg" imageWidth="3096" imageHeight="4232">
        <ReadingOrder>
            <OrderedGroup id="ro_1711796340007" caption="Regions reading order">
                <RegionRefIndexed index="0" regionRef="tr_1"/>
            </OrderedGroup>
        </ReadingOrder>
        <TextRegion orientation="0.0" id="tr_1" custom="readingOrder {index:0;}">
            <Coords points="546,1442 546,3913 2894,3913 2894,1442"/>
            <TextLine id="tr_1_tl_1" custom="readingOrder {index:0;}">
                <Coords points="601,1559 801,1544 1081,1602 1450,1553 1624,1590 1696,1544 1976,1604 2277,1556 2442,1593 2525,1539 2728,1602 2877,1567 2874,1444 2654,1487 2085,1450 1965,1490 1696,1441 1427,1479 1244,1433 1150,1473 598,1436"/>
                <Baseline points="617,1504 730,1509 843,1513 957,1516 1070,1516 1184,1518 1297,1519 1410,1521 1524,1523 1637,1525 1751,1524 1864,1528 1977,1531 2091,1531 2204,1533 2318,1534 2431,1537 2544,1537 2658,1537 2771,1539 2885,1539"/>
                <TextEquiv>
                    <Unicode>vielen Reisen des Tronfolgers in der letzten Zeit zu bedar-</Unicode>
                </TextEquiv>
            </TextLine>
            <TextLine id="tr_1_tl_2" custom="readingOrder {index:1;}">
                <Coords points="592,1705 792,1650 1087,1644 1327,1730 1499,1690 1685,1727 1813,1685 2299,1747 2600,1699 2886,1719 2857,1562 2700,1619 2477,1576 2268,1619 2039,1570 1896,1610 1118,1576 1041,1616 592,1564"/>
                <Baseline points="608,1638 722,1638 836,1641 950,1643 1065,1642 1179,1645 1293,1647 1408,1647 1522,1650 1636,1650 1751,1655 1865,1656 1979,1657 2093,1662 2208,1662 2322,1663 2436,1668 2551,1666 2665,1668 2779,1671 2894,1668"/>
                <TextEquiv>
                    <Unicode>ten hatten, misste man ja an Ende, und das logale Volk uns</Unicode>
                </TextEquiv>
            </TextLine>
            <TextLine id="tr_1_tl_3" custom="readingOrder {index:2;}">
                <Coords points="595,1836 1313,1785 1682,1790 1839,1839 1962,1788 2159,1828 2308,1790 2388,1833 2883,1819 2883,1750 2711,1725 1464,1745 1221,1702 978,1727 835,1676 595,1719"/>
                <Baseline points="611,1763 725,1765 839,1766 953,1768 1067,1769 1181,1769 1295,1773 1409,1777 1523,1778 1637,1778 1751,1781 1865,1781 1979,1787 2093,1787 2207,1790 2321,1791 2435,1793 2549,1792 2663,1793 2777,1799 2891,1793"/>
                <TextEquiv>
                    <Unicode>res Landes war I auf das freidige Kreignis schon vorberei-</Unicode>
                </TextEquiv>
            </TextLine>
            <TextLine id="tr_1_tl_4" custom="readingOrder {index:3;}">
                <Coords points="575,1893 1293,1982 1470,1948 1616,1996 1805,1942 2111,2002 2863,2005 2860,1865 2780,1850 2388,1879 2162,1830 2088,1870 1788,1845 1742,1876 1636,1828 1507,1870 1244,1822 1124,1862 958,1810 575,1839"/>
                <Baseline points="590,1889 704,1895 818,1898 932,1898 1046,1898 1160,1900 1274,1902 1388,1906 1502,1905 1616,1913 1730,1913 1844,1913 1958,1915 2072,1916 2186,1919 2300,1922 2414,1923 2528,1925 2642,1927 2756,1930 2871,1930"/>
                <TextEquiv>
                    <Unicode>tet. Nun kann und darf es f an Festivitäten und ähnlichen</Unicode>
                </TextEquiv>
            </TextLine>
            <TextLine id="tr_1_tl_5" custom="readingOrder {index:4;}">
                <Coords points="589,2076 921,2036 1075,2091 1379,2042 1670,2076 1828,2048 1905,2111 2005,2059 2408,2114 2703,2062 2826,2105 2823,1996 2511,2019 2368,1982 2299,2016 2159,1979 2096,2011 1873,1965 1607,2002 1170,1948 1015,1988 801,1922 589,1968"/>
                <Baseline points="605,2020 716,2020 827,2023 938,2024 1049,2026 1161,2029 1272,2029 1383,2033 1494,2035 1605,2039 1717,2043 1828,2040 1939,2043 2050,2047 2161,2047 2273,2050 2384,2052 2495,2053 2606,2056 2717,2057 2829,2056"/>
                <TextEquiv>
                    <Unicode>erfreulichen Kindgebungen nicht fehlen, und abgesehen von</Unicode>
                </TextEquiv>
            </TextLine>
            <TextLine id="tr_1_tl_6" custom="readingOrder {index:5;}">
                <Coords points="581,2222 801,2216 924,2156 1427,2165 1910,2237 2019,2191 2151,2242 2305,2208 2548,2259 2717,2196 2857,2222 2857,2128 2205,2136 2125,2102 1996,2139 1842,2102 1673,2131 578,2076"/>
                <Baseline points="596,2148 709,2149 822,2148 936,2153 1049,2157 1163,2157 1276,2158 1390,2160 1503,2163 1617,2165 1730,2169 1843,2172 1957,2170 2070,2172 2184,2174 2297,2175 2411,2180 2524,2181 2638,2184 2751,2187 2865,2187"/>
                <TextEquiv>
                    <Unicode>Illuminationen, Fackelzügen, Reden, Adressen und ähnlichen</Unicode>
                </TextEquiv>
            </TextLine>
            <TextLine id="tr_1_tl_7" custom="readingOrder {index:6;}">
                <Coords points="578,2357 867,2288 1047,2331 1175,2288 1705,2374 1993,2314 2085,2377 2205,2382 2354,2317 2757,2388 2783,2251 2259,2274 2191,2234 1976,2265 907,2199 869,2237 812,2205 575,2228"/>
                <Baseline points="593,2274 702,2277 812,2280 922,2283 1032,2285 1142,2287 1252,2287 1361,2289 1471,2291 1581,2298 1691,2295 1801,2298 1911,2299 2021,2301 2130,2304 2240,2307 2350,2309 2460,2309 2570,2312 2680,2315 2790,2318"/>
                <TextEquiv>
                    <Unicode>schönen Dingen steht uns je auch in dem so ausgaeichnet</Unicode>
                </TextEquiv>
            </TextLine>
            <TextLine id="tr_1_tl_8" custom="readingOrder {index:7;}">
                <Coords points="566,2457 732,2482 867,2414 1150,2414 1321,2482 1556,2425 1670,2494 2108,2505 2151,2471 2239,2508 2331,2474 2411,2511 2625,2477 2831,2517 2860,2400 861,2365 715,2325 563,2362"/>
                <Baseline points="581,2414 695,2406 809,2405 924,2408 1038,2408 1152,2411 1267,2414 1381,2417 1495,2415 1610,2423 1724,2423 1838,2426 1953,2429 2067,2429 2181,2432 2296,2435 2410,2438 2524,2437 2639,2444 2753,2449 2868,2447"/>
                <TextEquiv>
                    <Unicode>geleitsten Theater der Residenz ein theatre paré bevor, zu</Unicode>
                </TextEquiv>
            </TextLine>
            <TextLine id="tr_1_tl_9" custom="readingOrder {index:8;}">
                <Coords points="569,2543 1018,2597 1095,2551 1324,2625 1576,2634 1765,2554 1948,2608 2013,2563 2620,2625 2731,2603 2731,2505 2502,2537 2142,2520 2048,2477 1822,2517 1536,2514 1404,2468 1155,2505 1024,2468 566,2488"/>
                <Baseline points="584,2530 691,2533 799,2533 907,2533 1015,2538 1122,2542 1230,2542 1338,2542 1446,2549 1553,2548 1661,2554 1769,2554 1877,2557 1984,2558 2092,2562 2200,2560 2308,2566 2415,2569 2523,2572 2631,2572 2739,2569"/>
                <TextEquiv>
                    <Unicode>welchen ich so frei war, ein Festspiel zu dichten. (:Xr</Unicode>
                </TextEquiv>
            </TextLine>
            <TextLine id="tr_1_tl_10" custom="readingOrder {index:9;}">
                <Coords points="566,2737 1233,2717 1476,2757 1647,2743 1727,2688 1971,2766 2148,2731 2216,2766 2374,2700 2700,2746 2809,2723 2809,2614 2488,2660 2414,2611 2251,2660 2131,2614 1519,2643 1084,2588 990,2625 563,2608"/>
                <Baseline points="581,2662 692,2665 804,2665 916,2668 1028,2668 1140,2673 1251,2674 1363,2675 1475,2680 1587,2680 1699,2683 1810,2684 1922,2686 2034,2687 2146,2692 2258,2692 2369,2694 2481,2697 2593,2697 2705,2701 2817,2700"/>
                <TextEquiv>
                    <Unicode>zieht bei diesen Worten ein Manuskript aus der Tasche und</Unicode>
                </TextEquiv>
            </TextLine>
            <TextLine id="tr_1_tl_11" custom="readingOrder {index:10;}">
                <Coords points="603,2791 766,2871 1155,2889 1490,2820 1759,2877 1873,2826 1993,2871 2074,2834 2640,2866 2637,2763 2482,2746 1951,2780 1750,2734 1519,2763 1230,2717 1087,2757 603,2728"/>
                <Baseline points="620,2790 721,2796 822,2796 924,2799 1025,2799 1126,2802 1228,2804 1329,2805 1430,2811 1532,2810 1633,2814 1734,2814 1836,2814 1937,2817 2038,2820 2140,2823 2241,2823 2342,2827 2444,2829 2545,2832 2647,2832"/>
                <TextEquiv>
                    <Unicode>bietet es mit verbindlichen Worten dem Firsten dar:)</Unicode>
                </TextEquiv>
            </TextLine>
            <TextLine id="tr_1_tl_12" custom="readingOrder {index:11;}">
                <Coords points="552,2986 1536,3023 1710,3012 1808,2952 1988,3003 2274,2960 2688,3006 2668,2857 1619,2909 1516,2857 1356,2894 552,2854"/>
                <Baseline points="567,2918 673,2925 779,2927 885,2930 992,2932 1098,2936 1204,2936 1310,2938 1417,2939 1523,2942 1629,2936 1735,2945 1842,2950 1948,2951 2054,2948 2160,2949 2267,2957 2373,2959 2479,2960 2585,2960 2692,2960"/>
                <TextEquiv>
                    <Unicode>Hoh: Sehr wohl, sehr wöhl - allerdings - ich meine nur</Unicode>
                </TextEquiv>
            </TextLine>
            <TextLine id="tr_1_tl_13" custom="readingOrder {index:12;}">
                <Coords points="598,3137 1193,3106 1407,3155 1713,3123 1896,3152 2154,3097 2291,3155 2482,3103 2846,3112 2843,3029 2737,3006 2643,3046 2360,3009 2076,3052 1973,2989 1587,3046 1467,3003 595,3000"/>
                <Baseline points="611,3053 723,3059 835,3056 947,3064 1059,3062 1171,3068 1283,3065 1395,3071 1507,3071 1619,3074 1732,3077 1844,3075 1956,3082 2068,3082 2180,3082 2292,3087 2404,3091 2516,3091 2628,3094 2740,3097 2853,3094"/>
                <TextEquiv>
                    <Unicode>werter Herr, ich glaube, es zaigt von einem zianlich hoch</Unicode>
                </TextEquiv>
            </TextLine>
            <TextLine id="tr_1_tl_14" custom="readingOrder {index:13;}">
                <Coords points="561,3240 1753,3263 1750,3169 1659,3146 558,3132"/>
                <Baseline points="573,3178 632,3184 691,3184 751,3187 810,3187 869,3187 929,3190 988,3191 1047,3195 1107,3193 1166,3193 1225,3193 1285,3193 1344,3196 1403,3196 1463,3196 1522,3199 1581,3201 1641,3202 1700,3198 1760,3193"/>
                <TextEquiv>
                    <Unicode>entwickelten selbst vertrauen-</Unicode>
                </TextEquiv>
            </TextLine>
            <TextLine id="tr_1_tl_15" custom="readingOrder {index:14;}">
                <Coords points="555,3386 1341,3366 1484,3409 1639,3363 1930,3421 1999,3369 2216,3415 2325,3392 2385,3441 2437,3409 2826,3435 2826,3300 1988,3266 1885,3309 1467,3243 552,3235"/>
                <Baseline points="570,3312 683,3317 796,3318 909,3318 1022,3321 1135,3324 1248,3324 1361,3328 1474,3328 1587,3333 1701,3336 1814,3339 1927,3342 2040,3342 2153,3342 2266,3348 2379,3347 2492,3348 2605,3353 2718,3354 2832,3345"/>
                <TextEquiv>
                    <Unicode>Botr: Ja, das hab ich. Nahrhaftig, Dirchlaucht; ich verei-</Unicode>
                </TextEquiv>
            </TextLine>
            <TextLine id="tr_1_tl_16" custom="readingOrder {index:15;}">
                <Coords points="581,3495 2259,3526 2497,3584 2820,3509 2823,3426 2440,3409 2388,3441 2294,3395 2254,3429 2071,3398 1673,3429 1564,3383 1367,3415 1173,3369 1004,3415 578,3372"/>
                <Baseline points="596,3444 707,3447 819,3450 930,3453 1042,3453 1153,3456 1265,3456 1376,3459 1488,3462 1599,3463 1711,3464 1822,3468 1934,3470 2045,3473 2157,3473 2268,3472 2380,3481 2491,3483 2603,3483 2714,3487 2826,3485"/>
                <TextEquiv>
                    <Unicode>chere sie, dieser Borromäus Miemberlin wird's noch einmal</Unicode>
                </TextEquiv>
            </TextLine>
            <TextLine id="tr_1_tl_17" custom="readingOrder {index:16;}">
                <Coords points="543,3598 689,3655 741,3621 786,3646 1055,3632 1175,3667 1270,3649 1267,3549 1198,3552 1135,3515 1047,3538 947,3495 775,3535 541,3504"/>
                <Baseline points="555,3572 591,3572 627,3574 663,3575 699,3576 735,3578 771,3575 807,3577 843,3577 879,3576 916,3578 952,3581 988,3581 1024,3582 1060,3583 1096,3581 1132,3584 1168,3586 1204,3584 1240,3580 1277,3578"/>
                <TextEquiv>
                    <Unicode>zu etwas bringen-</Unicode>
                </TextEquiv>
            </TextLine>
            <TextLine id="tr_1_tl_18" custom="readingOrder {index:17;}">
                <Coords points="532,3764 681,3715 804,3775 944,3741 1018,3792 1513,3810 1616,3772 2134,3807 2294,3744 2380,3801 2591,3752 2817,3781 2814,3681 2545,3658 2022,3687 1739,3644 1579,3687 1487,3646 529,3644"/>
                <Baseline points="546,3703 659,3707 773,3703 887,3712 1000,3712 1114,3715 1228,3716 1341,3720 1455,3721 1569,3724 1683,3724 1796,3727 1910,3727 2024,3730 2137,3733 2251,3736 2365,3734 2478,3736 2592,3745 2706,3746 2820,3748"/>
                <TextEquiv>
                    <Unicode>Hoh: "Ein Festspiel von Borromäte Memberlin“.- De ist wol</Unicode>
                </TextEquiv>
            </TextLine>
            <TextLine id="tr_1_tl_19" custom="readingOrder {index:18;}">
                <Coords points="543,3907 729,3884 867,3941 1193,3910 1350,3944 1576,3887 1968,3955 2431,3924 2531,3961 2714,3912 2714,3807 2062,3830 2011,3792 541,3764"/>
                <Baseline points="558,3838 666,3839 774,3841 882,3845 990,3847 1098,3847 1206,3850 1315,3852 1423,3855 1531,3855 1639,3861 1747,3858 1855,3864 1963,3866 2072,3867 2180,3872 2288,3870 2396,3873 2504,3876 2612,3879 2721,3882"/>
                <TextEquiv>
                    <Unicode>kein zweifel, dass ausser Ihrem geries gam schätzbaren</Unicode>
                </TextEquiv>
            </TextLine>
            <TextEquiv>
                <Unicode></Unicode>
            </TextEquiv>
        </TextRegion>
    </Page>
</PcGts>
