3128 4392
2544 1119 2682 1254 18.
513 1352 2676 1627 friederieh: Wan kann ihm nicht recht traun, sieht man
606 1501 2746 1708 inn so von Antlitz zu Antlitz. So blass und die Lippen
617 1627 2771 1843 schmal. Im Aug" ein dunkler, sschwimmender Glanz, sein
2272 1733 2516 1837 redet,
611 1776 2799 2020 Ganzes Wesen so starr und still; und wenn er in langsam
626 1896 2760 2149 wachisender Bewegung, als begänne sie mit tiefer Berüh-
634 2031 2757 2258 rung in irgend einem versteckten Aederchen seines Lei-
637 2191 2651 2373 bes, schickte dort zur Reise sich an und pulste, nun
637 2289 2460 2502 weiter von Ader zu Ader dureh den ganzen Leib.
527 2415 2785 2654 Bedardes: IEr schneichelt dem Mann, und Friederich nacht
611 2606 1697 2780 -ihn seltsamer, als er ist.
544 2679 2710 2937 wirt: Der Herr hat nicht so Unrecht, Junker Medardes,
648 2811 2760 3032 und gar jetzt, wo zu all dem noch die schwarze Gewan-
668 2926 2684 3136 dung dazukommt vom Kopf bis zu Fuss und das Gerüchit
668 3046 2864 3265 vor ihmeher, das geheimnissvolle, schauerliche Werk das
668 3273 1220 3408 er vollfütrt.
567 3346 2808 3540 Wedardes: Nur 1a, man konnt’ ihn nie recht Freund sein,
676 3467 2746 3680 und wol begreiflich ist's, dass ihm gleich das erste
693 3596 2830 3781 weiblein, bei dem er sich anfragte, schlimmen Bescheid
698 3745 2794 3924 gab, worauf er sich nun empfahl und auf und davorzzug.
1338 3851 1607 3947 freilent
698 3829 2923 4045 um in einer ihm wolpassenden Gesellschaft wiederzukehren.
