3080 4232
485 1474 2752 1632 väter, ich bin glücklicher Bräutigam der Prinzesvin Leono-
482 1562 2706 1780 re. Jul1b. (:Drüokt dem Kinistersgerihrt die Handi) ich
473 1722 1442 1903 danke Ihnen, Wellenhikg
470 1880 2633 2043 Minister v. N. Dark ich die Nachricht verbreiten lassent
476 1994 2431 2180 könig: Durch die ganze Stadt... durchs gänze Lundi
473 2125 1051 2288 Minister /:ab:
467 2183 2814 2414 könig: (:setzt sich rasch zum Schreibtisch und schreibt; er-
473 2399 2720 2542 klingelt u.übergiebt dem hereintretenden Kammerdiener das
470 2522 2735 2691 Papior:/glücklicher Bräutigen"1o wie wünoch ich's dir,
464 2636 2767 2808 daso du sis liebst, wirklich liebst - der Erste nach langer
458 2796 2712 2930 Zeit von den Beherrschern dieses Landes! Dass du in diese
458 2904 2770 3073 stät einziehst, ein Liebender und geliebter - am Herzen des
470 3050 2676 3196 Weibes Erquickung, Friede findest nach dem kriegeriochen
470 3167 2636 3327 Tag! (:Rukt hinaus:) Licht in mein Zimmer, Lichtl - Wie
455 3287 2744 3467 mit eineale wieder die Erinnerung aufsteigt an jenen Tag,
452 3430 2662 3587 wo ich mir die Brait erkor.., aber nun sinde zehm Jahre,
452 3573 2580 3727 dass Iuise tot ist - und - weg jedes liebe Angedenken!
452 3660 2662 3835 Kammerdiener: (:komnt:) Eine zweite Depesche, Majestät.
441 3797 2662 3978 König: "Feurer Vater, ich lange noch heute nachts in der
435 3943 1311 4092 Residenz eine Juliue.
