3080 4232
522 1322 2734 1510 Produkte bei der Hoftheaterintendantur noch einige andre
536 1478 2077 1619 Festspiele eingereicht werden dürften-
530 1582 2850 1778 Bott: Jadenfalls, Drchlaucht, bin.ich der Erste, und schen
524 1714 934 1864 insofern-
522 1850 2752 2031 Hoh: O, ich weise Ihre besondre Loyalität gewiss zu schä-
530 1974 2795 2161 tzen - aber ich meine - im - Wiegen Sie, werter Herr, Aien-
556 2118 2674 2293 berlin, ein theatre pars ist, um mich einen kurzen be
519 2230 2743 2403 zeichnenden Wortes zu bedienen, etwas Hochadeliges. Und-
516 2374 2749 2550 sind Sie vielleicht mit irgend einer aristokratischen Fa-
510 2527 1928 2662 milie in irgend welcher Verbindung-
507 2628 2717 2835 Borr: Hm -- Eine Cousine von mir hat auf einem Hausball
498 2778 1501 2919 mit einem Baron getanzt-
490 2873 1795 3048 Hoh: Und er hat sie geheiratet-
496 3020 1965 3158 Borr: Sie wäre nicht dagegen gewesen.
493 3123 2803 3336 Hoh: Werter Herr Memberlin - ich werde Ihr Festpiel jeden
524 3279 2818 3437 falle lesen und Sie dann in der mir geeignet erscheinenden
478 3400 2703 3587 Art und Weise von dem Ge- oder Miefallen in Kenntnie ge-
493 3558 2783 3717 tzen, das ich an diesem Kind Ihrer werten Mise gefunden ha-
481 3662 2167 3844 be. (Intlässt ihn mit einer Handke weging:
481 3800 2608 3991 Botr. kenn Eere Durchlaucht erlauben, konne ich morgen
