3048 4360
444 1265 2692 1529 Ich machs mir von diesem Tenpel der Mahrheit überhaupt
453 1497 2698 1619 seine ganz eigene Vorstellung. Ich glaube, dass hinter den
458 1601 2736 1770 Tore, das so fest geschlossen ist - wieder andere Menschen
444 1718 2736 1897 stehen, Menschen, die dux wahrheit von einer anderen Seite
447 1868 2713 2025 zu erstreben trachten und sich dabei ebenso lächerlich ma-
444 1990 1198 2150 chen wie wir uns --
441 2109 2167 2292 L: Aber wie meinen Sie das -1 Das wäre ja-
429 2248 2684 2420 N: Tronie - 9 - Am-- und das Tor springt auf und wo jeder
435 2379 2718 2568 gemeint hat, dass sich nun die Wahrheit zeigen wird, zeigt
415 2518 1720 2658 sich ihm nur eine andere Partei-
421 2623 1607 2785 L: Und die Wahrheit selbst -2
418 2759 2541 2948 W: Steckt vielleicht im Schlüsselloch -? Denn ich bin
412 2875 2617 3072 überzeugt, die beste Wahrheit ist so klein, dass wir sie
415 3026 2611 3186 auf den Nagel unseres kleinen Fingere schreiben könnten.
409 3154 2631 3322 Aber lassen wir das. Haben Sie für den heutigen Abend st-
412 3307 749 3412 was vor9
397 3403 2727 3603 I: Nichts Besonderes. Ich habe gegen zehn ein Rendezvous im
389 3540 769 3685 Hirschen.
386 3670 1665 3838 W: Ich will sie nicht aufhalten.
386 3780 2637 3957 I: Sie würden mich sehr erfreuen, wenn sie mit mir in das
383 3928 1042 4068 dasthaus gingen.
380 4030 1372 4210 W: Aber ich störe Sie -1
