2888 4248
472 1286 2585 1512 zukunkt gesehrleben. Fuer Los wird soin: Das Martpriun
480 1485 1682 1647 für die Befreiung des Geistes.
350 1563 604 1711 22.11.
431 1590 2571 1768 Willibald: Wie sagt ihrt Was meint ihrt Martyrium..
350 1719 2498 1903 Hodardes: Ich seh' euch schon hinauswandeln auf den
469 1819 2598 2029 Richtplatz, freudertrahlendes Auge - versöhnt mit auch
477 1997 1027 2196 und der Weit.
364 2099 2531 2288 Miitbald: Wief das lest ihr auf dieser Stirne, weil-
477 2234 1709 2431 Ien die gelster befreten will1
817 2364 1984 2536 Denkt ihr an ein andres Los 1
358 2420 730 2547 Redardes:
372 2477 2531 2668 eillibald: Aber ich will sa gar nicht die Felster be-
480 2614 1951 2787 froien, wor sagt euch denn das .. 21
763 2765 1951 2959 An, dann ist'& etwas andres.
372 2776 738 2927 Bedarder:
1210 2997 1630 3167 --ooo0o00-
