3048 3896
578 925 1582 1107 dardus, Praxis desselben.
704 1053 2045 1176 Vorher die Ratsherrn beim Fürsten.
699 1184 2746 1323 V.Akt. Heinrich, Sebaldus. Sebaldus hat schon gefun-
488 1310 2392 1462 den. Heinr. schwelgt in Träumen künftigen Glücks.
686 1451 2751 1600 Justina schreckt zurück, sie gesteht ihm ihren Fehl-
545 1595 799 1716 tritt.
699 1708 2664 1850 Albrecht kommt vorbei. Sie schliessen sich ihm an.
545 1844 1598 1991 rwir ziehn an andern Ort-
534 1983 1996 2081 O könnten wir in andre Zeiten ziehn.“
