3064 4344
558 1346 1895 1499 gelegenerer Zeit sprechen. Geh zu
463 1484 1820 1603 fiehl mich ihnen. Ich werde dieser
1907 1522 2162 1626 age mei
501 1592 2136 1765 machen.- Ah, Herr Qirl scheint schon sch
469 1751 1699 1875 sein - er tanzt ja schon jetzt.
457 1858 1976 2040 F: Er hat erst heuer tanzen gelernt-
466 1974 2781 2136 a: Jawol, erst heuer. Ich habe früher wenig Zeit gerun-
460 2133 2729 2272 den; meine juristischen und philosophischen Studien haben
446 2263 2758 2390 mich ausverordentlich in Anspruch genommen; ich promoviere
460 2402 1508 2552 im Laufe dieses Früchlings.
454 2512 2680 2668 F. Wenn du heute nichts Besseres zu tun hast, so bleibe
449 2668 2772 2810 noch eine Weile hier und erfreue dich an dem beträchtlichen
440 2755 2752 2943 zuwachg meiner Bildergammlung.- Deine Epfeiilung bei Weis-
449 2926 1424 3047 genberge richt' ich aus.
443 3038 1939 3177 W: A,- du bist jetzt ein wenig erräg
2011 3024 2775 3180 -vtellsicht wieder
443 3180 949 3290 eine zarte-
434 3282 1907 3441 F: Se nebenher. Aber Benne, ich habe
1974 3284 2659 3464 äir noch gar nicht
443 3423 2552 3585 gesagt, dase Frau Weiegenberg seit zwei Monaten eingt
437 3556 1369 3698 W: Was du nicht sagst.
434 3684 2737 3846 F: Ihr Gemal ist entzückt; er betet das Genie seiner Frau-
443 3814 2761 3970 mahr an, als er sie selbst anbetet. Die Zimmer, in denen
440 3927 2668 4095 sie sich befindet, müssen tempariert sein; sie darf sich
