3000 4072
283 1124 2305 1381 Bn: M, so rasch geht das nicht, gnädige Fräu. Viel
295 1253 2371 1499 im Lauf das hautigen Tagse sret werden die Beauten der
292 1364 2600 1647 lizei Hausderchauetung bei den Antflohenen halten; das Wäd
303 1513 2511 1782 chen wird verhört- auch wir werden Zaugeschaft ablegen
306 1750 638 1896 miegen-
2248 1719 2491 1896 30/8.
317 1785 1942 2028 Frau K: Das verechafft und also die Ehrei
340 1885 2517 2148 en: gnädige Frau, die sind sehr strange gegen mich. Ich
335 2016 2568 2285 merke, dass Ich in Ihrem Häuse nicht gerne gesehen worde-
340 2225 1281 2420 wan achtet mich nicht-
346 2348 1550 2537 Fre k: Aber was reden Sie dal
360 2482 1564 2697 mn: on, ich bin empfindlich.-
