3032 4136
542 1264 1204 1453 te pört'e nicht
542 1361 2671 1597 (ileiee:) siehst da nicht, wie du Ida immer mehr auf-
413 1551 662 1711 regstl
413 1688 1869 1852 Frau W: Hat es nicht eben geklopft1
398 1811 1854 1969 8. Auftritt. - Vorige. Baron Liebert.
418 1900 2683 2078 Baron: (:sehr lustig:) Auten Tag, meine Damen, guten Tag,
410 2009 2634 2236 mein Herr! Ales wohl -alieg -- El wie -1 Gerat ich in
424 2187 1820 2368 schlechter Wettert Und eben heute-
413 2313 2709 2488 I: snimmt ihn beiseite u. scheint ihm in leinen Worten die
416 2433 1766 2631 Sachlage zu erklären. Währendden:)
421 2548 2732 2740 Fr: (izu Frau N:), Wär'e nicht gut für. Ida, wenn wir wönig
421 2714 1554 2855 stens den Baren wegbrächtent
424 2812 2588 2998 Ida: (:die gehört hat:) Ach; lase nur alle da. Lass es
424 2941 2648 3124 lärmen um mich, mag um mich herum sein, was da will. Ich
433 3073 2711 3256 fühle, dass ich nichts mehr bin, dass nichte mehr mich be-
441 3242 957 3411 rühren kann.
430 3322 2706 3525 Baron: (:zu L:) Aber er war ja noch gestern bei Herr Pe-
444 3508 654 3654 teret
430 3591 2729 3789 Ei sprechen Sie nicht von dem; der wird an wenigsten trau-
450 3786 619 3947 era.
