3048 4328
473 1292 1554 1523 Er meine genönnliche. Dem
1634 1357 1873 1494 rrn Br.
2429 1357 2643 1503 sichen
2364 1480 2640 1634 r:) Das
490 1488 1357 1645 Borte, sie wird ihm ge¬
2384 1625 2786 1785 dem Herwe
530 1622 1916 1765 hier ist der Herr Birger, von dem i
490 1768 1138 1910 gesprochen habe.
496 1868 2720 2027 Winter: Ich habe viel Schönes von Ihnen gehört, Herr Ber-
2429 2002 2612 2136 716.
496 2027 656 2176 ger.
493 2127 2700 2301 Anselm: kaum mehr schönes, als ein vortrefflicher Freund
499 2258 2458 2409 von einem gewöhnlichen Violinlehrer erzählen kann.
485 2386 2766 2566 Lux: Sehen Sie, er ist immer bescheiden. Zu bescheiden so-
485 2549 667 2643 gar.
485 2635 2777 2811 Winter: Herr Iux sagt, Sie beritzen ein ausserordentliches
490 2757 1320 2917 misikalisches Talent.
485 2880 1870 3051 Iux: Sie sollten ihn spielen hören.
496 3045 2692 3176 Anselm: Iih spiele zu Zeiten gut; das weiss ich selbst-
496 3151 2441 3319 aber nur zu Zeiten. Sie sind wol auch mupikalischt
493 3285 2720 3444 Winter: Ich habe früher ein wenig Hlavier geklimpert; hab
479 3424 2723 3593 es aber aufgegeben. Selbstverständlich. Ich bin viel her
479 3544 2709 3718 umgereist, und es steht einem nicht überall ein Flügel zu
485 3684 781 3815 Gebote.
482 3786 1591 3989 Anna: So, hier ist der Wein.
473 3935 2532 4094 Lux: Dieg Herumreisen - danke, Aennchen - ist etwas,
