3112 4120
499 1198 2089 1401 Aliee: o wie ich dich liebe, mein Herzl
531 1329 1741 1477 Die Fämmen machen sie rasend.
505 1456 2721 1619 Ich liebe dich unendlich. Du musst mit mir weg von hier.
511 1599 1938 1752 Er will ihr entlaufen, sie ihm nach.
516 1744 1131 1883 III.Akt. Frühe.
511 1834 2689 2002 Benno, zerkniracht, erscheint. Paul im Hausex sehen Sie
543 1982 1485 2121 dochutist er gekommen!
511 2080 2759 2292 Benno: Der Herr bittet Alice, zur Fabrik hinauszukommen.
516 2237 1979 2408 Er fühlt das Bedürfnis, sie zu sehen.
522 2353 2835 2539 Seht, wer da unten auf und abgeht. Willner! Herauf, Will-
508 2512 1134 2663 nerl Nas ist'st
522 2562 2852 2791 Nun, ich habe sie bessen. Ja und ich gesteh's auch: ich bin
560 2759 2866 2916 halb toll. Mer wo ist siel o ich möchte mich totschiessen!
525 2898 1831 3020 Albert kommt blass. Wo ist Alieel
548 3006 1480 3183 sie wird noch schlafen.
516 3165 1329 3313 Sie konnte schlafen!
511 3270 2689 3455 Da ist sie. Ih mein kind, wie du duftest nach champagne
528 3455 946 3577 und Rosent
