3080 4232
583 1346 1148 1496 Abend zum Tee.
577 1470 1494 1627 Hoh: (:fährt zusammen:)
1180 1601 2123 1807 (Erneuter Fübel im Hef:
574 1720 2764 1911 Hoch der Kkonprinz! Hoch der Kronprinz Julius und seine
571 1859 1792 2021 Brautl Hoch Prinzessin Leonoret
563 1978 2880 2178 Höh: (:sehr aufgeregt:/ Ee wird wol an der Zeit sein, Herr
574 2132 2740 2320 Miemberlin, dass Sie den Raum der Burg verlassen - da-
560 2248 1705 2404 auch ich in den Empfangsvaal
554 2378 2430 2598 Das Fräulein Franziska: (:geht durch das Zimmeri
548 2514 1856 2677 Borr: (:sielit ihr erstaunt nach:)
1879 2538 2856 2697 Das Mädchen ist hübsch-
536 2639 2732 2819 Hoh: (:drängt den Borr.zur Türe; wie dieser endlich mit
583 2758 2825 2981 einem freundlichen Auf Wiedersehenl“ verschwindet, atmet
525 2886 2854 3091 der Füret erleichtert auf und geht durch eine andre Füre ab
2471 3083 2703 3202 16/3.
528 3149 2682 3358 Prinz Juliue kommt, gefolgt von Baron Hiederluoch und
525 3294 818 3422 Andern.
516 3393 2703 3616 Erinz Juliue: (:konnt zerstraut; effacht:) Her war der
508 3538 2111 3698 Mann, dem wir auf der Treppe begsgnetend
508 3657 2410 3857 Baron Fiederbusch: Ich kenne ihn nicht, Hohelt.
487 3782 2636 3999 erinz 5: Er hat ein lustigss gesicht; ein gesicht, das
