3064 4408
576 1388 2837 1671 Fiederich (nimmt ihn bei Seite und scheint inn die Sach
643 1598 1764 1741 lage auseinander zu setzen:)
1739 1657 2783 1800 Wärs nicht gut, wenn wir
531 1725 1688 1907 Blisabetn. (: ea frau kunz:/
652 1806 2789 2031 den Junker entfernten. Eben heut' ist sein Geschwätz-
551 1946 2705 2140 Justine: O lass nur, Elisabeth, mich berührt nichts.
666 2062 2722 2289 Um mich herum mag sein, wer und was will - (:auf ihr
657 2202 2688 2421 Herz weisend:/ da drinnen bleibt's immer und ewig
663 2371 1753 2531 gleich von heut' Morgen an.
565 2424 2666 2694 wedardés: (: im Gespräch mit Friederich:) Aber sahn
677 2623 2149 2800 wir sie gestern nicht beide zusammen?
567 2739 2806 2932 Friederich: Ich bitt euch, sprecht nicht von Sebaldus,
674 2910 1674 3042 der trauert am wenigsten.
1567 2994 2115 3146 Denks auch.
567 3025 1525 3160 Medardes: (:lächelnd:)
1084 3101 2410 3255 Wie, ihr saht inn schon seitdem?
581 3126 1017 3312 Friederich:
1042 3250 2286 3424 Nein, aber kenn' ich ihn nicht?
576 3297 952 3441 Medardes:
1101 3393 2093 3561 Ja freilichl sein Gemüt.
584 3418 1014 3578 Friede. ich:
587 3500 2519 3694 Vedardes: Dah, denüit! Und wenn er's beste hätte.
601 3640 1938 3823 Friederich: Ihr gebt. Rätsel auf!.
590 3764 2812 3983 Wedardes: Fordort die Lieb nicht ein ganzes somüt für
719 3969 927 4134 sioh.
