3048 4328
528 1251 1737 1462 fater: Sie haben Recht; meine
2451 1354 2676 1480 icher-
454 1440 1737 1597 lich zu verzweifeln. Wir sind al
2262 1465 2782 1611 schüler, aber
471 1571 1737 1742 wir alle haben den festen Willen
2222 1562 2708 1745 sie Ras Phi-
471 1697 2116 1899 losophieren - Sie das Spielen auf der Geig-
2282 1719 2739 1865 ich das Lie
477 1834 683 1965 ben-
471 1957 2622 2096 Anselm: oh, ich war ein erbärmlicher Stümper bis jetzt!
463 2105 2031 2254 Winter; Ich bin reich, meine Freunde - m
2002 2122 2588 2251 mein Geld liegt
463 2202 2631 2396 nutzlos in den Banken der Stadt - Sie sollen Beide Zeit
463 2382 1868 2519 haben, sich völlig Ihren Studien und
2048 2391 2631 2519 sten wirdmen zu
454 2488 757 2613 können.
454 2608 628 2731 Tix:
763 2682 1368 2825 on Herr Winter!
457 2742 731 2873 Anselm:
448 2859 2736 3013 Winter: Keine falsche Scheu! Ich habe das Geld geerbt; das
443 2999 2725 3168 neisst, es gehört mir gar nicht.- Wir wollen alle Drei auf
443 3130 2693 3285 die Wanderschaft gehen und sehen, wies uns ergeht. Phile
451 3253 2725 3396 sophie, Kunst, Liebe, - wir wollen sehen, ob es noch nicht
434 3385 2711 3553 zu spät für uns ist, als Philosoph, als Künszler, als Ver-
440 3496 2716 3665 liebter was zu leisten:- Auf das Wohl der Zukunft, auf un-
431 3653 2725 3839 ser Wohl, auf das Wohl der alten Schülen! (:Sie stossen an
423 3893 2365 4076 VIII. Auftritt. - Coröna kommt u.geht zu Aeinchen.
