3032 4392
2494 1119 2679 1214 33.
574 1376 2275 1566 fund sagt:/ Setz' dich zu mir, Flisabeth.-
577 1497 2624 1641 Ach Flisabetn, glaubst du dies denn? Ich bitte dich,
583 1603 2780 1797 süsse, liebe Elisabeth, läss" mir deine Hand- vielleicht
577 1745 2685 1892 ist es nicht wahr und ich träume. Nicht wahr, als wir
583 1866 2751 2007 das letzte Wal da miteinander sassen und plauderten und
583 2013 2592 2197 so im Scherz - ach Gott, ach bott (:bricht in Trä-
583 2169 911 2298 nen aus:
467 2270 2757 2434 Elisabeth: Liebste Justine, fasse dich und sage mir al-
577 2391 2642 2555 les, was geschen'n ist in der letzten Zeit, so wird's
585 2535 2604 2696 dir besser werden und leichter; ich hab' dich ja so
577 2691 807 2800 lieb.
476 2763 2604 2956 Justine: Das weiss ich ja, du liebe, gute Flisabeth.
568 2924 2774 3088 Auch er hat mich lieber gehabt, als du wol denken musst,
588 3054 1194 3204 aber ich - ich-
467 3146 2111 3302 Elisabeth: Wie - du hättest inn nicht -
476 3308 2693 3463 Justine: Ich hatt' ihn nicht liebt- Elisabeth wer sagt.
583 3417 2745 3602 das- oh ich hatt ihn lieber als mein Laben, als alles-
583 3550 2702 3746 ich betete ihn an, er war mein dott, ich hätt' meinem
585 3683 2053 3858 glauben untreu werden können für ihn.
461 3809 2783 4003 Elisabeth: So sag' mir doch allles! Du verneimlichst mir
