3064 4264
624 1322 2726 1518 Soirée. Der Fürst ist neugierig und besucht die Baro-
437 1484 2651 1670 nin Ernestine. Er ist ein boshafter Mensch und fragt den
472 1627 2772 1803 Bäron, ob er nicht glaube, dass seine Frau ihm untreu wer-
477 1765 2786 1920 den könne etc. Baron wirft seinen Verdacht auf den Fürsten.
448 1889 2668 2047 und denkt sich, Rache sei doch so süss. Zu diesem Behufe
443 2021 2677 2165 macht er sich an die Geliebte des Fürsten, Gräfin Ledere,
443 2139 2700 2288 macht ihr die Honneurs. Er macht sie eifersüchtig auf den
486 2257 2731 2444 Firsten, der eben mit einem reizenden jungen Mädchen vor-
486 2412 860 2582 beitanzt.
638 2504 2507 2705 Ernstsine, Graf. Was willst du jetzt, Gellebter
443 2639 1302 2797 Sprichl Alles, alles.
641 2772 2700 2941 Graf und Flieder. Was wollen Sie werdent Flieder ist-
489 2910 2697 3056 erschreckt, merkt was und weist jede Stelle bei Hofe zu-
486 3079 716 3168 rück.
632 3114 2720 3298 Willmers kommt zu Hieder, zieht ihn auf, lronisiert,
443 3298 2659 3453 ist aber selbst sehr wütend. Er merkt, dass Flieder der
448 3421 2691 3585 jungen Agathe den Hof macht; verschwärzt ihn bei dem Für-
486 3545 2668 3709 sten. Willmers versucht, Agathe und Flieder verliebt zu
483 3706 1647 3841 machen, gesteht, es war Neid.
638 3804 2740 4022 Willmers erzählt dem Firsten, dass Mathe heute Nacht
