<?xml version="1.0" encoding="UTF-8" standalone="yes"?>
<PcGts xmlns="http://schema.primaresearch.org/PAGE/gts/pagecontent/2013-07-15" xmlns:xsi="http://www.w3.org/2001/XMLSchema-instance" xsi:schemaLocation="http://schema.primaresearch.org/PAGE/gts/pagecontent/2013-07-15 http://schema.primaresearch.org/PAGE/gts/pagecontent/2013-07-15/pagecontent.xsd">
    <Metadata>
        <Creator>prov=READ-COOP:name=PyLaia@TranskribusPlatform:version=2.7.0:model_id=50870:lm=none:date=22_01_2024_15:29</Creator>
        <Created>2023-09-27T14:32:36.052+02:00</Created>
        <LastChange>2024-01-22T15:29:21.575+01:00</LastChange>
        <TranskribusMetadata docId="1589026" pageId="60122516" pageNr="174" tsid="145619894" status="IN_PROGRESS" userId="40391" imgUrl="https://files.transkribus.eu/Get?id=TENQQZXPBPMOTTNBOPQVUGKY&amp;fileType=view" xmlUrl="https://files.transkribus.eu/Get?id=ZSDUEAXSQHRDGKZHQMROLNRX" imageId="48547594"/>
    </Metadata>
    <Page imageFilename="1589026_0174.jpg" imageWidth="3032" imageHeight="4152">
        <ReadingOrder>
            <OrderedGroup id="ro_1711796456725" caption="Regions reading order">
                <RegionRefIndexed index="0" regionRef="tr_1"/>
            </OrderedGroup>
        </ReadingOrder>
        <TextRegion orientation="0.0" id="tr_1" custom="readingOrder {index:0;}">
            <Coords points="411,1306 411,3907 2695,3907 2695,1306"/>
            <TextLine id="tr_1_tl_1" custom="readingOrder {index:0;}">
                <Coords points="529,1451 646,1408 862,1448 1283,1386 1445,1431 2606,1383 2606,1306 2270,1266 2102,1326 1716,1283 1556,1334 1186,1269 882,1351 532,1351"/>
                <Baseline points="546,1402 649,1399 752,1399 856,1396 959,1396 1063,1393 1166,1391 1269,1390 1373,1389 1476,1386 1580,1384 1683,1380 1786,1379 1890,1379 1993,1376 2097,1375 2200,1375 2303,1370 2407,1367 2510,1367 2614,1367"/>
                <TextEquiv>
                    <Unicode>Ach nichts, nichte. Aber wenn Sie erlauben - ich habe</Unicode>
                </TextEquiv>
            </TextLine>
            <TextLine id="tr_1_tl_2" custom="readingOrder {index:1;}">
                <Coords points="413,1582 762,1536 919,1568 1716,1525 1960,1531 2026,1579 2296,1505 2424,1553 2487,1533 2489,1400 2139,1454 1869,1408 1681,1477 1508,1420 1386,1465 413,1485"/>
                <Baseline points="429,1537 532,1534 635,1534 738,1529 842,1528 945,1527 1048,1526 1152,1525 1255,1524 1358,1520 1462,1519 1565,1518 1668,1519 1771,1513 1875,1510 1978,1510 2081,1512 2185,1510 2288,1503 2391,1501 2495,1501"/>
                <TextEquiv>
                    <Unicode>Den Abschiedsbrief Josef Hellere so flüchtig gelegen-</Unicode>
                </TextEquiv>
            </TextLine>
            <TextLine id="tr_1_tl_3" custom="readingOrder {index:2;}">
                <Coords points="421,1707 475,1716 546,1670 902,1693 1030,1667 1030,1579 1001,1570 956,1590 828,1573 754,1602 708,1573 543,1613 421,1590"/>
                <Baseline points="438,1671 467,1667 497,1665 527,1665 557,1664 587,1662 617,1662 646,1662 676,1662 706,1660 736,1659 766,1659 796,1657 826,1657 855,1659 885,1657 915,1656 945,1656 975,1656 1005,1659 1035,1665"/>
                <TextEquiv>
                    <Unicode>(:Er nimmt ihn:</Unicode>
                </TextEquiv>
            </TextLine>
            <TextLine id="tr_1_tl_4" custom="readingOrder {index:3;}">
                <Coords points="398,1812 1001,1832 1397,1781 1502,1815 1565,1807 1568,1673 1386,1679 1314,1735 737,1701 680,1744 398,1698"/>
                <Baseline points="414,1796 475,1792 536,1790 597,1790 658,1790 719,1790 780,1787 841,1785 902,1784 963,1784 1024,1784 1085,1784 1146,1781 1207,1781 1268,1781 1329,1779 1390,1776 1451,1778 1512,1776 1573,1773"/>
                <TextEquiv>
                    <Unicode>Frau N: Was haben Sie nur -1</Unicode>
                </TextEquiv>
            </TextLine>
            <TextLine id="tr_1_tl_5" custom="readingOrder {index:4;}">
                <Coords points="395,1949 1459,1946 1459,1841 1405,1821 1098,1849 828,1795 694,1852 395,1846"/>
                <Baseline points="411,1925 463,1922 516,1920 569,1919 621,1919 674,1916 727,1916 779,1916 832,1916 885,1916 938,1913 990,1913 1043,1913 1096,1913 1148,1910 1201,1907 1254,1907 1306,1904 1359,1903 1412,1906 1465,1916"/>
                <TextEquiv>
                    <Unicode>Ei kennen sie die Schrift1</Unicode>
                </TextEquiv>
            </TextLine>
            <TextLine id="tr_1_tl_6" custom="readingOrder {index:5;}">
                <Coords points="401,2071 890,2105 1044,2054 1445,2080 2054,2034 2273,2091 2319,2051 2691,2048 2691,1940 2501,1937 2467,1900 2188,1972 1818,1935 1422,1989 1257,1943 1206,1983 637,1957 404,2000"/>
                <Baseline points="420,2053 533,2050 647,2052 761,2048 875,2047 988,2044 1102,2038 1216,2038 1330,2036 1443,2032 1557,2030 1671,2032 1785,2029 1898,2029 2012,2026 2126,2022 2240,2017 2353,2017 2467,2014 2581,2014 2695,2011"/>
                <TextEquiv>
                    <Unicode>Ida: (:springt auf und sicht sie an:( De ist nicht Josefe</Unicode>
                </TextEquiv>
            </TextLine>
            <TextLine id="tr_1_tl_7" custom="readingOrder {index:6;}">
                <Coords points="413,2205 529,2208 558,2225 572,2208 597,2219 677,2188 706,2205 748,2185 774,2208 836,2211 834,2105 757,2114 637,2074 609,2100 560,2085 515,2108 481,2094 410,2102"/>
                <Baseline points="429,2181 454,2181 480,2181 506,2179 532,2178 557,2178 583,2179 609,2181 635,2179 660,2178 686,2180 712,2182 738,2184 763,2184 789,2184 815,2193 841,2199"/>
                <TextEquiv>
                    <Unicode>schrift -1</Unicode>
                </TextEquiv>
            </TextLine>
            <TextLine id="tr_1_tl_8" custom="readingOrder {index:7;}">
                <Coords points="407,2330 666,2364 782,2324 1127,2356 1243,2304 1485,2322 1485,2239 1388,2202 1164,2225 1095,2174 922,2242 407,2253"/>
                <Baseline points="423,2313 476,2312 529,2310 583,2310 636,2310 690,2310 743,2310 797,2309 850,2307 904,2304 957,2304 1010,2301 1064,2300 1117,2298 1171,2298 1224,2298 1278,2298 1331,2297 1385,2295 1438,2295 1492,2298"/>
                <TextEquiv>
                    <Unicode>L: Nein, eines Andern züge</Unicode>
                </TextEquiv>
            </TextLine>
            <TextLine id="tr_1_tl_9" custom="readingOrder {index:8;}">
                <Coords points="407,2472 1300,2427 1397,2469 1542,2427 1781,2455 1872,2435 1875,2356 1721,2316 1619,2359 1078,2339 899,2384 683,2350 407,2387"/>
                <Baseline points="423,2444 495,2441 568,2441 641,2441 714,2438 787,2433 860,2432 932,2430 1005,2429 1078,2426 1151,2428 1224,2429 1297,2426 1370,2424 1442,2423 1515,2423 1588,2425 1661,2420 1734,2418 1807,2413 1880,2417"/>
                <TextEquiv>
                    <Unicode>Ida: Um Himmelswillen, was sagen siel</Unicode>
                </TextEquiv>
            </TextLine>
            <TextLine id="tr_1_tl_10" custom="readingOrder {index:9;}">
                <Coords points="401,2575 828,2600 967,2566 1141,2603 1221,2566 1334,2612 1514,2560 1906,2589 2660,2555 2660,2464 2617,2444 2290,2487 2236,2452 2043,2481 1747,2447 1499,2504 1334,2469 1090,2512 1044,2475 566,2506 401,2472"/>
                <Baseline points="417,2572 529,2572 642,2570 754,2564 867,2562 979,2561 1092,2558 1204,2558 1317,2555 1429,2552 1542,2549 1655,2548 1767,2546 1880,2546 1992,2549 2105,2540 2217,2537 2330,2539 2442,2531 2555,2532 2668,2537"/>
                <TextEquiv>
                    <Unicode>L ist die Schrift seines Freundes, sage ich - und der</Unicode>
                </TextEquiv>
            </TextLine>
            <TextLine id="tr_1_tl_11" custom="readingOrder {index:10;}">
                <Coords points="410,2717 734,2748 930,2711 1070,2754 1511,2691 1670,2743 1903,2686 2580,2691 2580,2615 2259,2572 1568,2632 902,2595 592,2654 413,2612"/>
                <Baseline points="426,2704 534,2698 642,2695 750,2695 858,2692 966,2692 1074,2689 1182,2684 1290,2683 1398,2683 1506,2683 1614,2677 1722,2678 1830,2677 1938,2677 2046,2671 2154,2673 2262,2666 2370,2662 2478,2665 2587,2665"/>
                <TextEquiv>
                    <Unicode>Ersund war sein Hebenbühler - und ich sage, dass dieser</Unicode>
                </TextEquiv>
            </TextLine>
            <TextLine id="tr_1_tl_12" custom="readingOrder {index:11;}">
                <Coords points="418,2873 589,2896 694,2836 740,2836 774,2865 834,2859 836,2774 785,2745 691,2743 666,2765 623,2751 552,2771 455,2754 421,2768"/>
                <Baseline points="435,2829 460,2829 485,2829 511,2827 536,2826 561,2826 587,2825 612,2823 638,2824 663,2826 688,2824 714,2822 739,2819 764,2818 790,2820 815,2821 841,2823"/>
                <TextEquiv>
                    <Unicode>Freund-1</Unicode>
                </TextEquiv>
            </TextLine>
            <TextLine id="tr_1_tl_13" custom="readingOrder {index:12;}">
                <Coords points="418,2999 842,3007 1075,2964 1368,2993 1525,2953 1761,2984 1994,2945 2558,2967 2600,2959 2603,2859 2435,2822 2230,2876 2040,2808 1556,2891 1386,2819 1189,2879 1004,2851 919,2899 421,2891"/>
                <Baseline points="435,2964 543,2958 652,2958 761,2955 870,2952 979,2950 1087,2952 1196,2948 1305,2943 1414,2943 1523,2940 1631,2937 1740,2937 1849,2934 1958,2934 2067,2931 2175,2928 2284,2925 2393,2925 2502,2922 2611,2919"/>
                <TextEquiv>
                    <Unicode>9. Auftritt. - vorigs. Petere tritt ruhig herein und ver</Unicode>
                </TextEquiv>
            </TextLine>
            <TextLine id="tr_1_tl_14" custom="readingOrder {index:13;}">
                <Coords points="415,3098 612,3093 780,3152 922,3093 1738,3127 1969,3073 2578,3084 2578,3013 2333,2962 2009,3027 1841,2967 1667,3024 1112,2982 418,3013"/>
                <Baseline points="432,3086 539,3089 646,3089 754,3083 861,3083 969,3077 1076,3077 1184,3077 1291,3074 1399,3074 1506,3071 1613,3069 1721,3069 1828,3065 1936,3060 2043,3059 2151,3062 2258,3057 2366,3056 2473,3054 2581,3074"/>
                <TextEquiv>
                    <Unicode>beugt sich an der Tür. Er tritt sogleich zu Ida. Allge</Unicode>
                </TextEquiv>
            </TextLine>
            <TextLine id="tr_1_tl_15" custom="readingOrder {index:14;}">
                <Coords points="418,3272 543,3240 845,3272 1058,3226 1189,3258 1397,3215 1542,3258 1644,3206 1753,3243 2040,3201 2239,3252 2344,3192 2578,3203 2563,3084 2378,3138 2014,3141 1881,3095 1790,3135 1636,3095 1482,3152 1229,3112 1055,3152 973,3110 421,3164"/>
                <Baseline points="435,3217 542,3217 649,3215 757,3214 864,3211 972,3214 1079,3211 1187,3208 1294,3207 1402,3205 1509,3202 1616,3199 1724,3199 1831,3197 1939,3193 2046,3190 2154,3190 2261,3184 2369,3184 2476,3182 2584,3181"/>
                <TextEquiv>
                    <Unicode>meing Bestürzung. Laufer und Frau K. sehen sich bedaut-</Unicode>
                </TextEquiv>
            </TextLine>
            <TextLine id="tr_1_tl_16" custom="readingOrder {index:15;}">
                <Coords points="415,3371 489,3363 535,3386 660,3354 765,3380 856,3357 922,3386 925,3277 865,3260 771,3303 606,3272 566,3303 515,3269 461,3303 415,3303"/>
                <Baseline points="432,3349 458,3347 484,3349 510,3349 537,3348 563,3347 589,3346 615,3346 642,3346 668,3346 694,3344 720,3343 747,3343 773,3344 799,3346 825,3344 852,3343 878,3343 904,3344 931,3346"/>
                <TextEquiv>
                    <Unicode>ungsvoll an.</Unicode>
                </TextEquiv>
            </TextLine>
            <TextLine id="tr_1_tl_17" custom="readingOrder {index:16;}">
                <Coords points="418,3536 523,3491 1326,3514 1499,3468 1647,3514 1673,3386 1030,3420 808,3360 592,3420 421,3400"/>
                <Baseline points="435,3483 497,3478 559,3477 621,3478 683,3478 745,3477 807,3475 869,3474 931,3470 993,3468 1056,3468 1118,3466 1180,3465 1242,3465 1304,3463 1366,3462 1428,3462 1490,3462 1552,3461 1614,3457 1677,3465"/>
                <TextEquiv>
                    <Unicode>Petere: Ist Ihnen schen bessert</Unicode>
                </TextEquiv>
            </TextLine>
            <TextLine id="tr_1_tl_18" custom="readingOrder {index:17;}">
                <Coords points="427,3622 541,3633 606,3613 697,3633 799,3607 845,3622 845,3559 765,3559 649,3505 563,3551 475,3505 427,3499"/>
                <Baseline points="441,3611 466,3607 492,3605 518,3605 544,3605 569,3605 595,3605 621,3605 647,3605 672,3605 698,3603 724,3602 750,3602 775,3603 801,3605 827,3604 853,3602"/>
                <TextEquiv>
                    <Unicode>Ida: Ach-</Unicode>
                </TextEquiv>
            </TextLine>
            <TextLine id="tr_1_tl_19" custom="readingOrder {index:18;}">
                <Coords points="427,3764 1306,3778 1653,3721 1997,3753 2114,3710 2381,3784 2560,3716 2563,3642 1849,3659 1724,3616 1656,3664 1576,3619 1275,3616 959,3681 430,3664"/>
                <Baseline points="441,3740 547,3738 653,3734 760,3734 866,3737 973,3731 1079,3729 1186,3727 1292,3722 1399,3719 1505,3720 1611,3720 1718,3716 1824,3713 1931,3711 2037,3710 2144,3707 2250,3704 2357,3703 2463,3703 2570,3707"/>
                <TextEquiv>
                    <Unicode>E: auten Tag, Frau Willner. (:Drüokt ihre widerwillig</Unicode>
                </TextEquiv>
            </TextLine>
            <TextLine id="tr_1_tl_20" custom="readingOrder {index:19;}">
                <Coords points="421,3886 683,3960 1294,3883 1698,3937 1849,3869 2652,3858 2637,3716 2381,3784 2017,3741 1673,3787 1440,3753 1218,3787 1118,3747 930,3801 640,3772 572,3812 424,3775"/>
                <Baseline points="438,3877 548,3871 659,3868 770,3862 881,3865 992,3862 1103,3865 1214,3859 1325,3855 1436,3851 1547,3847 1657,3848 1768,3850 1879,3845 1990,3850 2101,3842 2212,3841 2323,3838 2434,3835 2545,3835 2656,3838"/>
                <TextEquiv>
                    <Unicode>gereichte Kand:) Das Unglück ist grose, aber sie müesen</Unicode>
                </TextEquiv>
            </TextLine>
            <TextEquiv>
                <Unicode></Unicode>
            </TextEquiv>
        </TextRegion>
    </Page>
</PcGts>
