3048 4248
464 1235 2713 1428 Thinauf: /Das ist das Neueste. - Aber ich will mich nicht
488 1384 2739 1565 stören lassen. Ich bin heut in der Stimmng zu studieren.
482 1501 2771 1699 Lass sehen, wie das Geäder des Herzens sich verzueigt, wie
476 1626 2745 1819 der Pulsschlag des Lebene noch in Leichnen die Spuren sei-
485 1764 2754 1942 nes Wege zurückliese. (:Geräusch oben; Lachen, Pfeifen; P.
473 1886 2707 2111 studiert fort u. blickt lange auf eine anatemische Tafel:
476 2152 1752 2351 2. Auftritt. Josef Heller (:tritt
1956 2161 2701 2310 verhundenen rechtem
1171 2292 1647 2459 Arm herein:
473 2424 1282 2581 Heller: auten Abend.
473 2520 2654 2733 : Ach Joeof! - Ich bin gleich zu Ende - ein paar Worte
470 2698 1583 2829 noch, gätz dich unterdessen.
458 2812 2800 2993 H: (:setzt sich. Nach einer Weile:/ Was. ist denn das fürn
464 2949 1002 3098 Tärn da obent
461 3043 2707 3247 P: Der Baren Guide Liebert, den wir in diesem Minter bei
461 3174 2719 3358 Willners kennen lernten - und ein Herr v. Mäuslein - - se,
464 3314 2745 3492 nun pin ich fertig. Ich dachte nicht, dass du so bald ken-
456 3454 955 3630 nen würdest.
447 3577 2727 3738 H. Ich verletzte mich beim Sezieren und konnte heute dese-
453 3729 1501 3895 naib nicht weiterarbeiten.
453 3851 1311 4035 F. Du bist verstimet.
