<?xml version="1.0" encoding="UTF-8" standalone="yes"?>
<PcGts xmlns="http://schema.primaresearch.org/PAGE/gts/pagecontent/2013-07-15" xmlns:xsi="http://www.w3.org/2001/XMLSchema-instance" xsi:schemaLocation="http://schema.primaresearch.org/PAGE/gts/pagecontent/2013-07-15 http://schema.primaresearch.org/PAGE/gts/pagecontent/2013-07-15/pagecontent.xsd">
    <Metadata>
        <Creator>prov=READ-COOP:name=PyLaia@TranskribusPlatform:version=2.7.0:model_id=50870:lm=none:date=22_01_2024_15:29</Creator>
        <Created>2023-09-27T14:32:18.540+02:00</Created>
        <LastChange>2024-01-22T15:29:00.032+01:00</LastChange>
        <TranskribusMetadata docId="1589026" pageId="60121831" pageNr="49" tsid="145619732" status="IN_PROGRESS" userId="40391" imgUrl="https://files.transkribus.eu/Get?id=OHLITUARDVQZKHAFMGLIBGVD&amp;fileType=view" xmlUrl="https://files.transkribus.eu/Get?id=KZYPHXMGQQDOMCHVYWOTLHPH" imageId="48546910"/>
    </Metadata>
    <Page imageFilename="1589026_0049.jpg" imageWidth="3144" imageHeight="4392">
        <ReadingOrder>
            <OrderedGroup id="ro_1711796276951" caption="Regions reading order">
                <RegionRefIndexed index="0" regionRef="tr_1"/>
            </OrderedGroup>
        </ReadingOrder>
        <TextRegion orientation="0.0" id="tr_1" custom="readingOrder {index:0;}">
            <Coords points="572,1156 572,4042 2897,4042 2897,1156"/>
            <TextLine id="tr_1_tl_1" custom="readingOrder {index:0;}">
                <Coords points="2622,1219 2638,1219 2655,1235 2664,1230 2669,1235 2686,1233 2700,1244 2722,1230 2747,1235 2750,1138 2736,1138 2722,1152 2680,1149 2650,1166 2625,1160"/>
                <Baseline points="2640,1217 2669,1217 2698,1215 2727,1214 2756,1214"/>
                <TextEquiv>
                    <Unicode>25.</Unicode>
                </TextEquiv>
            </TextLine>
            <TextLine id="tr_1_tl_2" custom="readingOrder {index:1;}">
                <Coords points="640,1576 690,1604 1140,1537 1207,1579 1291,1537 1448,1576 1596,1526 1803,1548 2024,1509 2082,1543 2214,1501 2557,1526 2560,1411 2460,1372 2339,1417 2102,1400 1948,1467 1766,1417 1409,1490 1342,1451 883,1495 646,1453"/>
                <Baseline points="659,1554 754,1551 849,1546 944,1545 1039,1539 1134,1536 1229,1533 1325,1531 1420,1530 1515,1522 1610,1519 1705,1515 1800,1512 1895,1509 1991,1503 2086,1499 2181,1497 2276,1491 2371,1489 2466,1485 2562,1482"/>
                <TextEquiv>
                    <Unicode>Ich lass' es heut', wenn's mich nur selber lägst!</Unicode>
                </TextEquiv>
            </TextLine>
            <TextLine id="tr_1_tl_3" custom="readingOrder {index:2;}">
                <Coords points="646,1711 808,1691 1026,1744 1275,1699 1344,1730 1638,1649 1797,1683 2021,1635 2119,1669 2267,1624 2448,1643 2451,1557 2116,1532 1990,1590 1845,1532 1711,1588 1356,1618 1241,1565 1090,1621 648,1613"/>
                <Baseline points="662,1682 751,1679 841,1676 930,1673 1020,1670 1109,1664 1199,1661 1288,1658 1378,1658 1467,1652 1557,1652 1646,1647 1736,1641 1825,1641 1915,1638 2004,1635 2094,1629 2183,1623 2273,1620 2362,1620 2452,1626"/>
                <TextEquiv>
                    <Unicode>Zuschliessen will ich dieses Heft voll Rätzel,</Unicode>
                </TextEquiv>
            </TextLine>
            <TextLine id="tr_1_tl_4" custom="readingOrder {index:3;}">
                <Coords points="657,1831 1043,1847 1177,1797 1680,1811 2152,1761 2379,1806 2384,1688 1987,1677 1915,1725 1638,1649 1392,1750 1252,1711 1026,1744 662,1705"/>
                <Baseline points="674,1811 759,1808 845,1807 931,1802 1017,1803 1102,1804 1188,1796 1274,1790 1360,1784 1445,1784 1531,1782 1617,1778 1703,1779 1788,1773 1874,1769 1960,1762 2046,1760 2131,1759 2217,1754 2303,1754 2389,1763"/>
                <TextEquiv>
                    <Unicode>das nicht, je mehr es sah, je rascher füllt,</Unicode>
                </TextEquiv>
            </TextLine>
            <TextLine id="tr_1_tl_5" custom="readingOrder {index:4;}">
                <Coords points="651,1973 2107,1920 2188,1909 2191,1820 2046,1789 1590,1870 1381,1831 1132,1881 654,1864"/>
                <Baseline points="668,1942 744,1937 820,1936 896,1933 973,1930 1049,1929 1125,1924 1201,1921 1278,1919 1354,1917 1430,1918 1506,1911 1583,1906 1659,1903 1735,1901 1811,1900 1888,1894 1964,1894 2040,1891 2116,1888 2193,1894"/>
                <TextEquiv>
                    <Unicode>Durch der Enthüllung zauberhafte Helle,</Unicode>
                </TextEquiv>
            </TextLine>
            <TextLine id="tr_1_tl_6" custom="readingOrder {index:5;}">
                <Coords points="648,2102 1040,2068 1322,2127 1582,2043 1655,2077 1808,2029 2004,2057 2250,2018 2390,2054 2465,2018 2468,1931 2085,1979 1917,1923 1733,1990 1425,2010 1031,1940 872,2015 651,1990"/>
                <Baseline points="665,2073 755,2067 845,2062 936,2061 1026,2058 1117,2053 1207,2052 1297,2050 1388,2044 1478,2044 1569,2038 1659,2034 1749,2029 1840,2028 1930,2025 2021,2022 2111,2016 2201,2011 2292,2011 2382,2008 2473,2013"/>
                <TextEquiv>
                    <Unicode>Wir Aufschluss gibt, nein! neue Fragen stellt.</Unicode>
                </TextEquiv>
            </TextLine>
            <TextLine id="tr_1_tl_7" custom="readingOrder {index:6;}">
                <Coords points="668,2228 880,2261 1101,2191 2264,2175 2284,2088 2161,2049 1934,2099 1727,2068 1554,2133 1465,2093 1342,2138 1233,2091 970,2152 671,2130"/>
                <Baseline points="683,2196 763,2196 843,2194 923,2190 1004,2190 1084,2187 1164,2184 1244,2181 1325,2180 1405,2174 1485,2172 1565,2166 1646,2164 1726,2160 1806,2159 1886,2157 1967,2155 2047,2149 2127,2145 2207,2146 2288,2157"/>
                <TextEquiv>
                    <Unicode>Wie wenn das Leben mit dem Tode plaudert,</Unicode>
                </TextEquiv>
            </TextLine>
            <TextLine id="tr_1_tl_8" custom="readingOrder {index:7;}">
                <Coords points="665,2334 766,2376 844,2325 1185,2356 1666,2295 1912,2339 2060,2284 2244,2334 2247,2228 2124,2194 1906,2244 1546,2228 1439,2278 1266,2230 984,2278 668,2256"/>
                <Baseline points="680,2333 758,2328 836,2324 915,2323 993,2321 1072,2317 1150,2312 1229,2309 1307,2309 1386,2309 1464,2306 1542,2299 1621,2297 1699,2292 1778,2291 1856,2287 1935,2282 2013,2280 2092,2280 2170,2276 2249,2276"/>
                <TextEquiv>
                    <Unicode>Und dieser lächelt, als der Ueverlegne.</Unicode>
                </TextEquiv>
            </TextLine>
            <TextLine id="tr_1_tl_9" custom="readingOrder {index:8;}">
                <Coords points="556,2479 931,2476 984,2513 1146,2451 1884,2465 2074,2412 2214,2440 2658,2393 2798,2426 2787,2295 2395,2353 2172,2323 2066,2365 1878,2317 1769,2370 1652,2325 1384,2406 1333,2356 1101,2393 998,2365 917,2409 841,2367 562,2370"/>
                <Baseline points="572,2467 683,2458 795,2458 907,2455 1019,2452 1130,2441 1242,2437 1354,2446 1466,2434 1577,2425 1689,2422 1801,2416 1913,2413 2024,2410 2136,2407 2248,2402 2360,2395 2471,2393 2583,2389 2695,2385 2807,2383"/>
                <TextEquiv>
                    <Unicode>Sebaldus: (:kommt:) verenrter Meister - euer Glück zum</Unicode>
                </TextEquiv>
            </TextLine>
            <TextLine id="tr_1_tl_10" custom="readingOrder {index:9;}">
                <Coords points="674,2647 696,2650 757,2627 802,2641 841,2616 878,2627 931,2622 931,2529 889,2524 878,2513 864,2524 813,2524 794,2541 766,2529 746,2538 718,2524 674,2549"/>
                <Baseline points="689,2586 714,2586 739,2586 764,2586 789,2585 814,2584 839,2583 864,2583 889,2584 914,2586 939,2586"/>
                <TextEquiv>
                    <Unicode>Gruss.</Unicode>
                </TextEquiv>
            </TextLine>
            <TextLine id="tr_1_tl_11" custom="readingOrder {index:10;}">
                <Coords points="1009,2736 1459,2703 1585,2750 1806,2686 2158,2706 2627,2647 2890,2697 2870,2527 2549,2597 2258,2555 2066,2619 1736,2625 1629,2571 1191,2666 1012,2652"/>
                <Baseline points="1023,2709 1116,2703 1210,2700 1304,2697 1397,2694 1491,2691 1585,2689 1678,2682 1772,2679 1866,2679 1960,2673 2053,2672 2147,2666 2241,2661 2334,2658 2428,2655 2522,2650 2615,2649 2709,2648 2803,2649 2897,2646"/>
                <TextEquiv>
                    <Unicode>len dank euch; setit euch gleich mit mir zu lisih</Unicode>
                </TextEquiv>
            </TextLine>
            <TextLine id="tr_1_tl_12" custom="readingOrder {index:11;}">
                <Coords points="565,2747 598,2747 615,2767 674,2725 724,2734 741,2720 777,2736 813,2720 847,2742 897,2717 928,2722 931,2658 869,2664 844,2647 827,2661 749,2630 618,2664 567,2655"/>
                <Baseline points="581,2730 606,2726 631,2724 657,2724 682,2722 707,2719 733,2718 758,2718 783,2716 809,2715 834,2715 859,2715 885,2715 910,2716 936,2718"/>
                <TextEquiv>
                    <Unicode>Albrecht:</Unicode>
                </TextEquiv>
            </TextLine>
            <TextLine id="tr_1_tl_13" custom="readingOrder {index:12;}">
                <Coords points="688,2854 763,2893 961,2843 1045,2873 1207,2834 1333,2862 1752,2812 1996,2834 2043,2798 2200,2834 2267,2798 2546,2806 2546,2745 2434,2717 688,2787"/>
                <Baseline points="704,2852 796,2854 888,2844 981,2837 1073,2834 1165,2831 1258,2828 1350,2824 1442,2822 1535,2819 1627,2813 1719,2810 1812,2804 1904,2803 1996,2800 2089,2796 2181,2794 2273,2792 2366,2789 2458,2783 2551,2789"/>
                <TextEquiv>
                    <Unicode>Reßin. Wir wollen neut uns friih zu Bette legen.</Unicode>
                </TextEquiv>
            </TextLine>
            <TextLine id="tr_1_tl_14" custom="readingOrder {index:13;}">
                <Coords points="1859,2893 1881,2896 1909,2868 1929,2879 1948,2865 2024,2868 2038,2882 2054,2873 2066,2884 2096,2865 2130,2868 2130,2809 2088,2834 2040,2823 1993,2837 1968,2823 1951,2834 1923,2815 1859,2826"/>
                <Baseline points="1873,2861 1899,2859 1925,2858 1951,2858 1978,2859 2004,2861 2030,2863 2057,2863 2083,2859 2109,2858 2136,2858"/>
                <TextEquiv>
                    <Unicode>jungen</Unicode>
                </TextEquiv>
            </TextLine>
            <TextLine id="tr_1_tl_15" custom="readingOrder {index:14;}">
                <Coords points="1459,2876 1543,2887 1590,2882 1602,2893 1624,2884 1660,2901 1680,2898 1680,2817 1666,2817 1624,2854 1602,2845 1574,2848 1529,2823 1479,2840 1459,2837"/>
                <Baseline points="1473,2876 1499,2874 1526,2873 1553,2873 1580,2875 1607,2876 1634,2876 1661,2875 1688,2873"/>
                <TextEquiv>
                    <Unicode>und</Unicode>
                </TextEquiv>
            </TextLine>
            <TextLine id="tr_1_tl_16" custom="readingOrder {index:15;}">
                <Coords points="685,3007 950,2979 1112,3030 1588,2954 1814,3002 1934,2935 2015,2979 2521,2921 2524,2856 1875,2898 1800,2856 1602,2893 1431,2854 1255,2907 897,2870 688,2915"/>
                <Baseline points="701,2980 792,2974 883,2976 974,2971 1066,2970 1157,2964 1248,2959 1340,2956 1431,2953 1522,2948 1614,2945 1705,2942 1796,2936 1887,2933 1979,2930 2070,2927 2161,2925 2253,2921 2344,2919 2435,2915 2527,2915"/>
                <TextEquiv>
                    <Unicode>ieh glaut auch iar seidmeiner inung Freund.</Unicode>
                </TextEquiv>
            </TextLine>
            <TextLine id="tr_1_tl_17" custom="readingOrder {index:16;}">
                <Coords points="573,3125 593,3125 615,3144 668,3161 741,3156 783,3172 785,3007 757,3002 693,3049 668,3044 648,3052 640,3044 620,3061 576,3058"/>
                <Baseline points="587,3114 612,3111 637,3111 663,3111 688,3110 713,3110 739,3111 764,3111 790,3111"/>
                <TextEquiv>
                    <Unicode>27. X.</Unicode>
                </TextEquiv>
            </TextLine>
            <TextLine id="tr_1_tl_18" custom="readingOrder {index:17;}">
                <Coords points="576,3265 1029,3242 1126,3276 1420,3209 1677,3253 1831,3200 2261,3228 2331,3184 2711,3184 2745,3105 2440,3119 2311,3069 2040,3139 1526,3150 1473,3111 1395,3167 1107,3128 939,3181 729,3144 579,3170"/>
                <Baseline points="590,3246 697,3238 805,3235 913,3234 1021,3231 1129,3222 1237,3221 1344,3214 1452,3210 1560,3206 1668,3204 1776,3198 1884,3193 1992,3189 2099,3187 2207,3180 2315,3177 2423,3172 2531,3171 2639,3166 2747,3171"/>
                <TextEquiv>
                    <Unicode>Sebaldus: Ein Glas von diesem Weine frischt mich auf-</Unicode>
                </TextEquiv>
            </TextLine>
            <TextLine id="tr_1_tl_19" custom="readingOrder {index:18;}">
                <Coords points="584,3399 2507,3309 2580,3351 2761,3304 2764,3251 2071,3211 1901,3276 1761,3242 1571,3290 1157,3256 987,3318 587,3306"/>
                <Baseline points="599,3374 707,3368 815,3367 924,3362 1032,3358 1141,3356 1249,3347 1358,3344 1466,3339 1575,3335 1683,3334 1791,3329 1900,3324 2008,3320 2117,3316 2225,3311 2334,3307 2442,3305 2551,3302 2659,3296 2768,3302"/>
                <TextEquiv>
                    <Unicode>Albrecht: Erquicklich ist ein Trunk an solchem Abend.</Unicode>
                </TextEquiv>
            </TextLine>
            <TextLine id="tr_1_tl_20" custom="readingOrder {index:19;}">
                <Coords points="704,3516 1249,3519 1300,3485 1364,3527 1434,3477 1571,3474 1616,3508 1853,3477 2043,3513 2202,3474 2205,3404 2063,3354 1923,3402 1143,3393 707,3441"/>
                <Baseline points="719,3496 793,3493 868,3493 942,3490 1017,3487 1091,3484 1166,3485 1240,3481 1315,3478 1389,3475 1464,3470 1539,3470 1613,3466 1688,3467 1762,3458 1837,3456 1911,3455 1986,3455 2060,3455 2135,3450 2210,3458"/>
                <TextEquiv>
                    <Unicode>Die Stunde, die euch mir zu eigen gab,</Unicode>
                </TextEquiv>
            </TextLine>
            <TextLine id="tr_1_tl_21" custom="readingOrder {index:20;}">
                <Coords points="707,3639 2144,3622 2356,3580 2359,3502 2119,3471 1738,3536 1501,3519 1398,3555 1314,3502 1227,3547 1026,3564 903,3513 710,3558"/>
                <Baseline points="722,3625 804,3626 886,3625 968,3619 1050,3614 1132,3613 1214,3609 1296,3606 1378,3604 1460,3602 1542,3598 1624,3592 1706,3591 1788,3586 1870,3586 1952,3585 2034,3577 2116,3574 2198,3571 2280,3568 2363,3571"/>
                <TextEquiv>
                    <Unicode>war just wie die. Erinnert ihr euch nocht</Unicode>
                </TextEquiv>
            </TextLine>
            <TextLine id="tr_1_tl_22" custom="readingOrder {index:21;}">
                <Coords points="1484,3754 1565,3768 1596,3737 1727,3717 1834,3745 1915,3717 2239,3756 2242,3636 2169,3608 1487,3642"/>
                <Baseline points="1500,3723 1537,3720 1574,3723 1612,3723 1649,3721 1687,3719 1724,3717 1762,3717 1799,3717 1837,3715 1874,3712 1911,3711 1949,3710 1986,3708 2024,3708 2061,3706 2099,3707 2136,3707 2174,3705 2211,3705 2249,3708"/>
                <TextEquiv>
                    <Unicode>n, die Wolken zogen,</Unicode>
                </TextEquiv>
            </TextLine>
            <TextLine id="tr_1_tl_23" custom="readingOrder {index:22;}">
                <Coords points="718,3784 785,3762 847,3790 950,3773 1070,3793 1118,3765 1230,3751 1263,3770 1300,3745 1342,3779 1364,3673 1009,3703 922,3670 838,3709 805,3689 721,3706"/>
                <Baseline points="736,3753 767,3753 799,3753 830,3753 862,3751 893,3749 925,3747 956,3747 988,3747 1019,3746 1051,3744 1082,3744 1114,3743 1145,3741 1177,3739 1208,3738 1240,3737 1271,3735 1303,3735 1334,3733 1366,3729"/>
                <TextEquiv>
                    <Unicode>Zu stürmen hub e.</Unicode>
                </TextEquiv>
            </TextLine>
            <TextLine id="tr_1_tl_24" custom="readingOrder {index:23;}">
                <Coords points="1006,3893 1417,3910 1546,3860 2102,3838 2194,3868 2200,3745 1945,3784 1582,3754 1512,3798 1283,3759 1009,3826"/>
                <Baseline points="1023,3881 1082,3882 1141,3873 1200,3870 1259,3869 1318,3865 1377,3870 1436,3860 1495,3857 1554,3854 1613,3852 1672,3848 1731,3848 1790,3850 1849,3850 1908,3842 1967,3840 2026,3840 2085,3837 2144,3835 2204,3843"/>
                <TextEquiv>
                    <Unicode>gevelltet meinem Weg euch bei,</Unicode>
                </TextEquiv>
            </TextLine>
            <TextLine id="tr_1_tl_25" custom="readingOrder {index:24;}">
                <Coords points="1632,4002 1808,4014 1847,3988 1923,4011 1976,3977 2046,4044 2093,4019 2183,4050 2186,3913 2040,3924 1987,3893 1954,3913 1909,3893 1786,3930 1635,3874"/>
                <Baseline points="1649,3986 1676,3984 1703,3983 1730,3981 1757,3979 1784,3977 1811,3975 1838,3974 1865,3974 1892,3974 1919,3974 1946,3972 1973,3971 2000,3971 2027,3970 2054,3968 2081,3966 2108,3966 2135,3967 2162,3969 2190,3971"/>
                <TextEquiv>
                    <Unicode>Frübem Himmel.</Unicode>
                </TextEquiv>
            </TextLine>
            <TextLine id="tr_1_tl_26" custom="readingOrder {index:25;}">
                <Coords points="866,4058 1023,4058 1188,4014 1241,4039 1370,4019 1406,4033 1398,3916 1367,3933 1288,3910 1185,3955 1110,3921 995,3966 869,3963"/>
                <Baseline points="886,4013 912,4011 938,4011 965,4013 991,4011 1018,4010 1044,4008 1070,4006 1097,4004 1123,4006 1150,4006 1176,4003 1202,4001 1229,4001 1255,4001 1282,4001 1308,3997 1334,3996 1361,3997 1387,3997 1414,3995"/>
                <TextEquiv>
                    <Unicode>öder Strasse</Unicode>
                </TextEquiv>
            </TextLine>
            <TextEquiv>
                <Unicode></Unicode>
            </TextEquiv>
        </TextRegion>
    </Page>
</PcGts>
