3016 4120
354 1256 1127 1449 Pustritt. - Beron1
1700 1343 2711 1495 kam warten. - Hn- dien
369 1412 1104 1550 Bn: (nach ausgen:
1688 1469 2700 1637 - die Gedanken waren salt
377 1536 951 1683 Nacht heute-
1611 1588 2599 1755 ne spielten plötzlich mit
389 1631 1118 1838 ean- Apfindunger
389 1709 2605 1948 dem Herzen des Baron Hebert. So hat se doch sein autee,
400 1853 2700 2074 manche Nact einsam zu verbringen; aber ich bin heute unz
383 1974 2703 2219 niger als sonetl - Wie war es doch nur.... Vor Mitternacht
398 2100 2668 2348 lag ich zu Bett und konnte nieät einschlafgn.... Ich trat
412 2239 2694 2438 zum Fenster und zündete mein Licht an... Die se nur kommt:
412 2345 2682 2584 dase ich mich weniger mittelmässig fühle, wenn ich allein
424 2487 2596 2691 vin - 1 Bah, Täusetung, die Vergleidung fehlt. Und auf
421 2619 2708 2870 der Strasse unten sah ich eben Märle in ihr einsaues stüt
444 2760 2680 2968 chen zurückkomnen - zurück - von meinem Freunde Häuslein.
444 2873 2720 3115 kem auch etwas zu schnell. Aber ein Eigenblick der sinnli-
447 2991 2749 3239 chen Aufwallung, und alles ist hinl so komnt se, dase auch
447 3166 2708 3365 Häusleine Mädchen verführen. - Heda, bulde, worauf ertapp
458 3262 2769 3481 ich dicht auf der Verachtung Vioterefl Hagst da ee endich
458 3406 2688 3648 den zu verachtent Und du selber -1 Ku - se stöbert' ich
467 3538 2786 3757 denn unher in den letzten Fächern meinee Schranke - da ich
467 3668 2740 3898 nicht schlafen konnte - und wie mir Blätter und Bücher in
