3032 4216
1649 1284 1814 1426 hr
626 1373 2770 1544 fertig wird. .! man wird sie überdrüssig, bevor man zu
623 1504 2689 1657 Ende gekommen ist. Aber eine leichte cigarette – die
611 1605 2718 1782 nicht, länge dauert, als den Genuss, welchen sie gewährt.
608 1762 2767 1915 Es ist derselbe Unterschied wie zwischen einer Ehe und
614 1895 2651 2046 einer Liebschaft.- Ich werde’ mich nie verheiraten,-
611 2028 2721 2202 Aber was schaust du denn so "trübselig zum Fenster hi-
611 2167 872 2321 naus 2
487 2269 1776 2454 Alfred: Ich liebe die Dämmerung.
475 2425 2686 2602 Hugo: Freilich wenn man ein Kätchen liebt, muss man auch
603 2567 1530 2689 diese Dämmerung lieben.
475 2663 2808 2866 Alfredi Ich werde also Licht machen, und die Ruleauf herab
582 2842 962 2970 lassen..
464 2950 1536 3106 Hugo: Jawol, mach Licht..1
466 3097 2133 3263 Alfred: Diese elenden Streichhölzchent..
464 3231 1362 3378 Hugo: Nicht wahr. . 7.
452 3347 2075 3532 Alfred: (Sieht ihn an) Was meinst du..1
443 3503 2761 3657 Hugo: Ein Dichter! Und versteht nicht einmal Allegorien!-
571 3642 2721 3784 Diese Cypriansl Diese Kätchen! Und diese. .(nimmt das
565 3796 2654 3996 Manuscript von Schreibtisch und hebt es in die Höhe(.
