3064 4152
2484 1225 2625 1374 ofan
527 1274 1674 1444 Ioh begegnete ihn - wir grüst
415 1420 1274 1593 gen an mir vorüber
426 1510 2092 1726 Fr: Er sah wol sehr bleich aus und traurig
432 1648 2129 1841 Frai K: Er var Herrn Hollere bester Freund.
438 1749 2651 1977 Ii Ich weles nicht, ob se Sinnestäuschung war - aber das
444 1884 2731 2112 ist wol nicht recht möglich. Es ist doch Tag und meine E-
461 2057 1006 2247 gen sind gut.
467 2198 1190 2351 Ida: Was ist’'e-1
461 2288 2236 2495 I: Ein ruhiges Lächeln lag auf seinen Lippen
467 2426 1588 2605 Ida: Kol wie auf den meinen.
473 2530 2717 2760 Li Je mehr ich des Herrn Petere Antlitz mir ins Gedächt-
484 2671 2703 2873 nie zurückrafe, desto sonderbarer wirde mir zumt. Aber
490 2789 2527 3022 nun mag freilich meine Unbildungskraft was dazutan.
493 2965 1265 3146 Fr: Geries, Afred.
504 3022 2783 3267 I: Haben wir nicht einmal über diesen Henschen gesprochen,
498 3244 974 3388 Friederikel
513 3290 2829 3530 Fr: Ach, du liebst ihn nicht besondere, well er ein spötter
522 3524 717 3659 10t.
519 3558 2740 3766 L: De ist wehr, dass Leute von dieser Art nir von vorshe
542 3725 1890 3944 ein nicht empathlach sein können.
