3032 4312
470 1188 2054 1403 Rosenb: (ruft:) Pritzchen! Fritzchent
462 1371 2573 1572 III.Auftritt. - Fritzclien kommt mit der Kindsmagd und
465 1523 990 1647 einem Kipfel.
450 1635 1343 1779 Fritzchenig Pepa! Mamal
450 1756 2261 1934 Weissenb: Schon wieder Appetit, kleiner Junge!
448 1888 1979 2063 Magd: Er ist ja eben erst aufgestanden.
436 2014 1845 2180 Weissenb: (:sieht sie ärgerlich an:)
430 2143 1426 2324 Fr: Herr Flügelmann, pahl
430 2284 2728 2484 Fl: (:lacht:) Wie, du sagst mir gleich wieder adieu? Wohin
422 2407 1041 2550 willst du dennt
416 2524 2665 2728 Fr: Nicht ich will dehn, du sollet dehn, Herr Flüdelmann!
416 2691 1417 2817 Magd, Herr u. Frau W: Pstl
419 2777 2725 2989 Fl: Der jungé Mann scheint zu wissen, dass ich heute leider
410 2926 2674 3164 noch auf sehr starke Weise in Anspruch genommen bin - ich
404 3055 1452 3213 mues wirklich schon gehen.
402 3176 1713 3316 Frau W: Also Donnerstag um drei-
399 3308 2568 3506 Weissenb: Welchen Part,gedenken Sie mit meiner Frau zu-
384 3440 1193 3589 näclist zu studieren?
382 3560 2163 3752 F: Wir sind mit der Aida noch nicht zu Ende.
379 3695 2344 3947 W: Was man heutzutag mit diesem Meyerbeer treibt-
373 3810 1305 3988 F: /:Zächelnd:) Verdi.
