3016 4248
560 1260 2735 1487 Eden das nackgerade komisch, durchschauernd wirkt diese
467 1452 1549 1592 Furchtbare Gleicheiltigkeit.
624 1537 2724 1729 Liederliche Gesellschaft. Füchtig lässt sich Melanie
440 1689 2628 1846 erblicken; lachend-meldet sie, dass sie eine Minute sich
443 1802 2788 1986 gestohlen, da sie gleich bei ihrem Gatten sein und nach Ita
435 1933 2695 2111 lien reisen müsse. Am ausgelassensten unter Allen treiben
446 2047 2756 2213 es die einstigen Vermählten, das ist Rudolf und Helene, die
440 2173 2657 2380 sich hier uXI wiedergetroffen haben. Alle entfernen sich
440 2330 2733 2505 nach und nach. Rudolk und Heiene zechen fort und fort; die
435 2455 2730 2633 Morgendämmerung naht. Beide sind allein in dem verlassenen
487 2593 2663 2768 Zimmer mit zerbrochenen champägnerflaschen. Es ist ganz
446 2724 2776 2890 still geworden. Sie erinnern sich beide an jenen süssen Mor
478 2852 2768 3036 gen voll Nacltigallengegang und Liebessehnsucht. Beide be-
440 3001 1598 3141 hen dann wieder von einander.
630 3190 2721 3412 Krentuell ein Einafkter, nur der Schluss auszuführen,
446 3365 1516 3567 alles Uebrigen zu erzählen.
