3112 4344
495 1281 1934 1464 Langsam treten auf Bonifaz und Zugen
498 1426 753 1549 Eugen:
881 1451 2623 1604 ImHaus, das ich verligse, hab') ein Bankett.
878 1584 2387 1707 Man musizierte, sang und tanzte flott;
878 1704 2570 1879 All das in dümpfem, ringegeschlossnem Raun,
883 1837 2067 2025 zum Trotz der Frühlingsnacht-
483 1944 811 2062 Bonifaz:
1962 1984 2803 2095 Doch bliebst du lange
473 2077 736 2192 Eugen:
881 2107 2733 2227 Die Zeitging hin. Hätt' ich im Frei'n indessen
873 2225 2508 2365 Um etwas nur - um einenMpptrunk Wohlsein
858 2355 2865 2513 Beglückter mich gefühlt, ich wär im Feld gewandett
848 2623 2630 2790 Zur späten Nachtzeit, wie ichs oft gepflegt,
846 2725 2693 2885 A in noch schwärmte - und mir jeder Lufthauch,
843 2870 2397 3018 Den abendlich der Lenz zur Erde sandte,
841 3016 2500 3166 Weissagungsvell erschien wie Himmelenten-
448 3121 778 3278 Bonifaz:
846 3136 2417 3236 Wir waren damals Tag für Tag beisammen.-
450 3253 701 3366 Eugen:
831 3263 2265 3408 Wie Wal despfade schlangen unsre Wege
818 3381 2465 3534 sich einfach hin - und als das griine Laub
808 3501 2638 3674 Der Frischen Juzend nur mehr spärlich knospte,
816 3634 2490 3809 Und von der fernen Lichtung her sich Staub
821 3779 2700 3951 Der Strasse durch die Sträucher stahl und Bäüme,
916 3899 2450 4094 a wir nurbelde - vor dem Leben standen,
