3048 4344
462 1230 2083 1486 Girt: aber wenn die Musik Walzer spielt
442 1446 2679 1652 Tux: Das kann sie nicht - es wird bei pastourelle Polka
439 1571 1242 1737 Frangaise gespielt-
442 1707 1908 1856 qirl: (:in höchster Angst:) Gewiest
433 1795 1498 1992 Füchsel: Bist du fertigl.
433 1955 1821 2126 qiri: Gleich. Ich bitte Sie nur-
425 2115 1969 2260 II.Auftritt. Benno Winter tritt herein.
413 2231 1065 2356 Füchsel: Benne!
413 2336 1609 2496 Winter: Albert! (IUmarinung:
407 2490 2740 2702 Füchsel: Aber das ist ja herglich, dass du wieder gekommen
407 2609 625 2725 bistl
401 2725 2534 2929 Winter: Ich bin erst seit heute morgens in der Stadt.
398 2865 2132 3034 F: (:vorstellend:) Mein Cousin Herr Qirl;
381 2990 2630 3179 Winter, Mirl: Ich habe schon das Vergnüigen. (:sie rei-
387 3121 1210 3264 ehen sich die Hände:
375 3255 2539 3461 F: Herr Tanzmeister Iux - Herr Winter. (:Verbeugung:
2324 3438 2534 3557 30/3.
364 3424 2507 3682 F. Aun setze dich, Denne, und sage vor, allewcher du
369 3560 663 3688 kommst.
364 3674 2662 3941 : Ah, du scheinst im Begriffe zu sein, einen Ball zu be-
361 3848 657 3959 suchen.
352 3912 1402 4116 F: Savol, bei Keissenberg
1565 3976 1835 4151 aber da
1940 3947 2644 4189 at keine Kile. 51e
