3000 4248
2392 1117 2634 1275 April
400 1192 2556 1419 K.tux, Winter, Berger im Gasthaus. Friederike. (:ausge-
394 1411 639 1552 Fülirt:
397 1491 2528 1667 II. Friederike und ihr Liebhaber, der ihr unbedeutend
397 1644 2660 1802 diinkt. Besuch Bennos. - Konzert Bergers. Frau Weissenberg.
392 1779 2666 1903 Er füllt durch. Benno & Friederike. - Weinhaus. Lux philo-
397 1900 2556 2073 sophiert über die Weine. Der Liebhaber Friederikens gs-
394 2035 2522 2196 sellt sich ihm zu. Berger schmeisst die Violine weg. -
392 2159 2666 2326 III. Im Hause Bennos. - Benno d Friederike.- Iux kommt be-
440 2289 2611 2453 soffen heim. Berger spielt Skalen. Iux veranstaltet ein
429 2421 2700 2576 Aitodafé seiner philosophischen Bicher.- Berger wirft sei-
392 2542 2574 2680 ne Geige dazu.- Friederiketschildert dem Benno, wis man
383 2669 2669 2841 Liebe fühlt. "Mir ist, wie wenn ich von einer Lande hört",
392 2790 1416 2965 in dem ich nie gewesen...
2225 3063 2533 3201 12/4.81
394 3057 947 3230 zum II. Aufzug.
2090 3181 2648 3357 Erktachen und
397 3190 1963 3360 Abschiedsbegrüssung. Flügelmann geht.
400 3325 2703 3495 die Magd. Da sich auch Herr W. zum Gehen wenden will,„ wendet
438 3449 1344 3607 sich seine Frau zu ihm.
394 3558 2709 3760 Freu W: Wohin denn, Alfredt Ee kommt heute Beouch, du misst
389 3737 1039 3892 zuhause bleiben.
389 3846 2050 4045 Herr N: Ach ja, die Reconnaiosancsvieiten.
