3032 4216
485 1337 1107 1506 csprian: Unde.
488 1484 2238 1614 Alfred: Ich kann dir nichts neues erzälen."
605 1578 2835 1789 sie ist ebenso hübsch gewesen, wie vorgestem,. und eben
602 1753 1240 1914 so gescheidt..
474 1867 1931 2028 ciprian: Sie ist ein liebes Mädchen.
485 2017 1193 2133 Al Fredi (kelt) Ja.
480 2150 2114 2305 coprian: (ihn anschauend)Leb wol, Alfred.
472 2280 1625 2460 Alfred:. Gute Unterhaltung..
1093 2466 1936 2635 Augo (tritt eben eine
477 2627 2183 2754 Hugo: Guten Tag! Ah Cyprian, du auch da. ..
477 2718 2618 2932 Alfred: stör ihn nicht, er hat eine Lektion zu geben..
472 2890 2674 3068 Hugo: Oh, beileibe nicht : .Adieu cyprian. (cyprian geht.
1257 2993 1803 3140 Alfred. Hugo.
466 3181 2566 3381 Hugo: Wie geht es dir. .HHast du eine gute Cigarre..
588 3331 2752 3534 An.„ wied diese Opéras.. Hast du denn gar keinen Sinn
591 3492 1392 3625 für Abwechelung. .!
460 3620 1706 3800 Alfred: Da ist cigarettentabak.
472 3736 2632 3947 Augo: Ist mir noch lieberlbie man mit so einer Oigarne
