3048 4184
2598 1194 2839 1331 1 b.
1120 1302 2787 1478 Es gefällt ihm so wohl im Schloss. Da die
929 1456 2900 1598 Prinzessin schon lange mit ihm verlobt ist, kommt.
929 1579 1799 1735 sie in zwei Tagen an.
1115 1819 2831 1990 Jazar; Justin, Amadeus in dumpfer Erwartung.
917 1941 2819 2113 Man spricht (Jürgen/ von der baldigen Ankunft der
922 2084 1387 2238 Prinzessin.
1128 2221 1606 2361 Thilda geht.
1106 2321 2846 2505 Lazarus, übermannt, fühlt, dass er doch mehr
919 2473 1851 2635 Mensch ist als Prinzip.
1106 2603 2765 2802 stazar hat einen Brief Thilda's gefunden./
1106 2863 2777 3025 Der König: Mich dinkt, das Begräbnis wird
956 2995 2187 3135 bald nach der Hochzeit kommen./
1110 3106 2292 3299 Prinz Jullan in seinem Zimmer.
1108 3292 2804 3412 Thilda stürzt herein, wird endlich, da sich
954 3375 2814 3547 Jul tan nicht mehr zu helfen weise, gefangen die
917 3495 1723 3679 Treppe hinabgeführt.
1110 3753 2223 3905 Hochzeit mit der Prinzessin.
