3016 4216
513 1302 1404 1480 Afredi Was ist es den
507 1424 2767 1616 coprian: Eine nervösgewordene Prosa, ein krankhaftes. Ml-
623 1561 2732 1739 len - ein überreiztes, unangenehmes Produkt - das zu -
626 1704 2330 1852 gleich langweilt und abstösst..:Wirf's weg-
516 1823 2662 2024 Afred: (wirft's auf den Schreibtisch) (stcht auf) au
635 1975 1797 2132 bist heute ziemlich streng...
501 2091 2741 2275 csprian: ( ist ebenfalls aufgestanden./ Gegen einen Men-
623 2240 2825 2406 schen von Begabung nicht strenge zu sein ist Unsinm
615 2371 1986 2496 ja schlimmer als das...Leichtsinn.
504 2473 2758 2647 Alfred: Als ob Leichtsinn etwas gar so schlimmes wäre...!
495 2613 2694 2790 csprian: Darüber wollen wir uns gewis s nicht streiten.
501 2752 2799 2918 Alfred: Ich. bleibe dabei, dass du darin übertrieben bist...
501 2878 2682 3058 ciprian: Bleibe dabei, aber lass uns nicht drüber reden.
501 3014 2735 3195 Alfred: Mir selbst so an liebsten..heute bin ich gewiss
609 3157 1465 3332 nicht dazu aufgelegt.
504 3291 2840 3495 csprian: (Auf die Uhr schend) Ich muss gehen, Afred, mein
609 3443 1960 3629 Schüler erwartet mich...Leb nol...
498 3568 1113 3740 Afredi adieu..
492 3678 2828 3917 Esprian: Noch was. . hast dur gestemm Rätchen gesprochen..1
501 3847 1130 4002 Agred: Ach 1a.
