3048 4248
376 1185 2678 1459 Da Rieder komnt. Rieder, hat den Fürsten im Verdacht, dass
399 1421 1272 1575 er zu Ernestine komme.
547 1502 2693 1694 Fürst beim Tore Flieders wartet, ebenso Hieder selbst.
352 1657 2553 1820 Du wolltest zu ihr, zu meiner Gellebtenl ruft der Fürst.
361 1776 2635 1956 Meine Fraul Wie, Du mit Agathen heimlich vermählt1 In die-
370 1907 2707 2108 dem Moment fährt Graf Wmil mit Ernestine vorbei. Dem Fürster
367 2038 1790 2210 ist alles klar. Willmers kommt dazu.
571 2402 2055 2600 Der Fürst Theophll-Sonnenthal, d
576 2568 2419 2731 Agathe, Gräfin Fehl, seine Geliebte, - Janisch.
568 2699 1560 2873 Baron Fieder, - Meixner.
579 2827 2143 2990 Ernestine, seine Gattin, - Mitterwurzer.
582 2952 1636 3112 Graf Amil Heller, - Robert.
588 3077 1505 3290 v. Willmers, - Hartmann.
