3144 4392
2664 1104 2862 1224 22.
578 1431 2687 1624 Abrecht: Bringt mir ein alas von suren besten Mein.
684 1560 2121 1719 Und besseres Licht auf diesen Tisch.
724 1681 2773 1836 (:setzt sich und zieht zeichnungen aus der Tasche sei
687 1836 2727 2055 nes Roches. Betrachtet oie, feht die langsan durch.!
1966 1960 2437 2109 Verästelung.
695 2066 2365 2270 der Blutgefässe in den Wangen- Herven des
397 2216 2236 2405 ihdlenus das Herz - nein, nein! Das alles nicht.
1046 2356 2627 2506 Glaubt ihr nicht, dass wir ihn stören?
586 2356 1014 2512 Friederich.
592 2471 785 2543 20.X.
595 2489 2207 2612 Medardes: Bah! und wenn wir inn stören?
701 2606 2558 2765 Ist's etwa so schön und lobenswert, was er tutz
701 2721 2874 2888 solltet hören, wie mein ohm der Bischof die Männer je-
701 2842 2946 3043 ner Art verdammt, das3 sie der Natur nachschleichen auf„
716 2986 2282 3144 verbotenem Weg - und mein Oum nat Recht!
601 3115 2799 3285 Friedtrich: Wozu ist man denn Bischof, als um Recht zu
704 3302 957 3403 haben.
601 3365 2914 3538 Medardes: Ich kann all die Leute nicht leiden, das gelehr
713 3477 2762 3696 té wesen ist mir verhasst. Es ist eine Lüge. (:Wirtt
713 3635 2437 3805 ärgerlich die Würfel auf den Tisch:/ Siebend
