3016 4232
2536 1017 2681 1182 85
502 1287 1145 1488 Augo: Du sollst
1233 1306 1618 1491 nicht ver
2023 1295 2800 1488 gen dort und dort zu
1825 1423 2111 1556 und
623 1451 1386 1607 sein...sie habe dir
1519 1462 1751 1624 sagent
1930 1493 2097 1581 cnu
2145 1437 2800 1618 schreibt sie Dir
1510 1590 1805 1692 Mge
601 1567 1618 1729 heute schon, was sie dir mn
1720 1576 2752 1720 en sagen will, (so ersparst
618 1695 2788 1867 du morgen ihr zu zuhören) dass ihr Herz dir gehöre, dass
606 1836 2720 2020 sie dir gestattet,nach ihrem Besitze zu schmachten,je
604 1938 2783 2125 glihender, je lieber ...ihr selber sei nicht anders zu
598 2094 2769 2250 Mute, aber sie ist ein anständiges Mädchen. oh, Alfred,
606 2230 2706 2383 sie ist unermesslich anständig, unermesslich langwei-
601 2341 2658 2511 118 - ja gewiss, denn während das wünschen, doch immer
598 2485 2624 2655 nur eines vorsplegelt und stots dasselbe, weiss der
604 2621 2698 2766 Erfolg so unendlich manigfaltig zu wein. Ui Sehnfucft
601 2732 2525 2876 trällert immer dieselbe einformigi latorti¬
621 2828 2091 2981 die Erfulluns crmganet iti teialiene
391 3001 2669 3151 Alfred: Hat mir diese Liebe, wenn ich recht bedenke nicht
592 3134 1964 3253 mehr Schmerz bereitet, als Freude.
2358 3188 2695 3330 sie hat
397 3273 2576 3423 Augo: (ihm un den Hals fallend) oh, du doldkind, sehatd
584 3381 2763 3517 dir bereitet, also es liegt hinter dir, weit hinter dir.
388 3522 2610 3704 Alfröd: (das Hanäsoript nehmend uns es in eine Koke vor-
572 3653 2769 3823 fond) so weit als das - Dämon Leben l lich ruf ioh an,
567 3780 2655 3962 da ich dir schon angehöre, schliesse mich auch völlig
