3048 4408
1532 1532 2225 1668 at so strafend an.
980 1513 1374 1678 seht zich
629 1573 956 1692 Justine,
1568 1611 2414 1804 er und ihr empfandet.
641 1656 1525 1797 Nicht Liebe war's - die
638 1778 2349 1948 Ihr taugtet niemals für einander. Wiest ihr
641 1914 2182 2075 Der Stund' euch zu erinnern, o Justine,
648 2039 2170 2206 In der ihr mich und ihn zuerst gesehnt
636 2175 2469 2340 Ich war sein Freund, ich bin es stets gewesen,
648 2294 2314 2445 Auch als ich nicht an seiner- Seite weilte;
643 2416 2230 2564 Drun tutnir's wehe, dass ich ihn verlor,
638 2550 2555 2708 Doch wär ich selbstisch, gäb' ich diesem Schmerz
648 2705 2531 2837 Hieh hin. & ist gut so! Niemals wär er selbet
652 2835 2278 2949 Beglückt gewesen, und doch schuldig etete
652 2921 2208 3097 an euren Englück. vergesht ihn das
655 3081 2483 3246 Es war ein Traum und keiner von den schönsten-
655 3207 2184 3346 Justine; je- an jene Stunde denk ich-
652 3339 2251 3473 Da wir zum ersten Mal uns sahn- Justine.
662 3468 2385 3640 Ich weise auch noch, dass euer erater Blieh
817 3607 2194 3757 - und der zweite ihn gehörte. Doch
657 3738 2531 3867 Nun sch ich, dase ich wirklich selbstiech bin,
660 3867 2380 4044 Da ich gestehn muss, dase ich neidisch war.
