3144 4392
680 1405 2818 1590 hinaus. Was lisett mir am Reden, an Geist, an Tiefsinn,
688 1548 1900 1711 vernunft und ähnlichen dummen ?
2088 1568 2877 1728 /:Trinkend:/ Das ist
683 1686 2816 1849 ein wirkliches Vergnügen, seht - und auch ein hübsches
652 1767 1020 1866 Bräulden
686 1815 2771 1989 Fraulein umarmen, ist nicht so onne - a ber das andre
680 1959 2481 2108 ist eingebildet, man lügt sich selber was vor-
694 2079 2608 2254 (: tum die Würkel gebend:)beginn't Friederich.
674 2206 2796 2377 Vorner noeh eine Kleinigkeit. Wie ist''s denn mit Hein-
688 2335 2684 2501 rieh und Justinet kommt's noch nicht zur Verlobunge
551 2470 2810 2644 Friederien: Ach, bei dem Herren! Er ist so verrückt als
674 2588 2835 2754 gut, eine Art von Dichter, schwärmerisch, leidenschaft-
669 2717 2838 2908 lich, voll Gegensätze, ein gemilderter sebaldus, wie mir
674 2858 1009 3010 scheint.
551 2970 2650 3167 Medardes: An ban, mit dem scheint er mir gar nichts
660 3088 1338 3291 atmlicrutzu näben,
548 3240 756 3409 17. X.
669 3347 2866 3524 Wenn sie auch damals viel beisammen steckten und ein und
660 3493 2765 3667 dasselbé Frauenzimmer liebten. Aber ich begreife wol,
669 3622 2804 3788 dass das Mädchen den Heinrich sich nahm. Also ihr hört
658 3754 2602 3920 noch nichts von einer Heirat zwischen den peiden?
