3096 4232
599 1411 2854 1605 Geiat so ungeheuer erscheint, gegen die Liebe - die Liebe
604 1534 2894 1748 allein - eine solche Liebe, wie ich sie zu dir fühle, kann
599 1682 1637 1850 das ganze Leben ausfüllent
602 1808 1853 1976 Milda: (:nimmt seine Hand, pres
1959 1873 2888 2022 sie an ihr Herz - küsst
604 1962 764 2081 eis:
624 2064 2880 2284 (:Beide sind sprachlos im Taumel und Rausch ihres Liebesge
573 2207 833 2352 finle:
599 2332 2766 2572 (:Archo Feuster blitzt an Lichtschein, stinmen werden
582 2452 815 2609 Laut:
565 2572 1340 2749 Prinz: Was. ist das
570 2697 1945 2885 thilda: Zacken sch ich heranziehn.
553 2834 2843 3037 Prinz: Oh, das guts, gute Volkl siehet du, thilda, all das
565 2965 2734 3145 für mich. Iat's nicht manchmal, als wollte das Voik die
553 3099 2831 3299 Könige durch wlche Feier zu trögten suchent oh, sie brau-
550 3222 2794 3410 chen Trost. Aber wohl ihnen, wenn sie andern Trost haben.
565 3353 1947 3541 (:Driickt die Geliebte an sein Herz:
562 3473 2848 3709 (:Das Fenster iet offen; man hört die Stimmen leuter; Worte
536 3632 1255 3758 werden vernehmbar:
533 3744 2734 3972 Eins siinne Matthäus:) Haltst auch dinke, Jungens, wir
