3032 4392
2563 1112 2717 1283 34.
622 1423 864 1523 wasa.
519 1426 2766 1637 Justins: oh ich bin nicht we rt, dass ein Heinrich mich
619 1639 2050 1788 liebte. Ich bin so kindisch, so bös!
510 1751 1751 1902 Elisabeth: So bös -! Justine.
525 1848 2720 2016 Justine: Wie hab' ich ihn gequält, den guten; teuren,
642 1990 2697 2156 edlen Mann. Wie fügt ich meine Worte kalt und eitel
650 2127 2726 2298 eins an's andere, ohne dass ich wusste warum- nur mir
644 2258 2757 2386 selber zu schmeicheln und meiner Jaune. O Elisabeth,
921 2375 1212 2472 mit ena
644 2409 2697 2580 sprichsnicht mehr ich verdien's nicht.- 0 Elisabeth,
653 2526 2780 2672 süsse, liebe, ich, ich bin Schuld an seinem Tod - mir
644 2626 2458 2800 kann man nicht verzeinn wie dottlden Menschen.
525 2751 2697 2923 Elisabetn: bitt dich, Justine, sprich nicht so unbe-
639 2965 907 3065 dacht.
536 3017 2823 3171 Justine: O er war so lieb, sein Herz so überquellend von
656 3151 2626 3330 innigen gefünl, - und da kam ich - mitteg in seine
653 3273 2703 3430 glühendsten Blicke, seine holdesten Küsse, zärtesten
642 3402 2806 3581 Händedrücke mit einem kalten, unnützen Wort- und es war
659 3556 2843 3709 als ob Blätter langsam von einem Baume herabrauschten an
664 3655 870 3761 trübe
684 3675 2635 3861 later Herbsteszeit.- Nun ward er freilich grad wie
650 3818 2828 3989 ien und ich hört auch nicht liebes mehr von ium- und es
650 3923 2592 4149 ging zu Ende: - und nur fir ich, ich ganz allein-
