3080 4280
584 1228 917 1413 Gebaddus:
1856 1206 2688 1399 Was soll dan Zucken-
672 1347 2186 1537 In jeder waser Neiner Leibs.-- Dist du
677 1490 1410 1649 Nicht glücklich2
551 1619 934 1732 Heinrich:
1537 1603 2522 1787 o Sebaldus - ein Füngiling
658 1710 2412 1914 dess Herz zerissen ist und unnütz, findest du
666 1875 1713 2038 In deinen Freunde wieder!
548 1996 920 2164 Sebrt ius:
1914 2010 2710 2156 Du erschreckst mich.
548 2065 2558 2294 Heinrich: Wie Einer pachts auf dunkler Strasse int
658 2269 2316 2432 Unl spottend Stimmen hinter sichi verniimt,
658 2376 2321 2555 Nicht wissend, was das Höhnen mag bedeuten,
1930 2489 2074 2566 gu
655 2511 2396 2696 ob'» ihm erzälte, dass er vorbeifenfachtlos,
650 2646 2396 2817 An heiss Ersehntem - oder ob's ihm weissagt,
636 2784 2346 2949 Er sin in's Unlück; - so vernalim auch ich,
644 2922 2049 3081 Hinpilgernd über meiner Lebens Pfad
642 3035 2269 3200 Ein tückisch Lachen, aus verborgnem Mund.
636 3172 2027 3327 Eni eile rastlos, rastlos, weiter!
529 3307 889 3467 Sobaldus:
923 3282 2126 3489 lhänrstlich, aufsorert:/ Uind.
534 3437 1019 3605 35. Justine-
515 3577 790 3734 22.19.
975 3569 1941 3751 Heinrich, sag mir alles,
631 3698 2363 3847 Denn mich will dünken,-dass allein Justine-
515 3828 2729 4031 Heinrich: o mein Sobaldus - nichts veranhweig! sich dir.
