<?xml version="1.0" encoding="UTF-8" standalone="yes"?>
<PcGts xmlns="http://schema.primaresearch.org/PAGE/gts/pagecontent/2013-07-15" xmlns:xsi="http://www.w3.org/2001/XMLSchema-instance" xsi:schemaLocation="http://schema.primaresearch.org/PAGE/gts/pagecontent/2013-07-15 http://schema.primaresearch.org/PAGE/gts/pagecontent/2013-07-15/pagecontent.xsd">
    <Metadata>
        <Creator>prov=READ-COOP:name=PyLaia@TranskribusPlatform:version=2.7.0:model_id=50870:lm=none:date=22_01_2024_15:29</Creator>
        <Created>2023-09-27T14:32:34.145+02:00</Created>
        <LastChange>2024-01-22T15:29:19.026+01:00</LastChange>
        <TranskribusMetadata docId="1589026" pageId="60122437" pageNr="159" tsid="145619875" status="IN_PROGRESS" userId="40391" imgUrl="https://files.transkribus.eu/Get?id=PVKUOGKYWRQSGZALYWWKLYUX&amp;fileType=view" xmlUrl="https://files.transkribus.eu/Get?id=VQJBAZUJHFQUMSPENZHCGHAU" imageId="48547515"/>
    </Metadata>
    <Page imageFilename="1589026_0159.jpg" imageWidth="3048" imageHeight="4136">
        <ReadingOrder>
            <OrderedGroup id="ro_1711796434950" caption="Regions reading order">
                <RegionRefIndexed index="0" regionRef="tr_1"/>
            </OrderedGroup>
        </ReadingOrder>
        <TextRegion orientation="0.0" id="tr_1" custom="readingOrder {index:0;}">
            <Coords points="477,1295 477,3877 2805,3877 2805,1295"/>
            <TextLine id="tr_1_tl_1" custom="readingOrder {index:0;}">
                <Coords points="522,1370 751,1416 969,1373 1141,1407 2795,1410 2792,1275 2497,1324 1935,1253 1685,1316 1462,1264 1287,1313 823,1275 522,1316"/>
                <Baseline points="537,1357 650,1359 763,1360 876,1360 990,1363 1103,1363 1216,1363 1329,1365 1443,1366 1556,1366 1669,1369 1782,1372 1896,1372 2009,1375 2122,1375 2235,1375 2349,1378 2462,1375 2575,1378 2688,1384 2802,1387"/>
                <TextEquiv>
                    <Unicode>: Bah, ein Abenteuerl Mir fällt eben zu rechter Zeit ein,</Unicode>
                </TextEquiv>
            </TextLine>
            <TextLine id="tr_1_tl_2" custom="readingOrder {index:1;}">
                <Coords points="516,1516 834,1490 1003,1528 1049,1493 1499,1554 1958,1511 2304,1545 2439,1508 2797,1562 2797,1402 2608,1387 1849,1445 1708,1384 1485,1439 1169,1402 516,1439"/>
                <Baseline points="531,1486 644,1487 758,1489 872,1488 985,1492 1099,1494 1213,1495 1326,1495 1440,1499 1554,1498 1668,1498 1781,1501 1895,1504 2009,1504 2122,1504 2236,1506 2350,1506 2463,1506 2577,1509 2691,1512 2805,1518"/>
                <TextEquiv>
                    <Unicode>dass du just einundawanzig Jahre geworden biet.- So recht,</Unicode>
                </TextEquiv>
            </TextLine>
            <TextLine id="tr_1_tl_3" custom="readingOrder {index:2;}">
                <Coords points="519,1662 785,1625 1218,1662 1872,1634 2365,1682 2439,1645 2686,1662 2732,1585 2600,1597 2376,1519 2006,1559 1920,1525 1654,1585 1433,1536 1390,1568 952,1536 903,1576 516,1539"/>
                <Baseline points="534,1614 644,1617 754,1620 864,1617 975,1620 1085,1622 1195,1621 1305,1623 1416,1626 1526,1629 1636,1629 1746,1626 1857,1631 1967,1632 2077,1635 2187,1635 2298,1635 2408,1638 2518,1638 2628,1640 2739,1638"/>
                <TextEquiv>
                    <Unicode>Josef, wir wollen nicht unser ganzes Leben auf dem Altar</Unicode>
                </TextEquiv>
            </TextLine>
            <TextLine id="tr_1_tl_4" custom="readingOrder {index:3;}">
                <Coords points="516,1780 2775,1800 2772,1723 2505,1651 2330,1685 2158,1648 1889,1703 1668,1668 1548,1717 1313,1668 516,1674"/>
                <Baseline points="531,1742 643,1743 755,1745 868,1748 980,1751 1092,1752 1205,1751 1317,1754 1429,1757 1542,1757 1654,1757 1766,1759 1879,1760 1991,1763 2103,1763 2216,1765 2328,1766 2440,1765 2553,1768 2665,1769 2778,1766"/>
                <TextEquiv>
                    <Unicode>der Aegelmässigkeit langsan vergiften sahen von den sonder</Unicode>
                </TextEquiv>
            </TextLine>
            <TextLine id="tr_1_tl_5" custom="readingOrder {index:4;}">
                <Coords points="516,1909 2316,1895 2623,1943 2792,1932 2789,1837 2565,1860 2479,1803 2273,1774 2181,1829 2087,1786 1840,1820 1657,1780 1576,1820 1402,1786 1124,1832 811,1789 513,1832"/>
                <Baseline points="528,1868 641,1873 755,1877 868,1877 982,1880 1095,1881 1209,1882 1322,1883 1436,1885 1549,1885 1663,1888 1777,1888 1890,1888 2004,1891 2117,1891 2231,1894 2344,1893 2458,1894 2571,1897 2685,1900 2799,1894"/>
                <TextEquiv>
                    <Unicode>varen Priestern mit schlafmütze und Hausrock.- Aohreib mir</Unicode>
                </TextEquiv>
            </TextLine>
            <TextLine id="tr_1_tl_6" custom="readingOrder {index:5;}">
                <Coords points="507,2029 1149,2061 1390,2018 1883,2061 2101,2026 2419,2064 2565,2032 2663,2089 2789,2067 2789,1975 2706,1949 2465,1983 1869,1906 1703,1952 1568,1918 1456,1966 1333,1958 1250,1897 1149,1949 866,1929 771,1963 507,1915"/>
                <Baseline points="522,1999 635,2002 749,2002 863,2007 976,2008 1090,2008 1204,2011 1317,2011 1431,2014 1545,2017 1659,2016 1772,2017 1886,2017 2000,2020 2113,2018 2227,2020 2341,2020 2454,2023 2568,2026 2682,2026 2796,2029"/>
                <TextEquiv>
                    <Unicode>bald - aber alles, was herumspaziert auf der Erde und dich</Unicode>
                </TextEquiv>
            </TextLine>
            <TextLine id="tr_1_tl_7" custom="readingOrder {index:6;}">
                <Coords points="547,2167 1049,2150 1106,2193 1293,2147 1591,2201 1677,2155 1883,2187 1963,2150 2270,2210 2525,2158 2640,2210 2792,2190 2789,2067 2445,2052 2368,2089 2267,2044 2127,2081 1963,2035 1430,2081 1184,2044 1069,2089 940,2047 828,2092 757,2041 547,2049"/>
                <Baseline points="564,2124 675,2128 787,2136 898,2136 1010,2136 1122,2136 1233,2139 1345,2142 1456,2145 1568,2148 1680,2148 1791,2148 1903,2148 2014,2151 2126,2151 2238,2152 2349,2154 2461,2154 2572,2157 2684,2155 2796,2151"/>
                <TextEquiv>
                    <Unicode>kannte, sell steif und fest glauben: Ein Josef Heller wan-</Unicode>
                </TextEquiv>
            </TextLine>
            <TextLine id="tr_1_tl_8" custom="readingOrder {index:7;}">
                <Coords points="545,2322 954,2276 1230,2330 1419,2270 1416,2181 1382,2175 1089,2218 857,2175 811,2204 757,2181 542,2204"/>
                <Baseline points="558,2258 601,2258 644,2258 687,2261 731,2261 774,2264 817,2264 860,2264 904,2264 947,2262 990,2265 1033,2267 1077,2267 1120,2267 1163,2269 1206,2269 1250,2268 1293,2269 1336,2268 1379,2267 1423,2258"/>
                <TextEquiv>
                    <Unicode>telt nimmer hienieden-</Unicode>
                </TextEquiv>
            </TextLine>
            <TextLine id="tr_1_tl_9" custom="readingOrder {index:8;}">
                <Coords points="533,2425 877,2413 1000,2454 1121,2408 1232,2442 1344,2405 1482,2442 2055,2413 2537,2454 2709,2436 2706,2313 530,2327"/>
                <Baseline points="546,2378 654,2387 762,2393 870,2391 979,2395 1087,2393 1195,2393 1304,2399 1412,2399 1520,2401 1629,2402 1737,2405 1845,2405 1953,2405 2062,2405 2170,2411 2278,2409 2387,2411 2495,2411 2603,2414 2712,2402"/>
                <TextEquiv>
                    <Unicode>Ai Fritz, Fritz - jetzt soll ein frählich Leben anzehn-</Unicode>
                </TextEquiv>
            </TextLine>
            <TextLine id="tr_1_tl_10" custom="readingOrder {index:9;}">
                <Coords points="527,2545 2368,2545 2720,2605 2737,2445 525,2454"/>
                <Baseline points="540,2509 650,2518 760,2521 871,2519 981,2521 1092,2524 1202,2524 1312,2525 1423,2530 1533,2530 1644,2530 1754,2533 1864,2535 1975,2536 2085,2541 2196,2542 2306,2540 2416,2542 2527,2543 2637,2548 2748,2551"/>
                <TextEquiv>
                    <Unicode>und wir wollen uns bald, vielleicht in zwei, drei ionaten</Unicode>
                </TextEquiv>
            </TextLine>
            <TextLine id="tr_1_tl_11" custom="readingOrder {index:10;}">
                <Coords points="496,2683 1066,2706 1261,2666 1740,2723 1975,2677 1975,2585 1903,2574 496,2600"/>
                <Baseline points="513,2640 586,2646 659,2646 733,2646 806,2648 880,2649 953,2646 1026,2649 1100,2652 1173,2652 1247,2653 1320,2658 1393,2654 1467,2658 1540,2658 1614,2662 1687,2661 1760,2661 1834,2661 1907,2664 1981,2664"/>
                <TextEquiv>
                    <Unicode>schon wieder treffen.- Sei glücklich.</Unicode>
                </TextEquiv>
            </TextLine>
            <TextLine id="tr_1_tl_12" custom="readingOrder {index:11;}">
                <Coords points="487,2795 659,2838 840,2792 932,2838 1038,2803 1132,2840 1247,2795 1407,2861 1559,2849 1619,2797 1757,2846 2092,2806 2155,2846 2431,2803 2795,2832 2792,2723 2554,2763 2342,2720 2170,2766 1940,2711 1800,2752 1708,2709 1384,2734 1167,2686 1026,2729 487,2703"/>
                <Baseline points="504,2778 618,2777 733,2778 847,2781 962,2781 1077,2783 1191,2784 1306,2787 1420,2785 1535,2787 1650,2789 1764,2790 1879,2792 1993,2796 2108,2799 2223,2798 2337,2802 2452,2802 2566,2805 2681,2805 2796,2802"/>
                <TextEquiv>
                    <Unicode>P. Jass uns noch ein Stündchen verplaudern, bevor wir schdl</Unicode>
                </TextEquiv>
            </TextLine>
            <TextLine id="tr_1_tl_13" custom="readingOrder {index:12;}">
                <Coords points="493,2949 1244,2926 1384,2967 1734,2926 1880,2958 1880,2823 1846,2818 1734,2863 1614,2823 1396,2855 1321,2812 1270,2849 1169,2815 894,2863 493,2846"/>
                <Baseline points="510,2903 578,2906 647,2906 716,2909 785,2906 854,2909 923,2910 992,2912 1061,2911 1130,2912 1199,2912 1267,2912 1336,2915 1405,2918 1474,2918 1543,2918 1612,2920 1681,2921 1750,2923 1819,2924 1888,2924"/>
                <TextEquiv>
                    <Unicode>den. Kgmm, ich will dich begleiten.</Unicode>
                </TextEquiv>
            </TextLine>
            <TextLine id="tr_1_tl_14" custom="readingOrder {index:13;}">
                <Coords points="482,3064 1473,3058 1872,3124 2270,3090 2270,2969 2021,2998 1760,2935 1336,2989 1270,2952 1012,2987 897,2938 760,2995 482,2975"/>
                <Baseline points="498,3031 586,3034 675,3037 764,3037 853,3040 941,3043 1030,3043 1119,3043 1208,3046 1296,3044 1385,3045 1474,3049 1563,3049 1651,3049 1740,3052 1829,3054 1918,3060 2006,3055 2095,3058 2184,3058 2273,3058"/>
                <TextEquiv>
                    <Unicode>H. Mir ahnt, es kommt eine sehr lustige Zeit!</Unicode>
                </TextEquiv>
            </TextLine>
            <TextLine id="tr_1_tl_15" custom="readingOrder {index:14;}">
                <Coords points="1255,3227 1321,3227 1447,3190 1499,3213 1548,3196 1591,3219 1703,3227 1700,3093 1611,3113 1556,3147 1436,3107 1399,3130 1344,3104 1253,3110"/>
                <Baseline points="1271,3178 1296,3178 1322,3178 1348,3178 1374,3177 1399,3175 1425,3176 1451,3178 1477,3178 1502,3178 1528,3178 1554,3178 1580,3178 1605,3179 1631,3181 1657,3183 1683,3184 1709,3184"/>
                <TextEquiv>
                    <Unicode>(:Beide ab:</Unicode>
                </TextEquiv>
            </TextLine>
            <TextLine id="tr_1_tl_16" custom="readingOrder {index:15;}">
                <Coords points="2382,3204 2456,3199 2488,3222 2528,3193 2542,3210 2588,3225 2611,3222 2611,3087 2585,3098 2562,3093 2545,3107 2531,3098 2488,3107 2479,3116 2382,3113"/>
                <Baseline points="2399,3196 2426,3192 2453,3191 2480,3193 2508,3191 2535,3191 2562,3192 2589,3192 2617,3190"/>
                <TextEquiv>
                    <Unicode>1217.</Unicode>
                </TextEquiv>
            </TextLine>
            <TextLine id="tr_1_tl_17" custom="readingOrder {index:16;}">
                <Coords points="476,3333 1167,3313 1321,3356 1748,3322 1866,3371 1946,3333 1995,3374 2164,3322 2726,3348 2723,3216 2528,3193 1622,3253 1132,3179 820,3239 473,3199"/>
                <Baseline points="492,3294 604,3294 716,3297 828,3297 940,3297 1052,3299 1164,3300 1276,3303 1388,3306 1500,3306 1612,3309 1724,3311 1836,3312 1948,3312 2060,3315 2172,3317 2284,3318 2396,3321 2508,3321 2620,3324 2733,3321"/>
                <TextEquiv>
                    <Unicode>3.Auftritt. -Marie komnt herein und trägt die Laupe hin-</Unicode>
                </TextEquiv>
            </TextLine>
            <TextLine id="tr_1_tl_18" custom="readingOrder {index:17;}">
                <Coords points="482,3431 846,3517 1095,3442 1253,3488 1628,3440 1711,3477 2780,3480 2777,3397 2542,3325 2104,3374 1832,3365 1737,3319 1493,3374 1350,3331 1149,3382 1012,3325 665,3388 482,3365"/>
                <Baseline points="498,3422 612,3425 726,3425 841,3428 955,3425 1070,3428 1184,3431 1299,3434 1413,3437 1528,3440 1642,3440 1756,3440 1871,3445 1985,3446 2100,3449 2214,3449 2329,3452 2443,3455 2558,3458 2672,3458 2787,3455"/>
                <TextEquiv>
                    <Unicode>aus; in der für begegnet ihr der Baron mido v. Liebert, des</Unicode>
                </TextEquiv>
            </TextLine>
            <TextLine id="tr_1_tl_19" custom="readingOrder {index:18;}">
                <Coords points="479,3609 602,3606 676,3563 909,3603 1012,3583 1155,3629 1195,3611 1192,3485 1118,3462 848,3520 728,3462 645,3523 476,3503"/>
                <Baseline points="492,3554 527,3556 562,3555 598,3554 633,3554 668,3557 704,3555 739,3554 774,3554 810,3554 845,3557 880,3557 916,3557 951,3558 986,3560 1022,3560 1057,3562 1092,3563 1128,3563 1163,3563 1199,3560"/>
                <TextEquiv>
                    <Unicode>eis am Kinn faest.</Unicode>
                </TextEquiv>
            </TextLine>
            <TextLine id="tr_1_tl_20" custom="readingOrder {index:19;}">
                <Coords points="464,3723 820,3738 937,3695 1244,3732 1597,3709 1700,3749 1786,3709 2408,3763 2600,3726 2600,3657 2193,3626 2092,3663 1803,3594 1425,3640 1376,3603 1155,3626 1026,3589 823,3629 679,3566 596,3609 461,3591"/>
                <Baseline points="480,3679 586,3685 692,3686 799,3688 905,3688 1012,3688 1118,3692 1224,3691 1331,3694 1437,3699 1544,3700 1650,3700 1756,3702 1863,3703 1969,3706 2076,3708 2182,3712 2288,3710 2395,3711 2501,3715 2608,3715"/>
                <TextEquiv>
                    <Unicode>Marsk: aber wie sie mich erschreckt haben, Herr Barent</Unicode>
                </TextEquiv>
            </TextLine>
            <TextLine id="tr_1_tl_21" custom="readingOrder {index:20;}">
                <Coords points="461,3841 900,3901 1115,3838 1347,3881 1456,3838 1582,3892 1648,3852 1789,3884 1986,3852 2476,3915 2608,3898 2608,3783 2006,3778 1746,3726 914,3783 665,3761 582,3712 459,3729"/>
                <Baseline points="477,3813 583,3819 690,3822 797,3822 904,3822 1011,3822 1118,3826 1224,3830 1331,3831 1438,3831 1545,3831 1652,3832 1759,3836 1866,3837 1972,3837 2079,3837 2186,3837 2293,3842 2400,3843 2507,3846 2614,3846"/>
                <TextEquiv>
                    <Unicode>daron: Ist der Studiomue schon weg, der Grillenfängert</Unicode>
                </TextEquiv>
            </TextLine>
            <TextEquiv>
                <Unicode></Unicode>
            </TextEquiv>
        </TextRegion>
    </Page>
</PcGts>
