3080 4296
655 1254 2214 1397 Umflutet jetztauch spielend meine Seele
655 1356 2230 1526 Und mitten durch das ernete Dasein hüpft
650 1491 2192 1653 Ein leichter Sinn mit Lustigkeit dahin;
655 1615 2367 1785 so dass es dem, der meiner Art gewahr wird,
658 1750 2049 1909 Wie einem Wandrer mag zu Mute sein,
652 1874 2327 2038 Der über herbstlich dürre Niesen schreitet
655 2017 2340 2168 Und nach durehmesaner öder Strecke, Blumen
658 2127 1893 2295 Mit einem Male spriessen sicht.
537 2246 2669 2454 Heinrich: Doch ängstigt ihn zumeist der frende Duft.
542 2389 2669 2567 Sebaldue: Weil ihm die Fassung fehlt, das allzu neue
663 2526 2106 2659 In sein veraltetes Syetem zu reih'n.
666 2653 2157 2818 Jedoch genug von Handrer solcher Art,
658 2783 2106 2950 Die früher meine Tage mir vergällten
658 2912 2354 3085 Und denen zu entfliehn mir endlich glüchte.
545 3047 1653 3209 Heinrich: Beneidensworter!
1607 3187 2580 3319 Dem ist'« denn verwehrt.
547 3171 922 3319 Tobalaue:
655 3289 1354 3478 zu resa nto 1ehtt.
693 3438 2855 3613 (iIhn bei der Hand fassend:) Do irrt dein Blick herun
674 3586 2176 3737 Was soll auf dieser Stir Kelancholiel
690 3732 2103 3856 /:Plötzlich:) Wie geht'e Justinent
539 3818 2060 4007 Heinrich: [:Zusammenfahrend:) An -1
