3096 4296
589 1330 937 1491 Reinrich
1284 1300 2280 1483 Weiss ich, was Liebe ist2
722 1449 1927 1603 1: Ihn bei- den Händen Eaggend:
1956 1460 2219 1632 Aaten
687 1592 2402 1741 Selbst, wenn wir zwei allein im Aaten sind,
693 1696 2468 1863 Wenn mir in's Herz der lichte Frühling lacht,
685 1834 2317 2001 Wenn alles bliht in holder Sinnlichkeit,-
677 1966 2280 2118 Ein Spott von unerkannten Wegen, kröstelt
1823 2054 2006 2147 Femd
674 2089 2359 2229 In undern Blicken, Worten, - nein, Sebäldus
687 2200 2420 2383 Fremd sind sich Heinrich und Justine worden.
682 2341 1770 2537 Eni lieben sich nicht mehr.
565 2468 924 2640 Sobaldus:
1730 2502 2540 2619 Das Mädelien, Freund,
677 2609 2301 2771 Ist deinen Wiinschen, deiner Denkungsweise
674 2725 1056 2890 Zu klein.
547 2866 2680 3060 Heinrich: O, das ist's nicht. Denn liebtest du nicht,
655 3020 2282 3169 Ein geist so hohen Sinns, so edler Art-
663 3110 1369 3259 Dasselbe ltädenen.!
555 3235 2139 3437 Sobaldus: /:rasch:/ Und du hast sie nie
671 3415 1064 3540 besessen?
547 3527 2179 3689 Heinrich: Sie ist rein geblieben. Lass!
658 3678 2261 3824 uns dies Gespräch beenden, denn ich merk
650 3779 2364 3922 Wie matt ein Wort ist und wie unzureichend
663 3922 2285 4071 Und wie der Stimmung Dämmrung hin und her-
2678 1091 2826 1226 205
