3064 4184
509 1218 1689 1404 Tiakt. Alice vor dem Spiegel.
509 1328 2761 1529 Paul tritt herein: Ah, meine teure Cousine, wie Sie heute
520 1500 1317 1654 wieder reizend sind!
512 1596 2183 1782 Eine solche Phrase aus Ihrem Mund, Doktort
512 1706 2836 1924 Sie sehen also, dass ich vielleicht noch kein so ausgemäch
555 1866 2691 2029 ter Marr bin, als Sie vielleicht anfänglich selbst ge-
529 2011 1052 2168 glaubt haben.
2491 2119 2874 2267 17121I. 85
520 2238 2857 2418 Albert; hereintretend), erweist sich als ein Mann, der seir
514 2357 2834 2563 Frau recht sehr liebt. Sie schätzt ihn, hat ihn recht gern.
724 2508 2386 2659 Frider sprach Paul mit Alice über Willner.
715 2627 2848 2805 Paul ist mit grossen Vorschlägen in Betreff der Fabrik
555 2816 976 2959 gekommen.
709 2889 2700 3057 Benno wird gemeldet, wichtig. Alice mit ihrem Mann
526 3022 2761 3188 müssen zu einem Diner ggehen. Du wirst so gut sein, Paul,
555 3194 1453 3316 mit Benno zu sprechen.
2418 3261 2851 3412 28/711. 83.
729 3392 2749 3578 Paul: Ich bin wahrscheinlich der küpftige Compachon
532 3569 1424 3720 meines Cousins. Bitte.
660 3676 2770 3851 Benno entwickelt seine Theorie. Der Löhn muss erhöht
622 3804 2744 3973 ferden. Ich säge Ihnen, es jährt in der Fabrik. Es geht
