3048 4152
516 1321 1350 1470 Et zu entschuldigen.
423 1438 2645 1595 r: (:leise:) sparen Sie Ihre Privolitäten auf eine mehr
414 1560 997 1712 gelegene Zeit.
417 1654 2636 1849 Bn: Jah, jeder Mensch miss sterben. Drum sag ich auch in
411 1793 2747 1980 mer, man geniesse; so lang man kann. Dase Fritz Peters kein
423 1925 2683 2126 trauriges Gesicht schneiden und nicht neinen würde, lieee
417 2059 2759 2225 sich schon früher denken. Verdenken wir's ihm nicht; es ist
429 2173 2654 2383 jedem Menschen der Kunsch eingepflanzt, so glücklich als
432 2307 2595 2490 möglich zu werden. Wenn Hindernisge weggeränmt sind --
435 2441 2718 2622 Fr: Aber Mensch, sind Sie wahneinnigt trauen Sie denn kei-
429 2572 2703 2753 nem Menschen Herz zuf Denkt jedermann stets an nichts als
437 2703 2625 2875 an Genuset-sie hätten sich nicht herzubenihen breuchen,
437 2805 2756 3033 wen Ihnen nur daran gelegen war, Ihre sonderbaren Thsorle
449 2995 1062 3152 en zu predigen.
435 3068 2733 3269 Bn: Meine ganze Theorls besteht darin, dass ich fraue ha-
437 3228 2756 3409 be. In übrigen hab ich nichte Andres gesagt, als. dass Frit
470 3362 2700 3534 Petere des Herrn Heller Nehenbühler war und immer gut ge-
443 3537 875 3654 launt ist.
443 3567 2630 3803 Frau ki j:zu Lif Das zucken sie mit einem Hale so zuse
446 3797 639 3940 ment
