3080 4216
2465 918 2629 1033 18.
1247 1085 2785 1348 sich zu ihrer Parte, mit ställen, einals-
1042 1126 1224 1284 setzt
647 1287 1215 1452 chom Zächeln.
520 1397 2127 1570 Alfred: strifft Karl/ krüss dich Gott..
540 1518 2762 1683 Karl: Ah,mein Freiind - - das war jetzt eine Plage.. sie
647 1668 1792 1804 hat gar nicht tanzen können.
540 1778 1853 1931 Alf red: Und meine nicht reden..
534 1914 2808 2098 Karl: Das genirt nichts. . „ aber ich muss noch mit eini-
655 2017 2808 2225 gen bekannten Mädchen einen Tang sabsolviren... adieu
551 2194 2540 2390 Afred: Mit deiner Cousine Minna zum Beispiel -2
554 2352 1515 2499 Karl: Ja, auch mit der..
554 2459 2225 2638 Alfred: Die karnn dich ja nicht ausstehn-
557 2583 2875 2745 Karl: Ich-sie auch nicht .. aber tanzen muss-ich mit ihr..
672 2719 2390 2892 es ist so Sitte, und da. . .Auf Wiedersehen.
569 2846 2866 3054 Alfred: (zu Augo und Fritz stossend) oh, dieses Mädchen ist
681 3031 1299 3158 langweilig...
566 3152 1388 3279 Fritz: Leilkadia.. 2
566 3250 2277 3452 Augo: Ja, er meint das Fräulein Leukadia..
586 3380 2728 3562 Fritz: Ja,um Gotteswillen, weiss es Alfred denn nicht-
580 3576 1045 3738 Hugo: Pst.-
574 3637 2886 3859 Afredi Sie ist unbeschreiblich unschuldig.. und versteht
687 3801 2095 3980 meir vom Heiraten als vom Lieben.
