2968 4392
2452 1129 2614 1288 55.
519 1420 2516 1623 für eueh. Das Licht scheint nicht öurem Aug,- dem
519 1587 2612 1766 sehalle lauscht ihr nicht. Fure Sinne sind verschloe-
527 1705 2329 1870 sen, - ihr lebt nur dadurch, dass ihr da seid.
417 1829 2625 2029 Justine: Aber ihr spielt auch gut auf der Auitare, He-
530 1988 1650 2156 dardee, i0 versichere ouch.
426 2104 2505 2299 Uedardee: O Justine, Justine, wie berlag! ich sucht
533 2249 1346 2386 Wie beklag ich michl
426 2362 2477 2562 Justine: Ich bin nicht gern bedauert. Ich kann die
541 2466 2524 2636 Blicke nicht leiden, die mit Mitleid auf mir ruhn.
415 2581 2603 2771 wedardes: Bei Gett, Justine, ich hab"kein Mitleid mit
549 2738 2601 2897 euch. Hein! Das Gebäude der Menschheit baut sich auf
549 2837 2683 3037 gegenseitigen Gefühlen - ich will nicht Spott mit Lie-
557 2996 2527 3158 be bezalen. Ich will nicht bedauern, wo ich selbet
557 3161 1250 3293 miseachtet werde.
448 3238 709 3334 11. XI.
456 3257 2538 3436 Juetine: Ieh plaudere gern mit euch- iet dae Spotte
552 3359 2540 3545 leh nenn' euch liebenewürdig- Ist dae Hiesachtungs
450 3479 2472 3705 Modardes: 0 Justine, - o. Justine! Nun lächelt ihr.
461 3633 2628 3809 Justine: Es berührt mich so eigen, euch leidenschaft-
568 3817 1109 3946 lich zu söhn.
