<?xml version="1.0" encoding="UTF-8" standalone="yes"?>
<PcGts xmlns="http://schema.primaresearch.org/PAGE/gts/pagecontent/2013-07-15" xmlns:xsi="http://www.w3.org/2001/XMLSchema-instance" xsi:schemaLocation="http://schema.primaresearch.org/PAGE/gts/pagecontent/2013-07-15 http://schema.primaresearch.org/PAGE/gts/pagecontent/2013-07-15/pagecontent.xsd">
    <Metadata>
        <Creator>prov=READ-COOP:name=PyLaia@TranskribusPlatform:version=2.7.0:model_id=50870:lm=none:date=22_01_2024_15:29</Creator>
        <Created>2023-09-27T14:32:34.894+02:00</Created>
        <LastChange>2024-01-22T15:29:20.078+01:00</LastChange>
        <TranskribusMetadata docId="1589026" pageId="60122469" pageNr="165" tsid="145619883" status="IN_PROGRESS" userId="40391" imgUrl="https://files.transkribus.eu/Get?id=UWVEKMMYDCCOIZNSTWISXNKC&amp;fileType=view" xmlUrl="https://files.transkribus.eu/Get?id=IRXBHUZBQEKSXSKTAAPBOQKU" imageId="48547547"/>
    </Metadata>
    <Page imageFilename="1589026_0165.jpg" imageWidth="3048" imageHeight="4152">
        <ReadingOrder>
            <OrderedGroup id="ro_1711796443794" caption="Regions reading order">
                <RegionRefIndexed index="0" regionRef="tr_1"/>
            </OrderedGroup>
        </ReadingOrder>
        <TextRegion orientation="0.0" id="tr_1" custom="readingOrder {index:0;}">
            <Coords points="429,1361 429,3956 2758,3956 2758,1361"/>
            <TextLine id="tr_1_tl_1" custom="readingOrder {index:0;}">
                <Coords points="419,1489 794,1460 1042,1521 1230,1449 1619,1489 1738,1440 2462,1466 2670,1440 2673,1328 2517,1316 2347,1383 2147,1325 1997,1380 1784,1348 1504,1397 1374,1348 958,1391 638,1276 560,1204 421,1284"/>
                <Baseline points="435,1468 547,1455 659,1456 771,1452 883,1450 995,1447 1107,1447 1219,1444 1331,1444 1443,1438 1556,1441 1668,1438 1780,1432 1892,1432 2004,1429 2116,1426 2228,1426 2340,1423 2452,1423 2564,1420 2677,1426"/>
                <TextEquiv>
                    <Unicode>Puer senate sa nosa Haus bringen konntet und de Ida hat</Unicode>
                </TextEquiv>
            </TextLine>
            <TextLine id="tr_1_tl_2" custom="readingOrder {index:1;}">
                <Coords points="427,1634 1616,1570 2124,1602 2240,1559 2474,1602 2687,1556 2736,1590 2736,1484 2650,1452 2055,1449 1807,1504 1345,1495 1212,1533 926,1507 785,1553 713,1510 430,1518"/>
                <Baseline points="444,1587 558,1581 673,1579 788,1581 903,1579 1018,1579 1132,1573 1247,1574 1362,1570 1477,1570 1592,1566 1706,1564 1821,1561 1936,1561 2051,1555 2166,1555 2280,1554 2395,1552 2510,1549 2625,1549 2740,1546"/>
                <TextEquiv>
                    <Unicode>ihn sehr, sehr gem gehabt; seit heut früh weiss ichs eret</Unicode>
                </TextEquiv>
            </TextLine>
            <TextLine id="tr_1_tl_3" custom="readingOrder {index:2;}">
                <Coords points="413,1749 1137,1706 1440,1752 1556,1700 2038,1729 2358,1694 2358,1613 1925,1642 1815,1587 1642,1642 1414,1579 1215,1593 1154,1645 413,1637"/>
                <Baseline points="429,1713 525,1713 622,1710 718,1709 815,1710 912,1705 1008,1702 1105,1701 1201,1701 1298,1698 1395,1697 1491,1693 1588,1692 1684,1692 1781,1689 1878,1689 1974,1689 2071,1687 2167,1684 2264,1680 2361,1683"/>
                <TextEquiv>
                    <Unicode>Fr: Wann ist denn die Unglücksnachricht gekomment</Unicode>
                </TextEquiv>
            </TextLine>
            <TextLine id="tr_1_tl_4" custom="readingOrder {index:3;}">
                <Coords points="447,1882 537,1919 877,1914 1146,1836 1515,1885 1723,1836 1804,1870 1890,1824 2156,1856 2295,1827 2396,1873 2624,1821 2730,1841 2733,1723 2684,1706 1994,1761 1804,1726 1660,1775 1533,1738 1443,1784 978,1740 450,1784"/>
                <Baseline points="462,1844 575,1839 689,1837 803,1836 917,1835 1031,1832 1145,1829 1259,1826 1373,1828 1487,1823 1601,1823 1714,1820 1828,1820 1942,1817 2056,1815 2170,1814 2284,1814 2398,1811 2512,1808 2626,1808 2740,1808"/>
                <TextEquiv>
                    <Unicode>Fra N: Ee sind noch keine zwei Stunden seitden vergangen</Unicode>
                </TextEquiv>
            </TextLine>
            <TextLine id="tr_1_tl_5" custom="readingOrder {index:4;}">
                <Coords points="430,2015 875,1971 1957,1986 1960,1873 1723,1836 1631,1905 1484,1867 1307,1916 1022,1905 981,1865 805,1925 433,1899"/>
                <Baseline points="447,1973 522,1973 598,1970 674,1969 750,1967 826,1965 902,1964 977,1964 1053,1963 1129,1963 1205,1961 1281,1956 1357,1957 1433,1952 1508,1952 1584,1952 1660,1951 1736,1949 1812,1949 1888,1948 1964,1943"/>
                <TextEquiv>
                    <Unicode>0, lieber Fräulein, furchtbare Stundent</Unicode>
                </TextEquiv>
            </TextLine>
            <TextLine id="tr_1_tl_6" custom="readingOrder {index:5;}">
                <Coords points="421,2162 638,2116 748,2182 903,2170 1152,2101 1247,2147 1383,2104 1538,2168 1686,2113 1766,2153 2168,2087 2341,2133 2586,2075 2713,2107 2716,1966 1533,2032 1359,1983 1227,2038 976,1989 808,2043 424,2012"/>
                <Baseline points="438,2101 552,2096 666,2095 780,2095 894,2092 1009,2092 1123,2089 1237,2089 1351,2088 1465,2083 1580,2083 1694,2083 1808,2075 1922,2074 2036,2077 2151,2071 2265,2069 2379,2068 2493,2065 2607,2066 2722,2071"/>
                <TextEquiv>
                    <Unicode>Fr: Ich trau mich kaun, Ida zu sprochen. Was soll ich ihr</Unicode>
                </TextEquiv>
            </TextLine>
            <TextLine id="tr_1_tl_7" custom="readingOrder {index:6;}">
                <Coords points="427,2286 548,2257 606,2274 652,2246 727,2266 759,2243 880,2246 909,2237 912,2150 774,2165 756,2182 713,2153 623,2194 589,2168 571,2182 502,2156 427,2168"/>
                <Baseline points="444,2232 470,2226 496,2228 522,2228 548,2227 575,2227 601,2229 627,2227 653,2226 680,2228 706,2229 732,2229 758,2228 784,2226 811,2224 837,2222 863,2221 889,2222 916,2226"/>
                <TextEquiv>
                    <Unicode>denn, gegend</Unicode>
                </TextEquiv>
            </TextLine>
            <TextLine id="tr_1_tl_8" custom="readingOrder {index:7;}">
                <Coords points="421,2384 548,2410 615,2372 774,2401 1504,2364 1504,2269 424,2286"/>
                <Baseline points="441,2361 494,2357 547,2355 601,2355 654,2355 708,2355 761,2354 815,2353 868,2353 922,2349 975,2346 1028,2347 1082,2348 1135,2348 1189,2346 1242,2346 1296,2346 1349,2345 1403,2341 1456,2340 1510,2343"/>
                <TextEquiv>
                    <Unicode>Frau N: Da kommt sie schonl</Unicode>
                </TextEquiv>
            </TextLine>
            <TextLine id="tr_1_tl_9" custom="readingOrder {index:8;}">
                <Coords points="433,2523 571,2551 661,2502 1388,2525 1495,2491 1697,2537 2090,2471 2753,2479 2756,2361 2632,2387 2494,2349 2318,2393 2179,2326 1916,2404 1619,2424 1469,2390 1316,2419 1256,2378 1206,2424 938,2439 433,2410"/>
                <Baseline points="450,2489 565,2486 680,2486 796,2484 911,2488 1027,2482 1142,2480 1257,2477 1373,2477 1488,2474 1604,2471 1719,2466 1834,2465 1950,2465 2065,2462 2181,2462 2296,2459 2411,2455 2527,2453 2642,2452 2758,2453"/>
                <TextEquiv>
                    <Unicode>6. Auftritt. - Ide, Friederike. Frau N.geht, das Taschentuch</Unicode>
                </TextEquiv>
            </TextLine>
            <TextLine id="tr_1_tl_10" custom="readingOrder {index:9;}">
                <Coords points="436,2641 704,2684 1045,2618 1544,2661 1787,2601 2058,2632 2375,2592 2433,2632 2664,2592 2644,2499 2557,2540 2179,2502 2081,2540 2023,2502 1850,2540 1732,2511 1680,2551 1498,2505 1290,2549 439,2546"/>
                <Baseline points="456,2617 566,2614 677,2614 788,2614 899,2616 1009,2611 1120,2608 1231,2608 1342,2604 1452,2599 1563,2601 1674,2596 1785,2597 1895,2596 2006,2593 2117,2591 2228,2587 2338,2587 2449,2584 2560,2584 2671,2581"/>
                <TextEquiv>
                    <Unicode>vor den Augen, hinaus, nachdem sie sich schmerzlich nach</Unicode>
                </TextEquiv>
            </TextLine>
            <TextLine id="tr_1_tl_11" custom="readingOrder {index:10;}">
                <Coords points="430,2805 603,2756 739,2814 906,2753 1010,2791 1504,2748 1559,2779 1585,2684 433,2664"/>
                <Baseline points="450,2746 507,2745 564,2743 621,2743 678,2743 735,2740 792,2740 849,2740 906,2740 963,2740 1020,2737 1077,2737 1134,2737 1191,2737 1248,2737 1305,2735 1362,2731 1419,2731 1476,2731 1533,2731 1590,2731"/>
                <TextEquiv>
                    <Unicode>den beiden Mädchen umgesehen.</Unicode>
                </TextEquiv>
            </TextLine>
            <TextLine id="tr_1_tl_12" custom="readingOrder {index:11;}">
                <Coords points="436,2915 1108,2875 1218,2909 1371,2869 1619,2912 1775,2866 2430,2846 2592,2895 2696,2875 2696,2765 2577,2733 2156,2756 2095,2797 1662,2768 1619,2805 1172,2777 1007,2823 439,2803"/>
                <Baseline points="453,2877 565,2878 678,2878 790,2874 903,2871 1015,2868 1128,2865 1240,2865 1353,2864 1465,2865 1578,2862 1691,2857 1803,2856 1916,2856 2028,2853 2141,2847 2253,2847 2366,2844 2478,2841 2591,2841 2704,2847"/>
                <TextEquiv>
                    <Unicode>Fr: sigeht rasch Ida entgegen; sie fassen sich bei beiden</Unicode>
                </TextEquiv>
            </TextLine>
            <TextLine id="tr_1_tl_13" custom="readingOrder {index:12;}">
                <Coords points="421,3042 1752,2993 1908,3036 2222,2984 2615,3010 2687,2999 2690,2878 2416,2930 2072,2901 2020,2941 1951,2906 1680,2935 1587,2901 1227,2932 1149,2898 984,2953 872,2915 421,2950"/>
                <Baseline points="438,3005 550,3002 663,3002 776,3002 889,2999 1002,2996 1115,2996 1227,2995 1340,2993 1453,2990 1566,2990 1679,2986 1792,2984 1905,2985 2017,2984 2130,2981 2243,2978 2356,2977 2469,2975 2582,2975 2695,2978"/>
                <TextEquiv>
                    <Unicode>Händen - wie sich ihre Blicke treffen, beginnt Ida heftig</Unicode>
                </TextEquiv>
            </TextLine>
            <TextLine id="tr_1_tl_14" custom="readingOrder {index:13;}">
                <Coords points="430,3160 537,3192 672,3143 750,3189 1411,3126 1654,3172 1890,3120 2052,3181 2393,3123 2520,3155 2595,3108 2725,3117 2728,2990 2101,3048 2043,3019 1960,3062 1365,3010 1010,3083 843,3031 658,3085 430,3068"/>
                <Baseline points="447,3134 561,3134 675,3131 789,3129 903,3131 1018,3128 1132,3125 1246,3125 1360,3120 1474,3119 1589,3119 1703,3116 1817,3115 1931,3113 2045,3110 2160,3110 2274,3110 2388,3106 2502,3104 2616,3101 2731,3110"/>
                <TextEquiv>
                    <Unicode>zu weinen und sinkt an den Lusen, der Freundin. Fr. streicht</Unicode>
                </TextEquiv>
            </TextLine>
            <TextLine id="tr_1_tl_15" custom="readingOrder {index:14;}">
                <Coords points="427,3339 938,3267 1512,3299 1769,3253 2196,3305 2286,3253 2563,3253 2563,3149 2413,3132 1994,3192 1890,3146 1738,3198 1616,3158 1305,3210 1215,3169 935,3221 430,3160"/>
                <Baseline points="447,3265 553,3265 659,3260 765,3262 871,3259 977,3256 1083,3256 1189,3253 1295,3256 1401,3253 1507,3250 1613,3250 1719,3247 1825,3247 1931,3244 2037,3240 2143,3238 2249,3238 2355,3240 2461,3238 2567,3235"/>
                <TextEquiv>
                    <Unicode>ihr selmeicheind über die Locken. Mit bebender inniger</Unicode>
                </TextEquiv>
            </TextLine>
            <TextLine id="tr_1_tl_16" custom="readingOrder {index:15;}">
                <Coords points="436,3412 606,3464 823,3400 1149,3443 1668,3412 1798,3394 1801,3308 1527,3287 1085,3339 938,3296 802,3342 436,3345"/>
                <Baseline points="453,3399 520,3396 588,3394 655,3392 723,3392 791,3395 858,3393 926,3390 993,3387 1061,3386 1129,3384 1196,3383 1264,3381 1331,3381 1399,3381 1466,3380 1534,3381 1602,3380 1669,3381 1737,3377 1805,3372"/>
                <TextEquiv>
                    <Unicode>Stimme:/ Hör auf zu weinen, ida.</Unicode>
                </TextEquiv>
            </TextLine>
            <TextLine id="tr_1_tl_17" custom="readingOrder {index:16;}">
                <Coords points="430,3579 950,3521 1830,3513 1885,3547 2084,3498 2205,3539 2309,3498 2615,3504 2615,3435 2525,3391 2419,3440 1351,3409 1077,3461 941,3409 886,3461 430,3466"/>
                <Baseline points="447,3528 555,3526 664,3527 773,3523 882,3516 991,3516 1099,3513 1208,3513 1317,3510 1426,3510 1535,3513 1643,3513 1752,3505 1861,3504 1970,3501 2079,3501 2187,3500 2296,3501 2405,3495 2514,3493 2623,3492"/>
                <TextEquiv>
                    <Unicode>Ida: (:schluchzt noch heftiger; plötzlich wirft sie den</Unicode>
                </TextEquiv>
            </TextLine>
            <TextLine id="tr_1_tl_18" custom="readingOrder {index:17;}">
                <Coords points="430,3666 779,3720 1097,3651 1403,3694 1535,3645 1645,3706 1989,3637 2283,3631 2387,3674 2730,3642 2730,3521 2629,3539 2560,3498 2323,3553 2058,3559 1992,3521 1322,3590 1206,3553 976,3602 433,3585"/>
                <Baseline points="450,3650 564,3654 678,3650 793,3650 907,3653 1021,3647 1136,3644 1250,3644 1364,3642 1479,3641 1593,3638 1707,3635 1822,3633 1936,3629 2050,3629 2165,3626 2279,3628 2393,3627 2508,3623 2622,3621 2737,3626"/>
                <TextEquiv>
                    <Unicode>kopf zurück, streicht mit dem Taschentuch über ihr gesicht</Unicode>
                </TextEquiv>
            </TextLine>
            <TextLine id="tr_1_tl_19" custom="readingOrder {index:18;}">
                <Coords points="439,3839 525,3856 704,3795 964,3853 1082,3781 1570,3778 1691,3824 2015,3813 2081,3769 2658,3781 2730,3769 2733,3671 2448,3651 1761,3709 1108,3680 1010,3732 736,3741 442,3686"/>
                <Baseline points="456,3781 570,3779 684,3781 798,3779 912,3781 1026,3776 1140,3777 1254,3775 1368,3775 1482,3772 1596,3770 1710,3766 1824,3765 1938,3766 2052,3763 2166,3762 2280,3757 2394,3755 2508,3755 2622,3755 2737,3755"/>
                <TextEquiv>
                    <Unicode>drückt die Hände vor die gerötsten Augen, nimmt Pr.bei der</Unicode>
                </TextEquiv>
            </TextLine>
            <TextLine id="tr_1_tl_20" custom="readingOrder {index:19;}">
                <Coords points="427,3931 727,3997 1007,3931 1256,3963 1712,3911 1810,3957 2139,3902 2652,3899 2655,3819 2159,3847 2069,3810 1703,3859 1637,3824 1290,3856 1235,3810 1178,3850 1030,3821 823,3870 427,3836"/>
                <Baseline points="444,3913 554,3922 665,3923 776,3925 887,3925 997,3925 1108,3921 1219,3919 1330,3913 1440,3913 1551,3907 1662,3907 1773,3907 1883,3904 1994,3906 2105,3904 2216,3895 2326,3892 2437,3889 2548,3886 2659,3886"/>
                <TextEquiv>
                    <Unicode>Hand, führt sie zu einem Seosel und sagt:) Setz dich zu</Unicode>
                </TextEquiv>
            </TextLine>
            <TextEquiv>
                <Unicode></Unicode>
            </TextEquiv>
        </TextRegion>
    </Page>
</PcGts>
