3144 4408
614 1393 2263 1585 So deut ich mir, es müsste jedem Wenschen,
619 1563 2167 1718 Wenn die Tedanken flüggge werden in ihm,
625 1720 2281 1858 Zu Nut sein, wäe dem Walin, der was verlor,
1518 1779 1832 1880 und her
627 1821 2013 1997 Und nun, unruhvoll, hinausgetrieben,
619 1975 2180 2114 Sich aufmacit, jenes allgutriin verlorre.
633 2087 2217 2273 Zu suchen - uhermedlich, sennsuertsvoll.
513 2207 2536 2404 Albrecht: Weini die bedanken flügsé werden in uns,
638 2356 2223 2494 J2 Jiinlinz, da verlieren wir sehr:viel,
635 2483 2366 2616 Docr diess ist's nicht, worüber Weige klagen,
710 2619 2414 2744 ass wir durehs Denken merken was uns fehlt,
662 2707 2433 2890 lein! dieses ist der Fehler; dass wir denken:
2114 2800 2401 2898 wlihen
665 2861 2358 3010 So ist des Geistes. Fortschritt Weltenmihvat
665 2983 2385 3140 Und Weltenfortschritt unsres Geistes Unheil.
657 3121 2284 3254 Hier ist es, wo wir vor dem Rätsel stehn,
659 3241 2069 3401 Das unser zweifelnd Haupt umfliesst
673 3371 2308 3555 in ewgem, weitem Dämmerlicht. - Sepaldus
662 3523 2289 3704 komm inmein Zimmer, nimm die Tatel mit-
667 3650 2534 3813 Es lässt mich nicht - wir müssen drüber denken!
556 3799 2693 3959 Sebaldus: Das bischen Hirn und ewig unklar! Wir ver-
2518 3900 2871 4060 nichten's
