3016 4216
2430 966 2587 1128 10.
472 953 1091 1188 rest. Frühling.
1897 1240 2328 1383 so trot ich
522 1386 2216 1509 Hinaus in die entschlafene Stadt, und müde
530 1506 2195 1631 Umflattert mich der stille Wind der Nacht.
535 1647 2093 1751 Gleichgiltig blinkt der Himmel- über mir
522 1754 2281 1895 Mit blassen, hin und hergeriss'nen Wölkchen,
525 1866 2239 2036 Und über Stirne streich“ ich mir und Augen,
522 2010 2038 2158 Und ätme langsam auf mit tiefen Zügen,
532 2122 2399 2286 Indess mein Blick noch trüb von Rauch und Winde
535 2281 2046 2419 Sich hingiesst in die weite Dämmerung.
522 2396 2190 2534 Noch tönt das Lärmen lstger Zechgesellen
530 2540 1892 2660 Und übermütger Dirnen zu mir her,
530 2644 2623 2801 Doch immer schwächer, immer mehr und mehr verhallend,
532 2780 2125 2913 Und also wandl ich einsam meines Neges.
532 2934 2456 3067 Und jetzt göht's keinwärts, sich zu Bett zu legen
543 3033 2354 3192 Virdrossnen Sinnes, kaum gestimmt zu schlafen,
538 3163 2265 3283 Noch wenger fast, als wachend zu geniessen.
530 3317 2151 3419 Obwol mich dünkt, dass wirklicher Genuss
535 3406 2190 3563 In halbem fraume nur sich schlürfen lässt
522 3576 2579 3691 so wie uns manch Getränk erst dann recht lieb wird,
535 3691 2438 3821 Wenn schon sein Geist durch unsere Pulse fliegt.
538 3803 2213 3952 Und wir uns seines Aussehns kaum besinnen.
