3032 4136
1539 1241 2676 1400 nun sehe ich, dass ich wirk
509 1290 1478 1417 Orto - der zweite ihn. Ab
1568 1365 2268 1542 sidste ihn damale-
440 1391 1495 1568 lich ein Egeist bin. Ich be
440 1487 2759 1695 Ida: (:sänft, schwach, aber in innerer Erregung:) Was soll
434 1669 1478 1822 dast - was soll das jetztl
440 1730 2728 1961 k. Aoh, in einem selchen loment wacht alles von neuen auf.
457 1906 2693 2080 Wenn sf vieles einem praune hingeopfert wird - Ach könnte
460 2010 2652 2221 jetzt weinen - und auch über Andrée als über seinen Tod.
445 2195 1617 2369 das: Nas ist geopfert wordend
454 2282 2678 2476 P: Nichte - nichts - ich meinte nur - Als wir uns damals
466 2427 2597 2606 sanen, se ken mir nachher der Gedanke - und - aber ich
471 2571 1229 2733 sagte so ja schen-
469 2699 1082 2869 Ida: Wasl warnt
471 2785 2650 2988 P: Vor Monaten sagt ich ihnen, Ida - unter Tränen - mit
466 2939 2713 3127 bebender Stimme - - aber Sie waren hart und schnitten mir
469 3031 2650 3263 das Nort in tunde ab. Damals war mir mehr gestorben als
463 3251 784 3376 neute-
469 3321 1811 3517 Ida: Und jetzt reden sie davon -1
480 3436 2684 3639 P: Das Herzgrüillt über, wenn es übervoll ist. Ach Ida-
486 3595 1600 3757 sie können ja nicht riesen-
483 3694 2806 3899 Ida: Hmsck - um Kinnelowillen - ich Rahe sie an, veni die
