3080 4216
2400 875 2535 1075 27.
961 1061 2693 1259 gst du Fritz, wie sie die modre Unschuld zu
906 1170 2776 1417 versteht.Sie ist so amusent, dass sie sich eogar
674 1259 829 1482 1r
685 1394 1735 1557 ngweilig stellen kannn..
473 1485 2351 1720 Afred: Was redet ihr denn so geheinnissvoll.
482 1591 2469 1841 Hugo: Du wirst dich heute noch bass verwundern „.
608 1775 1600 1961 Aber wollen wir gehn..?
614 1850 2231 2073 Und die Hochzeit wünscht das Mädchen ..
619 2033 1881 2194 Aber sagt! wo find ich Liebe..
634 2185 1712 2320 Wahre süsse, reine Liebe..
625 2254 2819 2483 Das hättest eigentlich du dichten sollen,Fritz, der sich
628 2394 2512 2618 noch nach derl ei abgeschmackten Dingen sehnt..
525 2518 2618 2767 afred: Beim Himmel. . diese Dinge sind abgeschmackt.
657 2721 1700 2876 Gehn wir. . gehn wir Hugo.
530 2790 2839 3042 Hugo: Er sit. schon wieder verstimmt. . du hast ein eigen-
668 2988 1772 3143 timliches Naturell, Alfred..
545 3062 2288 3263 Al fred: Hochzeit winscht das gute Mädchen.
668 3189 2727 3424 wahrhaftig man liest ihnen den Munsch aus den Aigen.
682 3407 1712 3547 Gehn wir, ich bitte dich..
559 3507 2323 3713 Augo: Drthin, wo man keine Hochzeit wünscht.
2096 3579 2386 3693 grenge
685 3636 2561 3802 Zu den bescheidenen, die sich mit f begnügen.
694 3722 2853 3966 Hab ich nicht recht, wenn mir die lebenslustigen,gelen-
688 3997 840 4089 ten
