3032 4424
2566 1128 2710 1211 43.
621 1358 1577 1543 enheit nicht verlassen.
654 1510 2723 1620 :Es entfernen sich alle äusser Justine und Sebaldus:)
502 1646 2509 1806 Sebaldus: Justine, dass ihr stank und mutig seid,
608 1752 2396 1930 Ich weiss es aus verflosener Zeit. Ihr werdet
626 1912 2576 2064 Nicht trostlos sein. Er sprach von euch, Justine.
626 2022 2507 2180 Freund gegen Freund und Wahrheit gegen Wahrheit.
616 2151 2342 2319 Er sprach von euch, -und soll ich offen sein,
626 2280 2473 2455 Sprach im Bewusstsein, nicht geliebt zu werden.
626 2409 2234 2579 Nicht währ, um oéken Worte einzutäuschen,
616 2545 2228 2700 Ihr weinet für den Heinrich frührer Tage,
616 2674 2422 2831 Wir dünkt es auch, ihr liebtet ihn nicht mehr.
510 2816 2161 2965 Justine Wer sagt das! O Gott, wein dott!
505 2891 2525 3094 Sebaldus: Ihr seidGjung, so lebenskrisch, Jüstine,
618 3048 2355 3218 Und so geschaften für das Glück, die Freude.
618 3197 2453 3359 Er war es nickt. Sein Sinn war ernst und still,
608 3300 2231 3475 auf Fragen, dunkk, tiefen Art gerichtet.
621 3444 2293 3614 sein deist ist einen seltnen Weg gewandelt,
621 3578 2012 3743 Und euer edles, liebenswertes Wegen
623 3697 2265 3872 vermass sich niemals, dahin ihm zu folgen.
616 3836 2213 4006 Mit ihm starb einer, dem die Gabe fehlte,
608 3965 2228 4137 Jemals Zufriedenheit and Glück zu finden.
