3048 4408
2537 1131 2714 1266 38.
608 1392 2768 1595 Menschen und Dinge, wie wir sie täglich sehn, aus dem
622 1519 2722 1721 kreise seines Denkens, seines Anschauens bannt, jenes
627 1654 2812 1842 verdammte Lächeln,- 0 Frau Kunz, Elisabeth, er war Hein
622 1792 2751 1983 richs bester Freund, und als Sebaldus noch in Göttingen
619 1932 2475 2095 we ilte, steckten sie den ganzen Tag beisammen.
627 2042 2793 2236 Und jetzt- eine Nacht ist's - dass er ihn verlor und er-
619 2194 2734 2360 lächelt! Sahn seine Augen aus, als wär' auch nur eine
622 2326 2818 2512 Träne draus geflossen-! Er flüsterte einenleichten Grueg
622 2436 2852 2630 als wir uns-trafen, und ging so rühig weiter, so teil.-
593 2588 1046 2768 nahmelde-
495 2700 2686 2872 Elisabetn: (:leise:/: siehst du nicht, wie du Jüstine
633 2852 1432 3023 immer mehr aufregst.
667 2959 2441 3130 :Es klopft, Medardes tritt ohne weiters ein.:
515 3128 2773 3293 Medardes: (:sehr lustig:). Guten Tag, meine Damen, Gott.
633 3257 2737 3389 und dgx Freude zum Gruss. Alles wolauf Frau Kunz? Wie-
633 3310 2821 3521 gehts dem werten Fräuleint Uind- ja, aber wie werd' ich
633 3493 2807 3659 empfangen? Was für Mienen seh' ich? Und das besorgliche
636 3628 2773 3786 Schweigen?! Um Gotteswillen, was ist Justine widerfäh-
636 3758 2216 3940 ren, dass sie so traurig, still dasitzt.
