3048 4328
448 1254 2343 1499 Faaner, weil ich, weil ich - immer verliebt war.
474 1473 2640 1626 W: Du gehörst zu den Glücklichen, die sich selten ent-
488 1609 1095 1745 täuscht fühlen.
468 1733 2750 1886 F: Aber sag, ist's wahr, hast du noch immer keine gefun-
468 1869 685 1993 den-
468 1973 2785 2146 W: Es bleibt dabei - ich kann nicht lieben - ich hab's nun
462 2123 2782 2282 zur feniige erfahren. Nun steh ich auch wahrhaftig schon an
468 2230 930 2406 der grenze.
471 2386 2750 2533 F: Ich kenne manchen, der aus Kälte, aus Nichternheit nie
462 2513 1355 2655 geliebt hat - aber, du.
459 2620 2770 2791 W: Ich habe aus Leidenschaft nie geliebt, und nun bin ich
459 2759 2753 2935 zu alt, um's noch zu lernen. Du weisst ja selbst am basten
465 2892 2715 3051 lieber Albert, dase ich oft so'n Flammen fühle - und nach
459 3036 2637 3192 acht Tagen war nur mehr Rauch da - der hinflog und ver-
462 3157 1950 3282 schwebte mit dem Rauch meiner Zigarre.
456 3270 2765 3441 P:. Erinnerst du dich, wie du manchmal ins Kaffechaus kankt
448 3412 2707 3614 dich zu mir setztest, in deine geliebte Reke lehntest und
454 3565 2707 3712 sagtest: Auch das ist vorbei. Dann stecktest du dir deine
442 3674 2727 3845 Zigarre an und sagtest: Das ist meine Resignationszigarre.
589 3816 2762 3969 Wie viele Resignationezigarren hab ich in diesem Leben
523 3952 2701 4105 cht geraucht, mein Freund.- Aber von all dem wollen wir
