2792 3416
1904 377 2281 564 7/5.2880.
202 415 685 613 orat Unheln.
204 553 1745 732 Nacht. Vor dem Hause des drafen Unhein:
202 674 2514 864 Rückseite; eine Tartentüre; hinter den Bämnen sieht man des
204 824 1172 994 Hais. As ist erleuchtet.
213 942 2102 1115 Barin Diinn und Baren Dibel kommen aus dem Hause.
213 1063 2460 1238 Dibel: Warum, mein lieber Freund, wollten Sie eigentlich
225 1198 2474 1374 du rehaus rückwärts das Haus verlassen? Wir müssen nun, um
222 1333 2411 1529 in die Stadt zu kommen, notwendigerweise einen Umweg ma-
225 1486 441 1630 enen.
225 1590 959 1763 Dünn: rut nichto.
230 1725 1463 1875 Dibel: Was veranlasste Sie -2
242 1849 2140 2007 Dünn: Sie sehen ja - (:Sich auf die Rank setzer
236 1984 1647 2137 Dibel: Ach, Sie sind wol sehr müde!
245 2114 1475 2269 Dünn: Ich habe rasend getanzt.
242 2232 2356 2385 Dibel: Ich will mich zu Ihnen setzen, lieber Baron; o
253 2362 1639 2532 ich nicht eben sonderlich fleissig-
251 2480 2523 2673 Dünn: Hehe, freilich; da das Fräulein Alexandrine von Bel-
245 2618 1639 2808 dow schon vor Mitternaght fortging:
256 2776 1607 2929 Dibel: Nun, und wenn es das wärel
259 2874 2471 3059 Dnnn: Das ist es, sehr lieber Baren. Vierzig Jahre alt
256 3007 2491 3171 und ein treuer Liebhaber - acht Wär' ich nicht müde, ich
