3032 4136
528 1283 867 1432 fist hin
390 1358 1929 1564 Ade: Er war ein unendlich guter Menacht
390 1527 2471 1699 P: Betrübend gut - (:A Ida, sieht, ihn entsetzt an; er1
396 1630 2594 1837 es nicht:/ Er war ein Mensch, der für alle Schmerzen zu-
396 1762 2643 1949 gänglich war und für wenig Freuden. Vergebgen Sie ihn; ee
396 1874 2658 2075 wird Ihnen nicht so schwer sein, als Sie denken unter den
410 2018 2643 2201 täuschenden Licht einer friechen Erinnerung. gestehen sie
402 2135 2706 2325 die Wahrheit, Ida - und Sie werden mir sagen, dase Sie ein
419 2302 2686 2474 trübe zeit in diesen letzten Tagen durchlebt haben. Ee war
410 2388 2577 2617 keins wahre Liebe - Ihr taugtet nicht für einanderl Ihr
402 2551 2534 2732 habt mehr über einander gespottet, ale Liebende zu tun
419 2675 2580 2850 pflegen. - Denken Sie an die Stunde zurück, Ide, in der
419 2795 2546 2970 Sie uns zwei zum ersten Male sahen. Ich war immer sein
416 2936 2580 3117 Freund, und es tut mir weh, dass ich ihn verloren habe.
419 3065 2580 3237 aber ich wäre ein Rgeist, wenn ich mich diesem schmerze
416 3200 2663 3395 hingäbe. Ie ist gut se. Er wäre nie glücklich gswesen und
416 3312 2632 3504 hätte sie unglücklich gemacht. Vergessen Sie lhu, se var
428 3458 2718 3639 ein rraun, und nicht von der gehönsten Art.- Ja, Ida - ich
430 3567 2709 3765 denks zurück an die Stunde, in der wir uns zum sreten Hale
419 3697 2660 3900 eehen. Ich weise iogar noch, dass der erste Uid nir ge-
