3064 4328
2591 1244 2735 1367 18
1455 1367 2738 1528 en, als ich deigenstriche mache.
459 1297 1314 1590 sund ich erinks mehr 2
841 1539 1275 1652 e fleissige
473 1562 805 1685 Ich soll
473 1618 1902 1778 Anna: Ja, Herr Berger, das ist wahr.
481 1736 2704 1905 Anselm: Was weisst denn du, Heine, von Fleiss und von Ta-
487 1868 2724 2057 lentt Was weisst du von Hinst und Brott Du musst von Wein
478 2020 2707 2164 und Küssen wissen - und darin vermag ja das herzige Aenn-
481 2130 2704 2324 chen Bescheid zu geben. Ich sollte fleissiger sein - das
487 2262 2743 2451 neisst, ich hätte fleissiger sein sollen. Aber jetzt, ein
490 2454 976 2606 alter Herr-
498 2544 1891 2690 V. Auftritt. - Vorige, Student Rüder."
501 2634 2729 2836 Student Rüder: (:lässt sich bei der Türe blicken:) Aenn-
490 2859 720 3005 chen!
506 2935 1579 3070 Anna: Was wiischt der Herrt
504 3033 2662 3210 Riider: Komm doch zu uns und bring dem, der Musik macht,
504 3213 1080 3331 ein Glas Wein!
512 3298 2749 3469 Anselm: (:steht auf und geht im Zimmer langsam spazieren:
515 3422 2752 3613 Rüder: Aennchen, Aennchen, ist Marie noch nicht gekommen?
512 3562 2777 3723 Anna: Nein - die erst neulich zum ersten Mal hier erschie-
467 3678 2074 3866 »nen istz - die ist noch nicht da. /:ab:
509 3897 1016 4052 Biider: (:ab:
