3048 4248
409 1201 2739 1465 M. vnd dio rago, dio nach jenen Abend kanen-- o de Enef-
429 1390 2652 1578 ger, der Weid nicht kennt, und nur das Mitleldi Wiret du
432 1523 2759 1726 mir dieses versagen, weil du Grose genug warst, jenen nicht
435 1683 986 1828 zu empfindent.
438 1767 1761 1935 t: Mitleid - du bedarfst Autieidt
435 1871 2762 2106 N o Fritz, mein lieber Fritz -1 Lieb ich sie noch -liebt
444 2063 1024 2202 sie mich nocht
444 2182 821 2344 P: Joo0t
438 2277 2742 2481 H. An dem 2weiten zweifle ich bein mehr als an dem ereten.
438 2417 2188 2602 Mir ist so trüb sunuto - in Momenten elend.
444 2553 2739 2736 t: sache Vorwürfe hat das Geschick un dich nicht verdient.
441 2663 2747 2849 H: konn' ich mich doch in mir selber nicht aus. Miest" ich
447 2820 2704 3009 hat mit den Wallungen meines Gemüte und deisten, mir wäre
455 2936 2713 3119 beooer. Hätt' ich den lit nur, mir kurzweg eine Kugel vor
450 3093 1378 3246 den Kopf zu schiessen-
458 3200 1654 3386 P: Josefl - Und viel Und ich-
432 3316 2057 3516 N: /:fällt sh un den Kals:) Da, sa dal
453 3484 931 3641 p: Und Idal
455 3586 1970 3780 K: (rosieniert, melanchollech:) Aehl
458 3734 1924 3911 p: I tust sa, als wäre alles vorbeil
569 3830 2681 4036 das jetzt in mir ist, nuss alles vorbetgehn; denn ich
