5067 4520
2444 963 2960 1090 Wien 28.11.92 1.
1639 1033 2195 1265 Revlui
1739 1434 3013 1649 Lieber und oder reichter Doctor Schnitzler,
2143 1614 3263 1775 Empfangen Sie, bitte, der Friedrich meines
1678 1725 3236 1900 innigsten Dankes für Ihre jütige Teilnahme an dem
1672 1849 3186 2020 schweren Leide, das mir auferlegt worden ist. Ich
1715 1987 3141 2110 bezeine meinen eingegen Brüder, der mein
1719 2111 3232 2282 fester und freuerter Freund, meine feste Hütze im
1733 2222 3180 2401 Leben, der gütigste Mensch geseten ist und in
1768 2333 3263 2521 merschöpflicher, Liebe an mir seit unseren Kinder.
1766 2481 3217 2655 Dagen hienj sie ich an ihm. So ist sein jäh nach
1768 2624 3267 2776 kurzen Leiden erfolgter Hiageng für mich gleich
1791 2747 3310 2906 dem plötzlichen Absterben eines ganzen übergangen
1810 2873 3267 3032 Reiter meines eigenen Lebens: ich bedarf der Krüsger
1822 2997 3221 3149 botes aller mein innerlichen Kräfte, und
