5061 4600
1712 520 2086 657 Votre très â¢
2796 957 3221 1057 22.5.1900
2559 1038 2989 1147 IX., Maximilianplatz 12.
1642 1040 1999 1168 Dr. JOSJF REDLICH
2162 1078 2613 1329 Reige
1949 1315 2564 1510 Verehrter Freund!
1995 1477 3212 1610 Lassen Sie mich Ihnen Lüssicholen
1783 1577 3193 1740 Danksehen für die hütige Abwendung Kies¬
1823 1704 3159 1846 jüngsten Bücher und den Pennen, den
2004 1821 2218 1886 damit
1825 1818 3110 1958 Sie mir bereitet haben. Es ist ein
1841 1932 3251 2088 erlesenes und seines Gewähr eindringlicher
1865 2053 3091 2206 Seknalpapholopie und ein e der so
1895 2160 3242 2331 selbener Einheimungen tiefer und zugleich
1907 2315 3240 2468 Inmoriotischer Besbachtung des sexnellen
1911 2432 3159 2580 Prohlems. Wie viel, Feinteiten und
1937 2559 3240 2710 die viel Humor ich darin gesenden, kann
1928 2692 3240 2857 ich Stimmen auf diesem Bleke nicht sagen:
1937 2842 3179 2947 laren Sie mit aber Ihnen zwischen,
1948 2947 3226 3131 I am ich die Scéne in die Junzquellen¬
1974 3105 3240 3272 Wohnung in der Schmidgasse für eine
2034 3214 3239 3365 Perle Lalle, an der Schopenhauer,
2044 3330 3224 3495 Der ließte Kenner des Lesenal.
2067 3460 3158 3590 hromors come Lelle prende
