5096 4552
2397 1245 3885 1399 gehabt könte. Und dann diese ganze speiale
2456 1369 3898 1515 Stafenleiter der Liebe! Beniete eine
2480 1495 3861 1628 „exuete - wissenschaftliche Behandlung des
2493 1599 3914 1747 Problems. Und dabei dort so leicht und
2510 1704 3898 1854 Rei in die form. so wahr im Dipliez
2534 1836 3549 1954 und der Karakteristik.
2519 1951 3909 2095 Doch, ich songe an, zu recension und
2623 2040 3822 2221 halte berhändt inne. Ich wollte
2606 2154 3957 2332 Ihnen ja nur sagen, die sehr Sie mich
2606 2267 3953 2436 mit Ihrer fremd einstlichen Widerung
2621 2418 3953 2560 eſtent haben. Und mündlich dass ich
2616 2568 3862 2688 Fre doch lassentlich recht bald m’
2647 2677 3394 2803 fericht bin ein loben!
2690 2766 3964 2905 Mit den täglichsten Grüßen und
2723 2866 3818 3007 Biedevoller Danke bis ich
3166 3049 3848 3197 Ihr Herz gebeurter
3514 3207 3920 3416 Jkeolich
