5067 4520
1530 1350 3057 1512 mich aufrechtzuhalten und meinen eigenen Lebenweg
1553 1484 2139 1624 allein unterzügchen.
1810 1569 3124 1729 Ich hoffe, dass ich in der kommenden Worte
1595 1693 3075 1825 wir die freude bereiten kann, die ich längst
1595 1792 3111 1926 für mich plante, nämlich Sie, lieber Orcten
1589 1916 3174 2062 Schnitzler, zu benichen. Bis schon nehmen Sie, bitte,
1601 2066 3063 2192 nochmal meinen innigsten Dank und die
1612 2178 3122 2336 Versicherung meiner äumsten Verehrung ertgegen,
1589 2366 2060 2486 in durch bin.
2084 2417 2886 2604 Re ganz abbenste
2604 2578 3107 2779 Josef Restich
