5096 4552
2474 1461 2939 1584 WIEN, 20/7 918
2468 1543 3054 1642 XIX/2 AMBRUSTERGASSE 15.
1373 1566 1960 1667 Dr. JOSEF REDLICH
1414 1693 2392 1893 Lieber, verehrter Doctor Schritfers
1702 1790 3048 1958 In dem Tager, in denen die Ereignire und für
1492 1903 3056 2055 mich die Lozen – xxxlich über den Gesär der Zeit
1504 1979 3156 2145 Einverschömen, in ihrem gar nicht mehr fürbaren Schwell¬
1539 2096 3134 2260 nur und will ich doch diese wenigen die eiten finden, und
1545 2199 3097 2359 Ihnen, lieber, rachter heiter, innigst ja danken
1525 2304 3041 2466 für die Herrn Herrn Freude, die Sie nie mit den
1529 2384 3041 2558 fürlich Bilde bereitet haben, das Sie mit
2246 2480 2649 2571 samVoten.
