4868 4551
1284 1437 2943 1620 Das ist für mich in diesen trübsten Tagen und Stründen
1323 1579 2954 1734 Sie einige Anelle des Lichten: derjenigen zu jedanken,
1336 1692 2946 1818 Sie in die Welt des Seister und geistiger Schiffers.
1317 1787 2888 1919 leben und denen ein das Bartogdanken Leben.
1338 1878 2904 2030 Ihr Bildert für mich die Verkürperung
1356 1960 2935 2105 eines der leisten und weinster Bürger diese
1373 2074 2904 2177 Welt, wie sie lebendig
1391 2142 2917 2288 ein sich in Ortenis entrichtelt Lat: ich bin
1395 2228 2898 2335 glücklich, diese Künkerich vollendete 2: oder haben
1398 2278 2987 2432 Zim Züge, verehrteste Meister, mir darum von mir
1936 2356 2954 2476 2) Laßichsten Danke und Freund seiner
1408 2387 1946 2515 In Leben. Sy
2453 2424 2845 2542 O’Bertich
1931 2447 2166 2554 Kreizer
