3996 4088
2775 319 3384 469 järjestä jusqu'imistä.
2705 623 2827 749 211
317 687 1920 874 den Einsamen Weg hatte es für den September
2112 713 2627 870 Lessing=Theater
2815 701 3661 860 Berlin N'W. 40, den 27.? 1906
2288 812 2453 890 Direction
116 810 212 922 me.
353 830 1932 974 aux gedacht, es sich aber sie rechts zusammen
2180 870 2555 972 Dr. Otto Brahm.
130 908 220 1022 he
369 954 1910 1040 und nun wird sich schwer noch eine passende
2326 952 2417 1068 - &
148 1020 232 1132 O
391 1016 936 1146 Gelegenheit finden
417 1112 1902 1234 Mein Ihn – wohle ist ein einfachtet Aufsatz
429 1210 1942 1308 den ich in Helgelast geschrieben habe und der im
435 1312 1954 1417 Decembr heft an N. Rdshan asheim soll. Und
2795 1282 3262 1439 Lieber Freund
457 1433 1888 1515 mrs maihen The gesammelt – an sameladen
441 1497 1960 1633 who? Heatste alles gute for Frau Olga,
2479 1537 3685 1675 heinighe hätten Sie mich auf dem
493 1603 972 1703 So and Hein-
2503 1659 3661 1787 vom dienst; ich habe eine
1577 1719 1793 1841 in
2515 1765 3769 1886 starke Erkältung, anzukliegen und
2537 1849 3715 1976 ging auf 8 Tage zu Lahmann, da
2537 1964 3787 2104 leide die Dinge hier an Hause an wenig
2567 2050 3805 2184 geklärt waren, um weitere Südbahn
2901 2138 3140 2228 Eerstütten
2561 2150 3154 2304 Sprünge an wehr
3146 2178 3841 2280 sonst wie ich herzlich
2575 2266 3791 2397 edm gekommen. Seit gestern bin ich
2585 2378 3781 2515 anlück, niedlich in Ordnung wieder. -
2613 2481 3821 2601 Das Luisentheute hat einen rämlichen
2559 2595 3823 2721 niedripen Ray und ehe nicht. In thäten
2589 2693 3857 2829 auch ohne Richtigt auf das Lesing - Th.
2597 2781 3851 2909 necht, wenn sie sich diesem Kunstinsde¬
2589 2895 3809 3042 fut versagten (d. h. jenem!). Ob wir in
2617 2982 3799 3118 abschlärt Zeit Lichter geben können,
2619 3096 3757 3230 rding ist nicht zu sehen; es fehlt
2635 3184 3761 3318 auch die passende Besitzung, etc.
