4054 4151
368 695 1975 829 (igl. Eitsschr) du in mildende Gestände
412 788 1858 976 wirck; at ook hem Iken – — Geary.
426 889 839 1013 Zu Tage!
453 992 1938 1146 Ihr habe das Stich mit erfertigen Interesse
475 1124 1880 1279 wieder gelesen mesches, das seit früher als
459 1193 1938 1370 Ondre artiee desmal beser verdient oder
469 1312 1963 1502 rastanden, und nur ducat empfunden, dass
493 1409 2072 1611 der Kan in ctens hilied, das Oenenent rieferte
491 1516 1924 1692 überwand und verwittend ist. Doch die
497 1639 1894 1807 selbst haben ja durch Sticke den schon
513 1732 2027 1922 nachgeholen und wenn man die Staatsastion
507 1847 2048 2066 noch wohl einschreiben müsse, würde auch ich
503 1965 1948 2175 einiges noch wirksamt zu gestatten hoffen
507 2076 2033 2296 Ihr würde also mit grössten Vergnügen bereit
503 2183 2003 2415 sein, das Stück aufzuführen und es für eine
497 2252 2013 2516 Egherpflicht gegen einen Anfrn hatten, der dem
493 2409 1965 2636 Deutschen Theeten in vieles gegeben hat, sein
489 2506 1934 2761 Brenke in wiedigsten Gewande darzustellen
493 2656 1963 2876 wenn nicht die Besetungsfrage auch jetzt
509 2767 1851 2963 wie wieder zu schaffen mußte. Und zwar
491 2834 2039 3095 hauptsächlich der Flippe, da einen Linrissenden
485 2943 1944 3208 Darsteller m. E. furent, cum indem Reise
509 3097 1878 3317 den ich nicht habe. Bassum: ist zu klag
501 3183 1900 3371 dafür, Sommast, in Wurde, Kegenler in Deutrek
2191 718 3816 851 allen aber wie ich ausser Stunde Ihrem Wünsche
2191 800 3766 990 er entsprechen und die von den Mutterlinste in
2197 889 3820 1089 stellen. Ich sehe aus sein schriebsten Zuschen nicht,
2205 1015 3725 1174 we diser auf i/h drochen soll, tode Herke
2213 1085 3772 1277 sind in der Fuhl wie in der Rehenkungsart
2213 1211 3772 1364 mer Composition in willig rastieden dan ich
2258 1308 3685 1486 Ihre Bedenken mede verstehe noch irgendwie
2266 1405 3711 1575 thile Tollter Sie dienst auf Ihnen bestehen
2268 1528 3784 1698 so hieren und leider nicht zusammen können
2280 1639 3650 1807 und Sie rasschen dem Kriegsst, wenn er
2286 1734 3794 1914 deshalb fort auf der Grieserung der
2300 1843 3816 2019 mitden Fragen nicht eingelt bevor. He ist
2304 1955 3877 2118 über diese Monsie - Frage nochmals äusserten.
2565 2102 3739 2238 das geht sich, wie sie richtig alnen.
2310 2167 3806 2335 peut ganz gut, nur ein bisser angegriffen
2310 2274 3721 2460 ben ich von dem heissen Gesicht. Die
2306 2371 3790 2561 Angelegenheit von der In den Zipfelchen
2328 2502 3707 2656 in Rückspest schon nimmt einen guten
2337 2615 3713 2761 darauf und ich hoffe er nicht zu
2359 2731 3644 2876 feiner Zeit Ihnen lieber Freund,
2359 2820 3727 3002 Näheres davon wählen an meinem
3006 2975 3590 3127 blattier quissant
3258 3111 3402 3216 I have
3355 3155 3768 3337 Brunn
