3990 4104
346 778 1898 924 aufgeschlagen hatte; Sie können es auch
350 916 1917 1074 Glevensschin waren davon hat es nicht
350 1031 1944 1164 mindet weh. - Und Sie und die lieben
390 1143 2005 1308 Leute alle, Mutte und wieder? Was macht
401 1293 2017 1458 das Vogelgewissen, und die anderen D'ap¬
415 1417 1928 1540 die man unter der Spitemerkr, titul¬
415 1550 1953 1690 stände ersaumen fassen könnte? Wobei
430 1667 1965 1836 me der blune atzt ritschafte Hyser
461 1811 1921 1974 einfällt, der schon lassen hier sein soll.
453 1963 1957 2084 mit ach hin Lebenzeithen hat; m ist
471 2067 2019 2228 er men sine Heim (a) reise trsagt.-
469 2203 1863 2374 dies wiederum führt in erfaischer
494 2349 2095 2587 Verknüpfung auf die Reise zum Temmeckung,
488 2504 1953 2662 die Sie mir vorschlagen: ich kann ehr
503 2608 1913 2789 nicht wechseligen, als uns wol ich
524 2720 1961 2910 Mein Last ihm habe (sich des ist
530 2889 2032 3065 men Holz, und dann wie auch ver¬
551 3025 2080 3184 judigte Paske nicht einemal im Jahr
555 3144 1930 3342 auf dem Wasserleitung gredigt.
536 3288 928 3461 In diesem
970 3313 1425 3459 Since yeres.
1467 3315 1980 3426 Y'a herelist
1454 3394 1790 3532 in OR
2768 365 3025 488 1 " "
2170 724 3709 893 auf merschlittere Dienerinnen hochgelangt
2155 847 3632 995 sein, und wir vermeiden dann die nicht
2176 958 3824 1106 günstige Char wurde, in der aus obendreten
2099 1089 3774 1260 die hohe Polize- dem ehr etal? Schwierigheiter
2197 1233 3693 1396 meßen heinte. Ausst dem Hüssefeld
2230 1350 3707 1513 will ich nichts mehr hinsen, bis eine
2305 1487 3657 1648 A ich fürük der arme Georg
2274 1654 3770 1771 wird einen schweren Hand haben neben
2293 1765 3695 1934 Bale und Harat der nach
2305 1884 3784 2032 noch gut geht). Der Thun hah ich
2295 2034 3820 2178 auf nämlich Spielheit gelegt auch Haupt¬
2289 2128 3697 2276 man lieh ich erkannt den Ratten¬
2287 2274 3701 2414 vertagen, die übrigens jetzt: Da Storte
3376 2395 3743 2547 selley Se'n
2312 2387 3494 2577 seine Mashenverleiten Reissung
2297 2551 3764 2731 Ernst; meiner aller dings nicht, - Nun
2328 2683 3784 2839 werden Sie behaupten, es müsse mir sehr
2335 2808 3745 2950 Ent Geben, hewil ich in von Gelde
2332 2912 3751 3079 und Humor strotie? Da schon Sie
2353 3056 3778 3221 wie leicht die Aarste sich imn: ich
2351 3175 3820 3351 ben nämlich erst am Marterlehpt
2364 3298 3728 3436 aufgebrochen, das ich negen Jochim
