4040 4104
342 748 1819 878 gerstliche Mensch sind — verurtheilen Sie den
346 864 1982 982 doch und nur Tude und setzen ihn auf schmeltere
342 947 952 1080 Rationen wenigstens.
363 1053 1985 1229 Sie werden als guter Ratenplesen nicht aller¬
369 1178 1881 1318 bei ihr meine Pläne gelesen haben: es ist alles
2268 1188 3896 1326 Liebe Herr Schickler, ich habe mich geirrt, es geht
381 1288 1901 1434 thols erfarden, thols aufgebeucht und va-
2292 1290 3916 1445 die in rückliche Zy eine Hausberg, dort schö¬
2288 1379 3865 1508 est on nicht, schönt es, und man mass 1-Zieck
375 1386 1930 1546 läufig steht noch gar nichts fest, als dan
2302 1477 3912 1634 unschiffen, weiter sie an Behrhof Friedrich Hr.
430 1528 1868 1650 ich endg'sde möchte. Aber wie sich wie.
2294 1532 3900 1693 sich gewissät haben hierten. Ahfarrt 11.30
448 1618 1359 1754 des muss die zot lehrem
2347 1654 3855 1809 Fr. Str. wie mit dem Bresland Zeg, als huft
2355 1736 3896 1868 Hünklag 5.48 et 6.20, an Hausdorf 6.53, i.e.
465 1718 1697 1893 iten Rager schreibe ich heute auch.
2319 1789 3912 1936 d 3 & 2 Stunden führt als über Breslan! Bitte Cissin
2382 1889 3830 2025 4 1/2 das rekkeitig wissen, mit welchem Tage die
1457 1870 2009 2048 Hastist du Rhin
2302 1956 3839 2097 hommen, damit ich Ihnen einen Wagen schicken
1595 2015 1932 2180 O'Berlin
2406 2035 3902 2166 können; und bringen die doch Goldmannen mit.
2406 2117 3902 2235 Es ist sehr schön seit, und Sie wieder sich sehr
2390 2166 3857 2315 den Erst stehen, man die werde 6.53 rthl Nr. 30
