3929 4087
1428 442 1564 608 11
311 785 1810 969 konnt? Auch dies wir wohl lässt
2102 749 3532 992 gleiche ich versprechen an hören,
281 859 766 990 auf den Troten
362 926 1771 1092 in iedere. Das Geblichen ist gehen
2140 893 3552 1092 aber am bestimmter Monat, wie
386 1031 1819 1202 sterke Überreichungen in solcher Dinge¬
2158 1023 3506 1198 den Februar, kann ich heute
404 1163 1797 1321 tiesig empfindlich ungereicht. - Möchten
2169 1183 2727 1290 wohl fixiren.
406 1264 1664 1437 Sie nicht jetzt das Mr. Bruchen
2076 1293 3547 1465 * In die Besitzung des Vernichtsisses
429 1390 1726 1560 lassen? A. darauf hinin Sie
2212 1396 3498 1547 bleibe ich bei den von Ihnen
449 1506 1860 1664 Ja vorbehalten und den Tak stehen
2210 1502 3463 1676 Genannten stehen. den Gustav
444 1616 1882 1800 lassen? Alle Berliner Antoni master
2212 1642 3686 1841 # (der mir übrigens früher ein hischer
453 1739 1800 1977 is so and day ist for in ein
2268 1746 3502 1955 im Frandiske in neiger schien.
466 1856 1813 2056 grosse Erlängerungen bei der dra¬
2302 1890 3524 2061 was noe gut gefiel and was
481 2000 1925 2229 matragischen Zwirkungen Kürzungen
2317 1996 3610 2158 ihx diesmal verniesste : ist d nur
486 2134 1914 2348 is in. es wird alles übersichtlichen
2302 2087 3506 2292 Treasdre + den Gustan will
2337 2287 3500 2423 ex cum neam und guten
714 2272 1782 2475 wo stehen Sie denn jetzt
501 2378 1767 2600 mein Heer? Ich bin im Begriff
2341 2373 3474 2548 Marie Wintaestein, jeher;
514 2464 1823 2738 obwisser, (daher der confus Hl
2369 2496 3478 2650 die Fransche möchte ich
2382 2613 3468 2768 not offer lassen his die
509 2600 1635 2838 tin Sonnabend in Minten¬
2391 2715 3467 2935 nener Dänner isth etwas
522 2734 1908 2978 Rheiniske Hof   Dienstag in Helgr-
1418 2820 1595 2904 den 26.
2374 2863 3191 3042 Wimmertort haben
498 2866 1851 3111 land (ohne weitere Adresse) und ist
2363 2980 3452 3139 Oh du T-d des Kindes
486 3019 1795 3194 bes 4. August bleiben will. Von
2386 3107 3528 3295 nicht Sie können u. beworben
494 3112 1664 3312 5. at: Ruhi. Will health.
665 3213 1661 3424 Chuse the O'Brahin.
