4035 4088
2769 365 3095 475 Vuodenmaan syne
1398 322 1842 483 Vuoden nimittäinigissä:
3246 346 3619 526 Vuisesti:
2952 654 3117 746 303
3087 703 3849 860 Berlin WW. 40, den 10. 12 1911
2372 750 2824 872 Theater
552 750 2186 931 sich in Frage bekommen, wenn wir nicht
2482 827 2641 890 Direktion
2380 888 2738 974 Dr. Otto Brahm.
575 848 2160 1057 einbreitet. Teerder, den ich diese Pap
583 1033 2178 1182 sperk im Bührenverein will den nötigen
609 1186 2164 1326 Mllech getan. Von Medardas sprach der
2879 1225 3449 1377 Lieber Frank,
607 1310 2133 1436 richt. Die W. Fr. Volkshöhre scheint
621 1457 2027 1610 mit nichts für Sie und am 14.
2704 1496 3898 1622 die Vorstellung des Anstal war
644 1583 2284 1738 Unsere Verhandlungen mit Wien schweken.
2718 1601 4006 1734 von der Fr. Volksbühre veranstaltet
646 1728 2209 1874 Das witte Land hält sich an meiner
2745 1742 3926 1860 diese hatte sich tantièmen mässig
2755 1852 4026 1948 In äussern und ich hah ihr um
654 1870 2196 2003 Freude Ent abgleich sot letzten Monty
2753 1980 3957 2113 chen Grätig verschein unter die
656 1987 2264 2145 die Vater ist, die einen Frankhots - Mlach
2740 2117 3578 2253 Nase a rerka lnssen
660 2137 2292 2276 nehmen müsste durch die Heirn erscht
2773 2221 3894 2378 Das Tännchen ist allangirt,
705 2286 2241 2416 worden, in aller alle ; ich werde wol
2806 2368 3914 2476 die Missi kommt nächstens
699 2421 2323 2569 den 2. Wihnachtsfererty den testen Theater.
2806 2488 3894 2610 daran. Den Philipp hat ich
713 2543 2158 2704 tag das sehr nahmen viel längsstigten
2808 2647 3896 2755 welten gegeben, über höheren
746 2687 2158 2812 getan können. Und auch die 25. soll
2812 2757 3977 2901 Wunsch; gebet werde mir von
731 2800 2200 2958 Herr Frau beschört werden! Dass ihr
2816 2885 3985 3046 einem Ajenten, da Präpar Der.
758 2975 2266 3101 es ist acht freut nicht; aber unver¬
2812 3018 4026 3174 steller the Aake empfohlen heare
791 3101 2145 3227 antwortlich bleibt es dass sie uns
2832 3152 3981 3295 Ja ihn? Er krivnte ratielich
2088 3203 2337 3333 worde.
813 3229 2070 3364 Berlincen diesmal unter schlagen
