4068 4087
2805 580 2953 709 114
2800 691 3368 806 Berlin, N. 20, den
3018 816 3574 959 Hastid 21.7.02
2624 1207 3245 1345 Lehr Herr Schilder
2422 1411 3764 1569 entée mère et libi; par lieu du cher
2418 1514 3720 1671 not ae th tout, af ik wetten
2408 1602 3825 1787 Auf meine Brief wyr Mona verra — Berece!
2415 1729 3692 1863 Ich haben müsste die Arbei an seligen
2439 1817 3679 1966 rdad durchdet ud find, die in
2418 1905 3792 2074 Noth Sonn. Sie woll spielen könnte, etglied
2448 2037 3741 2154 der Wissenschaft des Flippes, sie à 8.82
2445 2137 3771 2293 Aftiert ist, sie nicht erklägt ertgegen
2457 2214 2596 2306 est
2438 2306 3748 2526 Der Herr Testitel habe ich je wiederlott i
2425 2397 3681 2615 Wenn geacht, dass er nur die Stiche östischen
2415 2496 3679 2719 hen. Er wird ihr etwas Geduld habe
2427 2599 3711 2809 rüssen, da ich noch müsterlich nach oder
2434 2721 3678 2937 wegde schöne Reste auf en zweitig het.
2436 2793 3669 2993 His Marty inst. her is not his dire
2471 2907 3646 3058 Gele ist in eine, annosk zu erkennen
2455 2978 3162 3145 A ma partie entret
2934 3101 3820 3298 Herrn Gierner von Herren
