4040 4087
205 675 1747 862 nicht, die Gestalt schöne etwas Verletzendes
201 790 1817 943 wenn ein Nach sie spielt, und ich meine, dass 1-2
838 888 1108 959 eurchdurft
213 900 1817 1055 Ich he alt sich in't, so verdablich sin keinen
243 997 1785 1156 [illegible] 2.3) eben in jung. Im Eltigen wiederholt ist.
259 1091 1865 1230 Ihnen, dass ich nicht Frau K. geprührt in hier
275 1186 1781 1337 Wise gebunden haben, und dass es ja die Ihnen
1512 1274 1662 1355 Feber
283 1319 1851 1439 steht schon ad Armytprok am 5 ten kommen
312 1415 1751 1562 (in welchem Falle Sie einen kistolischen Tag
336 1530 1847 1694 die mir vorleben möchten). Sie können ja dann
348 1638 1899 1783 fortfallen und deutre Städte von H.ldes heim¬
384 1773 1889 1893 etc tischen. - Die 1. Aufführung denke ich auf
384 1877 1819 2038 den 24. Fehr, also trat in 4 wocke, men-
418 2014 659 2094 reten.
432 2086 1887 2205 Nun noh in anderer, wichtiger Puht. Ihr
450 2207 1801 2330 heare Ihre Verliebte for Tane - that
484 2332 1847 2442 hete derhalb geregert, Ihnen in sagen, dass
494 2426 1920 2565 4. weit anppiffen ist nach duss eine Pre-
490 2547 1938 2675 nicht mit ihm geladeren ein Wapniss woll¬
533 2655 1914 2778 Das hat sich welche in Pippe geregt, wie
553 2774 1924 2910 a so gehemmt war, dan Hauptin which
571 2892 1877 3021 sazwifelk und ahlich: sie wieder S.
577 2977 1877 3138 in and Haupterke! And Prof. Lararas
583 3083 1968 3230 meate, als 4. einmal,stolpehn drehte: wie
593 3202 1992 3353 er hinpfallen et mir nicht wieder aufgestanden
2728 651 2824 754 95
2145 703 2559 846 ssing=Theater
2772 714 3596 860 Berlin plW. 40, den 4 2 1906
2221 820 2398 894 Direction
2121 874 2492 981 Dr. Otto Brahm.
2259 961 2362 1071 -*
2607 1274 3047 1475 Liebe Freund,
2384 1562 3672 1706 falls Sie sich heute in sprechen
2430 1684 3564 1845 in der Lage sind, sie folgendes
2442 1799 3622 1936 gemeldet: ich muss jetzt in eine
2454 1930 3686 2090 Gesammlung gegen die Billetstand,
2484 2060 3620 2185 wurde um 2 ½ bei Juni’s essen,
2506 2195 3712 2307 die Sie freundlichst und herzlichst
2523 2297 3636 2420 hielmit gleichfalls laden obin
2559 2410 3725 2559 in 6 et 2 Heis disponihl
2563 2563 3759 2693 und dank er. das Sie v der
2587 2711 3182 2868 eine Mittheilen,
2707 2838 3646 3027 Viele Grise Ihres eiligen
3351 2979 3544 3160 O3
