3845 4103
132 790 1752 924 an hetmen, quem wil ich selbst als ich noch
151 916 1703 1032 der Vasitzende des Voeins ist, eine dorte Eilter
167 1020 1665 1136 gemilderte Autokartie des Präsidenten stets
181 1103 1689 1219 verlangte, und weil die Interessen an Fr.
181 1219 1614 1347 B. und des Dlichen Theils wohl vielfach
183 1317 1632 1451 paralle laufen, aher auf eine von Bremen¬
187 1418 1656 1565 firen. „Ist hat sich nur ’ne Minny
189 1526 1569 1661 and him that!” We have also den
175 1626 1797 1789 Baperman, an ihm mit der Melusine einigen
169 1713 1699 1901 lassen hat, wenn sie ihn für das Dr. R.
161 1827 1667 1982 mit geeignet finden vielleicht schon Felde,
1131 1860 1282 1931 gleich
175 1923 1716 2108 empfehlem, nicht ald keines wegs. Stuk der
193 2017 1681 2188 Tamin hängt nur nun Theil von mir gl.
197 2141 1836 2328 und Sie hatten sich lehde mit allen ihn frage
204 2232 1821 2432 tense an F. als an nich. Dan ich Ihrem
210 2318 1813 2572 Interesse datum doch (wenn auch vervorren)
220 2462 1673 2635 diene nicht sie daraus machen, dass ich,
214 2568 1724 2735 trote des un fehlenden Bisséides von Ober¬
212 2662 1740 2839 präsidenten, Felde von Geführte – Plar¬
222 2786 1685 2937 notatrestetes - Inbald die höheren Mögte
230 2869 1673 3038 wir den Kalnder befinden, erfahren Sie
232 2977 1797 3146 es natorene durch nicht: als der Oberpräsident
244 3050 1766 3248 das ist mein Ressert; aber die Präsident, das
271 3132 1030 3280 est Ludwig, Uhlend St.
786 3266 1722 3504 Gerich gesund Mr. C. Brahman
2816 676 2937 779 47.
2619 767 3590 948 Berlin N. W., den 31. Jan, 1899.
2414 885 3608 1081 Lieber Doctor Schnitzler,
2519 1136 3608 1309 Es versteht sich von selbst,
2159 1252 3545 1420 daß ich mit größtem Vergnügen
2159 1361 3614 1526 bereit wäre, Ihre drei Stücke noch
2165 1457 3649 1636 in der gegenwärtigen Spielzeit zu
2149 1577 3622 1732 geben, wenn eine Aussicht dazu
2165 1677 3614 1846 vorhanden ist. Nach Allem, was ich
2161 1785 3655 1960 von sachkündiger Seite höre, ist bei
2149 1895 3653 2078 dem langsamen Haag der Sache am
2131 1988 3637 2179 Oberverwaltungsgericht eine Ent¬
2141 2112 3659 2291 scheidung kaum vor dem Sommer
2141 2224 3626 2399 zu erwarten. Eine Beschleunigung
2131 2324 3616 2507 anzustreben, wäre vergeblich, Ein
2125 2428 3647 2611 Himweis auf die Bürgtheater-An¬
2131 2544 3525 2717 nahme wurde den gewessenen
2141 2660 3651 2837 Schritt der Rechtsfindung nicht im Ge¬
2112 2772 3659 2932 ringsten beeinflussen. Es bleibt uns
2120 2873 3620 3052 also leider nichts übrig als warten.
