4019 4105
363 1084 1986 1250 enthält, mußten mir aber Ihre
358 1184 1884 1342 eigenen Bedenken theilen. So
379 1304 1932 1459 haben wir denn hin und her über¬
363 1402 1917 1573 legt, bis mir nun doch endlich zu
377 1513 2000 1684 dem Ergebnis kommen mußten,
379 1613 2015 1784 daß das liebenswürdige Stückchen
365 1725 1911 1898 leider zu unserm Zweck nicht
383 1840 1955 1992 passe, und daß das Publikum im
371 1923 2007 2121 "Deutschen Theater" nicht die dafür
352 2063 2017 2221 erforderliche Empfänglichkeit haben
346 2148 1959 2328 wurde. Mit herzlichem Dank stelle
338 2265 1992 2423 ich Ihnen also beifolgend das Mann
344 2388 1998 2544 script zurück möchte Ihnen aber
344 2496 1973 2659 zugleich, wenn Sie meinen Rath
323 2611 1994 2769 nicht verschrägen anheimgeben ob
344 2719 1969 2878 Sie sich nicht entschließen könnten,
340 2801 1992 2994 die Stückchen Herrn von Wolzogen
331 2903 2000 3086 für sein lautes Theater zu über¬
333 3005 1996 3213 lassen. Dort würde es noch mei¬
2225 1079 3688 1254 nem Gefühl des nachdrück¬
2228 1215 3619 1369 lichsten Erfolges sicher sein.
2965 1367 3588 1504 Vielmals grüsend
3124 1498 3524 1632 The olgetiach
3196 1609 3699 1757 Otto Behau
