3984 4103
2614 812 2781 910 heate
1944 820 3452 985 Krömprinsen, da nich jüsselte, für Sonnhof.
1964 964 3465 1101 den Tantris anzusetzen, das ich regeren, ihre
407 964 1169 1116 Boah 264
1972 1064 3435 1210 doch tat: and my mis, ich acte de
2002 1175 3345 1296 presence machen, umsomehr als es die
1377 1263 1734 1383 B 19.1.12
2000 1285 3417 1452 fünfrigste ist. Sonntag Geschied Schrieb
2024 1415 3385 1535 (as been in Ihnen gelokt, Marty
739 1493 1852 1621 Wissen Sie was, mich sehr freuen
1942 1447 3405 1666 I have (in Ihnen empfohlen) - and in
745 1629 1786 1739 würde? Wenn ich den Ausflug
1942 1651 3389 1826 geht die Tretmühle weiter eine Ihr
734 1747 1797 1865 ins Pantominische unternehmen
2019 1771 3435 1914 we den andern. Ihr, welche Lust!
724 1878 1826 1979 könnte in dem Sie laden und
1978 1867 3396 2038 Inmerhin, den kömmt der Rapport
726 1979 1861 2122 lochen. Aber mit der Geschichts-
2071 2034 3454 2154 des 18. Il meurti de tritt mais last
726 2105 1859 2225 Möchten - man weiss schon, wie
2002 2178 3482 2325 in Gottes Namen weitel, denn d - isst
750 2255 1842 2377 die sind; und es geht nicht:
2047 2270 3023 2415 Gott - lautet auf 36 on.
756 2372 1942 2484 ich bin, nach hönnlich. Morgen¬
2139 2418 3434 2492 ihr Anatal' lässt sich sein besten
750 2482 1959 2597 ist neu einstudirter Soluest - Monnarn,
2156 2501 3432 2623 Willem den Ihr ja an mir huren
769 2602 1809 2736 Herptmann, Hartfeld, ja sich Hä¬
2146 2608 3539 2745 noch nichts sagen als da: Miss That
2165 2728 3539 2859 31 Tye 1. Vielen Dank for das dreement
775 2702 1923 2850 Trebitstr ist in Lande - und im
2148 2781 3563 2904 ham in, das xx folgt. Alles Gute Ihnen
784 2837 1993 2974 da ist nur ein Schritt zum dertschen
