<?xml version="1.0" encoding="UTF-8" standalone="yes"?>
<PcGts xmlns="http://schema.primaresearch.org/PAGE/gts/pagecontent/2013-07-15" xmlns:xsi="http://www.w3.org/2001/XMLSchema-instance" xsi:schemaLocation="http://schema.primaresearch.org/PAGE/gts/pagecontent/2013-07-15 http://schema.primaresearch.org/PAGE/gts/pagecontent/2013-07-15/pagecontent.xsd">
    <Metadata>
        <Creator>prov=READ-COOP:name=TrHtr:version=2.1.0:model_id=51170:date=25_07_2023_23:33</Creator>
        <Created>2023-05-02T07:44:45.063+02:00</Created>
        <LastChange>2023-07-25T23:33:01.303+02:00</LastChange>
        <TranskribusMetadata docId="1416705" pageId="54950717" pageNr="174" tsid="130849352" status="IN_PROGRESS" userId="64420" imgUrl="https://files.transkribus.eu/Get?id=LQNKOEXZSUGJWEKLKKJLELSP&amp;fileType=view" xmlUrl="https://files.transkribus.eu/Get?id=QZCQAJAIAEBTRSQHMVBAQBZK" imageId="44454443"/>
    </Metadata>
    <Page imageFilename="1416705_0174.jpg" imageWidth="3997" imageHeight="4055">
        <ReadingOrder>
            <OrderedGroup id="ro_1711829688896" caption="Regions reading order">
                <RegionRefIndexed index="0" regionRef="tr_1"/>
            </OrderedGroup>
        </ReadingOrder>
        <TextRegion id="tr_1" custom="readingOrder {index:0;}">
            <Coords points="185,332 3723,332 3723,3315 185,3315"/>
            <TextLine id="tr_1_tl_1" custom="readingOrder {index:0;}">
                <Coords points="2690,445 2724,445 2753,455 2805,426 2832,441 2845,437 2843,311 2809,313 2786,332 2751,305 2728,305 2711,313 2703,307 2688,309"/>
                <Baseline points="2702,385 2747,382 2791,385 2836,385 2848,385"/>
                <TextEquiv>
                    <Unicode>„ „ —„</Unicode>
                </TextEquiv>
            </TextLine>
            <TextLine id="tr_1_tl_2" custom="readingOrder {index:1;}">
                <Coords points="2316,432 2352,432 2360,439 2390,411 2400,422 2413,420 2438,437 2444,434 2454,445 2509,432 2506,338 2484,336 2479,343 2438,336 2367,353 2356,343 2314,340"/>
                <Baseline points="2326,409 2370,412 2415,415 2460,415 2505,412 2511,412"/>
                <TextEquiv>
                    <Unicode>" " " "</Unicode>
                </TextEquiv>
            </TextLine>
            <TextLine id="tr_1_tl_3" custom="readingOrder {index:2;}">
                <Coords points="1938,850 3457,783 3536,760 3540,687 3006,668 2619,698 2548,752 1943,775"/>
                <Baseline points="1952,815 1973,818 2018,815 2063,818 2108,818 2152,821 2197,821 2242,821 2287,815 2332,815 2376,812 2421,806 2466,806 2511,806 2556,806 2600,803 2645,803 2690,800 2735,797 2779,794 2824,791 2869,785 2914,782 2959,779 3003,779 3048,773 3093,770 3138,767 3183,761 3227,761 3272,758 3317,752 3362,752 3407,752 3451,749 3496,752 3541,755"/>
                <TextEquiv>
                    <Unicode>listanheit des Neun und Kleinen, heissen, dass Sie</Unicode>
                </TextEquiv>
            </TextLine>
            <TextLine id="tr_1_tl_4" custom="readingOrder {index:3;}">
                <Coords points="1335,808 1347,806 1362,817 1374,804 1381,804 1385,800 1391,804 1404,802 1410,806 1414,800 1425,800 1420,771 1410,773 1393,767 1379,769 1335,739 1333,742 1324,742"/>
                <Baseline points="1343,785 1388,794 1430,797"/>
                <TextEquiv>
                    <Unicode>me</Unicode>
                </TextEquiv>
            </TextLine>
            <TextLine id="tr_1_tl_5" custom="readingOrder {index:4;}">
                <Coords points="173,915 353,965 591,913 938,927 1195,854 1458,927 1838,852 1842,785 1592,746 1429,821 980,783 821,850 175,850"/>
                <Baseline points="185,904 188,901 232,901 277,901 322,904 367,901 412,901 456,898 501,895 546,895 591,892 636,892 680,892 725,886 770,883 815,883 859,877 904,871 949,868 994,865 1039,862 1083,862 1128,856 1173,853 1218,851 1263,845 1307,845 1352,845 1397,845 1442,842 1487,842 1531,839 1576,836 1621,836 1666,833 1710,833 1755,833 1800,839 1845,839"/>
                <TextEquiv>
                    <Unicode>richt fallen, dass ich das Stöck in dieser Form mehr</Unicode>
                </TextEquiv>
            </TextLine>
            <TextLine id="tr_1_tl_6" custom="readingOrder {index:5;}">
                <Coords points="1988,950 2555,923 2636,961 3106,892 3215,932 3407,867 3586,934 3603,840 3417,769 3016,865 2910,813 2638,888 1993,856"/>
                <Baseline points="2003,922 2036,922 2081,925 2126,925 2170,925 2215,925 2260,925 2305,922 2349,919 2394,916 2439,916 2484,916 2529,919 2573,919 2618,919 2663,919 2708,910 2753,907 2797,904 2842,898 2887,895 2932,889 2977,886 3021,883 3066,880 3111,877 3156,874 3201,871 3245,868 3290,862 3335,865 3380,865 3424,868 3469,871 3514,877 3559,880 3604,883"/>
                <TextEquiv>
                    <Unicode>ihm ausdrücklich zegliche Verläufbarung untersuchten,</Unicode>
                </TextEquiv>
            </TextLine>
            <TextLine id="tr_1_tl_7" custom="readingOrder {index:6;}">
                <Coords points="221,1017 625,1001 848,1046 961,975 1222,961 1272,990 1435,965 1460,925 1262,873 1120,927 1013,900 854,944 635,919 539,963 483,929 328,978 226,952"/>
                <Baseline points="235,988 253,991 298,994 343,994 388,994 432,994 477,994 522,994 567,991 612,991 656,994 701,991 746,988 791,985 836,982 880,979 925,970 970,967 1015,964 1060,961 1104,958 1149,958 1194,955 1239,952 1283,949 1328,946 1373,946 1418,946 1463,949"/>
                <TextEquiv>
                    <Unicode>in Lesung. Th, we in Wien spielen kann,</Unicode>
                </TextEquiv>
            </TextLine>
            <TextLine id="tr_1_tl_8" custom="readingOrder {index:7;}">
                <Coords points="1995,1032 2227,1057 2306,1015 3167,978 3386,1036 3593,996 3595,936 3302,898 3212,944 3154,907 2776,927 2552,1001 2285,950 1997,971"/>
                <Baseline points="2006,1012 2027,1012 2072,1012 2117,1015 2161,1018 2206,1015 2251,1015 2296,1015 2341,1012 2385,1012 2430,1012 2475,1012 2520,1015 2564,1015 2609,1012 2654,1009 2699,1006 2744,1003 2788,1000 2833,997 2878,994 2923,994 2968,991 3012,985 3057,982 3102,982 3147,979 3192,979 3236,976 3281,976 3326,976 3371,976 3415,976 3460,979 3505,982 3550,982 3595,982"/>
                <TextEquiv>
                    <Unicode>sonst geht es wie mit Israels, den X sie fragten, ob</Unicode>
                </TextEquiv>
            </TextLine>
            <TextLine id="tr_1_tl_9" custom="readingOrder {index:8;}">
                <Coords points="228,1111 1462,1049 1707,1076 1711,975 1381,982 1172,1044 955,994 750,1059 543,1013 374,1065 230,1049"/>
                <Baseline points="241,1089 280,1089 325,1095 370,1095 415,1095 459,1092 504,1089 549,1086 594,1086 639,1083 683,1083 728,1083 773,1083 818,1077 862,1077 907,1074 952,1071 997,1068 1042,1066 1086,1066 1131,1063 1176,1060 1221,1057 1266,1054 1310,1048 1355,1051 1400,1048 1445,1048 1490,1048 1534,1045 1579,1045 1624,1045 1669,1042 1713,1042"/>
                <TextEquiv>
                    <Unicode>Wor den Hetmann in Hidella gielt? Ia, guter</Unicode>
                </TextEquiv>
            </TextLine>
            <TextLine id="tr_1_tl_10" custom="readingOrder {index:9;}">
                <Coords points="1926,1117 2156,1155 3006,1084 3580,1109 3609,1036 1928,1042"/>
                <Baseline points="1940,1110 1952,1107 1997,1110 2042,1110 2087,1110 2132,1113 2176,1113 2221,1110 2266,1107 2311,1107 2355,1110 2400,1107 2445,1110 2490,1110 2535,1110 2579,1110 2624,1110 2669,1107 2714,1104 2759,1101 2803,1098 2848,1095 2893,1092 2938,1086 2983,1086 3027,1086 3072,1086 3117,1083 3162,1083 3206,1080 3251,1080 3296,1080 3341,1077 3386,1077 3430,1077 3475,1077 3520,1077 3565,1083 3610,1086"/>
                <TextEquiv>
                    <Unicode>de M Gheen. Thiven l'efern wolle, worauf de stumm</Unicode>
                </TextEquiv>
            </TextLine>
            <TextLine id="tr_1_tl_11" custom="readingOrder {index:10;}">
                <Coords points="242,1216 376,1243 1590,1143 1669,1174 1721,1097 1544,1117 1379,1069 1053,1153 311,1132 244,1178"/>
                <Baseline points="256,1194 289,1194 334,1194 379,1194 424,1194 468,1191 513,1188 558,1185 603,1185 647,1182 692,1182 737,1179 782,1179 827,1176 871,1173 916,1170 961,1170 1006,1167 1051,1167 1095,1164 1140,1161 1185,1158 1230,1155 1275,1152 1319,1149 1364,1146 1409,1143 1454,1140 1498,1137 1543,1140 1588,1140 1633,1137 1678,1137 1722,1137"/>
                <TextEquiv>
                    <Unicode>Bluder, wie ihm selbst und hätte! - Ihn bin noch</Unicode>
                </TextEquiv>
            </TextLine>
            <TextLine id="tr_1_tl_12" custom="readingOrder {index:11;}">
                <Coords points="2028,1216 2310,1245 2997,1188 3150,1226 3411,1176 3574,1201 3576,1153 3442,1109 3258,1153 3164,1095 3020,1149 2962,1115 2028,1186"/>
                <Baseline points="2039,1209 2057,1206 2102,1206 2146,1206 2191,1209 2236,1203 2281,1206 2326,1206 2370,1203 2415,1206 2460,1203 2505,1203 2550,1203 2594,1203 2639,1200 2684,1197 2729,1194 2774,1194 2818,1191 2863,1191 2908,1188 2953,1188 2997,1188 3042,1188 3087,1191 3132,1188 3177,1185 3221,1185 3266,1182 3311,1179 3356,1179 3401,1173 3445,1173 3490,1170 3535,1173 3580,1173"/>
                <TextEquiv>
                    <Unicode>und stimmt blieb sie ihr anzeigten: Sie wären</Unicode>
                </TextEquiv>
            </TextLine>
            <TextLine id="tr_1_tl_13" custom="readingOrder {index:12;}">
                <Coords points="265,1310 867,1280 1103,1316 1546,1234 1755,1282 1803,1266 1807,1155 1560,1218 1406,1178 1186,1239 746,1203 267,1249"/>
                <Baseline points="277,1278 286,1280 331,1280 376,1280 421,1280 465,1278 510,1278 555,1278 600,1278 644,1278 689,1275 734,1275 779,1278 824,1275 868,1275 913,1272 958,1272 1003,1269 1048,1266 1092,1266 1137,1266 1182,1260 1227,1254 1272,1254 1316,1251 1361,1245 1406,1242 1451,1239 1495,1236 1540,1236 1585,1233 1630,1233 1675,1236 1719,1233 1764,1233 1809,1233"/>
                <TextEquiv>
                    <Unicode>im Stadinn des Schwerkers und bitte im Ünge</Unicode>
                </TextEquiv>
            </TextLine>
            <TextLine id="tr_1_tl_14" custom="readingOrder {index:13;}">
                <Coords points="2066,1310 2302,1339 2527,1303 2632,1341 2895,1303 2979,1339 3365,1274 3611,1293 3611,1251 3499,1211 3244,1203 3185,1245 2981,1209 2916,1247 2688,1222 2609,1272 2484,1230 2068,1260"/>
                <Baseline points="2078,1301 2093,1301 2137,1301 2182,1304 2227,1304 2272,1301 2317,1301 2361,1301 2406,1304 2451,1301 2496,1301 2541,1301 2585,1301 2630,1295 2675,1295 2720,1295 2765,1292 2809,1292 2854,1292 2899,1292 2944,1292 2988,1289 3033,1292 3078,1292 3123,1292 3168,1292 3212,1289 3257,1283 3302,1278 3347,1272 3392,1272 3436,1269 3481,1272 3526,1272 3571,1275 3616,1275"/>
                <TextEquiv>
                    <Unicode>mit Maals in Verhandlager! - Da Sie ohnedies</Unicode>
                </TextEquiv>
            </TextLine>
            <TextLine id="tr_1_tl_15" custom="readingOrder {index:14;}">
                <Coords points="290,1385 301,1383 311,1391 328,1383 340,1391 347,1387 363,1402 378,1406 401,1387 430,1404 441,1402 443,1395 457,1397 451,1318 420,1322 359,1287 334,1303 284,1305"/>
                <Baseline points="301,1364 346,1367 391,1376 435,1376 459,1376"/>
                <TextEquiv>
                    <Unicode>Tips</Unicode>
                </TextEquiv>
            </TextLine>
            <TextLine id="tr_1_tl_16" custom="readingOrder {index:15;}">
                <Coords points="2099,1406 2354,1439 2527,1399 2646,1448 2956,1385 3611,1408 3614,1322 3175,1364 3031,1312 2682,1362 2471,1308 2319,1370 2099,1354"/>
                <Baseline points="2111,1391 2140,1394 2185,1397 2230,1400 2275,1397 2320,1400 2364,1397 2409,1397 2454,1397 2499,1394 2544,1394 2588,1391 2633,1394 2678,1394 2723,1391 2768,1391 2812,1388 2857,1388 2902,1388 2947,1385 2991,1382 3036,1385 3081,1385 3126,1385 3171,1385 3215,1385 3260,1382 3305,1376 3350,1376 3395,1370 3439,1370 3484,1370 3529,1367 3574,1367 3619,1367"/>
                <TextEquiv>
                    <Unicode>an den Farning denhin zu meie es zu wohl nicht</Unicode>
                </TextEquiv>
            </TextLine>
            <TextLine id="tr_1_tl_17" custom="readingOrder {index:16;}">
                <Coords points="305,1475 683,1510 804,1464 1738,1468 1765,1399 1454,1358 1297,1427 305,1418"/>
                <Baseline points="316,1457 337,1457 382,1457 426,1460 471,1463 516,1466 561,1466 606,1469 650,1466 695,1466 740,1463 785,1463 830,1460 874,1460 919,1460 964,1460 1009,1460 1054,1460 1098,1463 1143,1460 1188,1460 1233,1460 1278,1460 1322,1457 1367,1457 1412,1454 1457,1454 1501,1454 1546,1451 1591,1448 1636,1448 1681,1448 1725,1448 1770,1448"/>
                <TextEquiv>
                    <Unicode>Geayt aan hat sich schr gut erholt sehr sich</Unicode>
                </TextEquiv>
            </TextLine>
            <TextLine id="tr_1_tl_18" custom="readingOrder {index:17;}">
                <Coords points="2122,1496 2208,1539 2456,1504 2876,1527 3062,1477 3532,1489 3555,1433 3352,1397 3173,1456 3050,1408 2791,1460 2724,1418 2122,1473"/>
                <Baseline points="2134,1493 2170,1493 2215,1490 2260,1490 2305,1490 2349,1490 2394,1490 2439,1487 2484,1487 2529,1487 2573,1487 2618,1487 2663,1487 2708,1487 2753,1484 2797,1484 2842,1478 2887,1478 2932,1475 2977,1475 3021,1475 3066,1475 3111,1475 3156,1475 3201,1475 3245,1475 3290,1472 3335,1469 3380,1469 3424,1466 3469,1466 3514,1466 3559,1469"/>
                <TextEquiv>
                    <Unicode>eilig it alle dem! – Mr. alssien der Eursian</Unicode>
                </TextEquiv>
            </TextLine>
            <TextLine id="tr_1_tl_19" custom="readingOrder {index:18;}">
                <Coords points="311,1573 1744,1573 1696,1508 1433,1541 909,1514 875,1548 633,1539 505,1475 311,1504"/>
                <Baseline points="322,1543 367,1549 412,1549 456,1552 501,1558 546,1561 591,1561 636,1561 680,1561 725,1561 770,1561 815,1561 859,1564 904,1564 949,1561 994,1564 1039,1561 1083,1558 1128,1561 1173,1564 1218,1564 1263,1561 1307,1561 1352,1561 1397,1558 1442,1555 1487,1555 1531,1552 1576,1552 1621,1552 1666,1552 1710,1552 1749,1558"/>
                <TextEquiv>
                    <Unicode>Pfante eigenommen und wenn a ich auf den</Unicode>
                </TextEquiv>
            </TextLine>
            <TextLine id="tr_1_tl_20" custom="readingOrder {index:19;}">
                <Coords points="2131,1598 2358,1619 2486,1579 2832,1621 3164,1569 3572,1577 3545,1512 3258,1489 2951,1548 2893,1516 2133,1548"/>
                <Baseline points="2143,1585 2185,1585 2230,1582 2275,1582 2320,1585 2364,1582 2409,1582 2454,1579 2499,1579 2544,1579 2588,1579 2633,1579 2678,1582 2723,1582 2768,1585 2812,1582 2857,1579 2902,1576 2947,1573 2991,1570 3036,1570 3081,1570 3126,1570 3171,1567 3215,1567 3260,1564 3305,1564 3350,1561 3395,1558 3439,1555 3484,1555 3529,1552 3574,1555"/>
                <TextEquiv>
                    <Unicode>s. Zt. als nicht aufführter ich werde ich mir</Unicode>
                </TextEquiv>
            </TextLine>
            <TextLine id="tr_1_tl_21" custom="readingOrder {index:20;}">
                <Coords points="345,1665 1067,1694 1481,1646 1656,1696 1788,1663 1763,1596 919,1638 343,1587"/>
                <Baseline points="355,1630 400,1633 444,1639 489,1645 534,1651 579,1651 624,1654 668,1654 713,1657 758,1657 803,1657 848,1654 892,1654 937,1654 982,1657 1027,1654 1071,1654 1116,1657 1161,1657 1206,1657 1251,1657 1295,1654 1340,1651 1385,1648 1430,1648 1475,1648 1519,1645 1564,1648 1609,1651 1654,1651 1699,1654 1743,1657 1788,1657 1794,1657"/>
                <TextEquiv>
                    <Unicode>Wirkl noch wird protes für halten müssen, so</Unicode>
                </TextEquiv>
            </TextLine>
            <TextLine id="tr_1_tl_22" custom="readingOrder {index:21;}">
                <Coords points="2164,1679 2331,1709 2463,1681 2555,1721 2791,1681 3290,1681 3290,1621 3246,1617 3135,1650 2966,1617 2755,1656 2406,1602 2262,1648 2164,1617"/>
                <Baseline points="2176,1675 2221,1678 2266,1681 2311,1678 2355,1678 2400,1678 2445,1675 2490,1678 2535,1678 2579,1678 2624,1678 2669,1681 2714,1681 2759,1681 2803,1681 2848,1681 2893,1681 2938,1681 2983,1678 3027,1678 3072,1678 3117,1678 3162,1675 3206,1675 3251,1675 3296,1675"/>
                <TextEquiv>
                    <Unicode>an Balin aber noch mit kraussesten.</Unicode>
                </TextEquiv>
            </TextLine>
            <TextLine id="tr_1_tl_23" custom="readingOrder {index:22;}">
                <Coords points="370,1740 865,1778 1078,1752 1155,1794 1784,1765 1742,1684 1679,1723 1445,1671 1180,1727 894,1681 779,1723 520,1673 370,1700"/>
                <Baseline points="382,1728 426,1731 471,1734 516,1737 561,1740 606,1746 650,1749 695,1749 740,1752 785,1752 830,1749 874,1749 919,1749 964,1749 1009,1752 1054,1749 1098,1752 1143,1752 1188,1755 1233,1752 1278,1749 1322,1746 1367,1746 1412,1746 1457,1746 1501,1743 1546,1743 1591,1743 1636,1746 1681,1749 1725,1749 1770,1752 1788,1755"/>
                <TextEquiv>
                    <Unicode>ist doch kein Grund zur Besorgnis mehr. Im</Unicode>
                </TextEquiv>
            </TextLine>
            <TextLine id="tr_1_tl_24" custom="readingOrder {index:23;}">
                <Coords points="2176,1788 3384,1819 3605,1778 3605,1694 3494,1723 3369,1665 2724,1757 2415,1717 2300,1755 2176,1702"/>
                <Baseline points="2188,1776 2221,1776 2266,1779 2311,1776 2355,1779 2400,1782 2445,1782 2490,1779 2535,1779 2579,1779 2624,1779 2669,1779 2714,1779 2759,1779 2803,1776 2848,1779 2893,1779 2938,1779 2983,1779 3027,1782 3072,1782 3117,1779 3162,1779 3206,1779 3251,1776 3296,1776 3341,1776 3386,1776 3430,1773 3475,1770 3520,1770 3565,1770 3610,1770"/>
                <TextEquiv>
                    <Unicode>Dan Sie sich in dem lechspielhafter Gebilde</Unicode>
                </TextEquiv>
            </TextLine>
            <TextLine id="tr_1_tl_25" custom="readingOrder {index:24;}">
                <Coords points="389,1865 1809,1869 1807,1819 1617,1784 1310,1778 1224,1823 1107,1773 988,1821 386,1773"/>
                <Baseline points="397,1824 441,1830 486,1836 531,1839 576,1839 621,1842 665,1842 710,1842 755,1845 800,1842 845,1842 889,1842 934,1842 979,1842 1024,1845 1068,1848 1113,1848 1158,1848 1203,1848 1248,1848 1292,1845 1337,1842 1382,1845 1427,1842 1472,1842 1516,1842 1561,1842 1606,1845 1651,1845 1696,1848 1740,1851 1785,1854 1815,1857"/>
                <TextEquiv>
                    <Unicode>Sept. wird er unwirklich heirathen können</Unicode>
                </TextEquiv>
            </TextLine>
            <TextLine id="tr_1_tl_26" custom="readingOrder {index:25;}">
                <Coords points="2212,1897 3591,1897 3591,1849 3511,1821 2974,1828 2912,1863 2849,1828 2646,1853 2582,1821 2492,1863 2212,1834"/>
                <Baseline points="2224,1866 2269,1872 2314,1875 2358,1875 2403,1878 2448,1881 2493,1884 2538,1884 2582,1884 2627,1881 2672,1881 2717,1878 2762,1872 2806,1872 2851,1872 2896,1878 2941,1878 2986,1881 3030,1881 3075,1878 3120,1881 3165,1878 3209,1878 3254,1878 3299,1881 3344,1878 3389,1878 3433,1878 3478,1875 3523,1878 3568,1878 3595,1878"/>
                <TextEquiv>
                    <Unicode>bstachen freut sich, trotz der aufsiehnden</Unicode>
                </TextEquiv>
            </TextLine>
            <TextLine id="tr_1_tl_27" custom="readingOrder {index:26;}">
                <Coords points="403,1940 1032,1947 1084,1984 1890,1966 1888,1899 1742,1876 1523,1922 1211,1884 1151,1926 403,1880"/>
                <Baseline points="415,1920 459,1922 504,1928 549,1934 594,1934 639,1937 683,1940 728,1943 773,1943 818,1946 862,1943 907,1943 952,1943 997,1943 1042,1943 1086,1946 1131,1946 1176,1949 1221,1949 1266,1949 1310,1949 1355,1946 1400,1946 1445,1943 1490,1943 1534,1946 1579,1943 1624,1943 1669,1943 1713,1946 1758,1946 1803,1955 1848,1958 1893,1961 1896,1961"/>
                <TextEquiv>
                    <Unicode>Ampeblichkeit ist aus Ritter hier auch schliesste</Unicode>
                </TextEquiv>
            </TextLine>
            <TextLine id="tr_1_tl_28" custom="readingOrder {index:27;}">
                <Coords points="2243,1974 2609,2032 2697,1988 2889,1984 3532,2016 3515,1924 3444,1961 3384,1928 3141,1961 3060,1926 2784,1957 2243,1936"/>
                <Baseline points="2254,1967 2299,1967 2344,1970 2388,1976 2433,1979 2478,1982 2523,1982 2567,1982 2612,1982 2657,1979 2702,1976 2747,1973 2791,1976 2836,1976 2881,1976 2926,1979 2971,1982 3015,1982 3060,1982 3105,1982 3150,1982 3195,1979 3239,1982 3284,1982 3329,1982 3374,1982 3418,1982 3463,1982 3508,1985 3538,1985"/>
                <TextEquiv>
                    <Unicode>und hoffentlich ist wieder vorziehender</Unicode>
                </TextEquiv>
            </TextLine>
            <TextLine id="tr_1_tl_29" custom="readingOrder {index:28;}">
                <Coords points="399,1982 437,1999 460,1988 510,1988 528,1999 543,1986 616,1999 614,1945 593,1947 562,1966 539,1957 524,1963 485,1957 462,1966 397,1940"/>
                <Baseline points="409,1982 453,1985 498,1985 543,1985 588,1985 621,1988"/>
                <TextEquiv>
                    <Unicode>sus annum</Unicode>
                </TextEquiv>
            </TextLine>
            <TextLine id="tr_1_tl_30" custom="readingOrder {index:29;}">
                <Coords points="453,2051 1830,2070 1830,2014 1667,1984 1567,2024 1487,1980 1324,2018 1107,1970 1053,2011 453,1988"/>
                <Baseline points="465,2024 510,2027 555,2027 600,2030 644,2030 689,2030 734,2036 779,2036 824,2036 868,2036 913,2036 958,2036 1003,2039 1048,2039 1092,2039 1137,2039 1182,2039 1227,2039 1272,2036 1316,2039 1361,2036 1406,2036 1451,2036 1495,2039 1540,2039 1585,2039 1630,2042 1675,2042 1719,2048 1764,2054 1809,2060 1833,2060"/>
                <TextEquiv>
                    <Unicode>vergleich mit sich, den Ring der starben Männer</Unicode>
                </TextEquiv>
            </TextLine>
            <TextLine id="tr_1_tl_31" custom="readingOrder {index:30;}">
                <Coords points="2291,2089 2636,2082 2713,2122 2820,2074 3104,2114 3373,2068 3611,2095 3614,2014 3361,1988 3098,2030 3010,1986 2720,2057 2642,2020 2477,2051 2293,2011"/>
                <Baseline points="2302,2066 2347,2069 2391,2075 2436,2078 2481,2081 2526,2084 2570,2084 2615,2081 2660,2081 2705,2075 2750,2075 2794,2072 2839,2072 2884,2075 2929,2078 2974,2078 3018,2078 3063,2078 3108,2078 3153,2072 3198,2069 3242,2069 3287,2069 3332,2066 3377,2066 3421,2066 3466,2066 3511,2066 3556,2066 3601,2069 3616,2069"/>
                <TextEquiv>
                    <Unicode>Wolken sehr; Ihre Frau, die ich haarich</Unicode>
                </TextEquiv>
            </TextLine>
            <TextLine id="tr_1_tl_32" custom="readingOrder {index:31;}">
                <Coords points="443,2189 1140,2145 1550,2208 1727,2160 1867,2179 1830,2093 1489,2122 1418,2085 441,2085"/>
                <Baseline points="453,2108 498,2111 543,2117 588,2123 633,2126 677,2132 722,2134 767,2134 812,2137 856,2137 901,2140 946,2140 991,2137 1036,2140 1080,2143 1125,2143 1170,2140 1215,2143 1260,2143 1304,2143 1349,2143 1394,2140 1439,2143 1484,2146 1528,2146 1573,2146 1618,2149 1663,2152 1707,2152 1752,2158 1797,2161 1842,2164 1872,2170"/>
                <TextEquiv>
                    <Unicode>von Agnetendorf. Alles geässt Sie aufs Schönste</Unicode>
                </TextEquiv>
            </TextLine>
            <TextLine id="tr_1_tl_33" custom="readingOrder {index:32;}">
                <Coords points="2314,2199 2814,2170 2974,2214 3530,2158 3649,2199 3651,2110 3332,2126 3271,2085 2897,2151 2807,2101 2697,2143 2314,2124"/>
                <Baseline points="2326,2170 2355,2173 2400,2176 2445,2176 2490,2179 2535,2176 2579,2176 2624,2176 2669,2173 2714,2167 2759,2170 2803,2170 2848,2170 2893,2173 2938,2173 2983,2173 3027,2176 3072,2173 3117,2170 3162,2167 3206,2164 3251,2161 3296,2158 3341,2158 3386,2158 3430,2158 3475,2158 3520,2158 3565,2158 3610,2161 3654,2167"/>
                <TextEquiv>
                    <Unicode>grurk, soll Ihnen nur gute Sachen hohen</Unicode>
                </TextEquiv>
            </TextLine>
            <TextLine id="tr_1_tl_34" custom="readingOrder {index:33;}">
                <Coords points="1280,2281 1308,2279 1316,2285 1335,2277 1345,2283 1354,2279 1360,2283 1374,2275 1381,2279 1389,2270 1414,2262 1410,2189 1395,2193 1381,2189 1358,2172 1343,2168 1333,2174 1314,2168 1299,2183 1274,2181"/>
                <Baseline points="1289,2230 1334,2230 1379,2236 1415,2236"/>
                <TextEquiv>
                    <Unicode>Mr</Unicode>
                </TextEquiv>
            </TextLine>
            <TextLine id="tr_1_tl_35" custom="readingOrder {index:34;}">
                <Coords points="2329,2277 2519,2316 2661,2273 3133,2316 3246,2262 3607,2279 3609,2229 3359,2189 2912,2245 2331,2206"/>
                <Baseline points="2341,2269 2358,2266 2403,2269 2448,2269 2493,2272 2538,2272 2582,2272 2627,2272 2672,2272 2717,2272 2762,2272 2806,2272 2851,2275 2896,2278 2941,2278 2986,2278 3030,2278 3075,2275 3120,2269 3165,2266 3209,2263 3254,2260 3299,2257 3344,2257 3389,2257 3433,2254 3478,2257 3523,2257 3568,2260 3613,2263"/>
                <TextEquiv>
                    <Unicode>die nicht inderholigtes Yrblick machen.</Unicode>
                </TextEquiv>
            </TextLine>
            <TextLine id="tr_1_tl_36" custom="readingOrder {index:35;}">
                <Coords points="1358,2335 1372,2333 1387,2346 1410,2329 1422,2339 1431,2333 1452,2350 1477,2350 1512,2373 1525,2369 1514,2233 1477,2241 1462,2254 1454,2247 1437,2250 1422,2262 1397,2264 1383,2277 1354,2279"/>
                <Baseline points="1367,2326 1412,2326 1457,2329 1501,2335 1525,2335"/>
                <TextEquiv>
                    <Unicode>S B</Unicode>
                </TextEquiv>
            </TextLine>
            <TextLine id="tr_1_tl_37" custom="readingOrder {index:36;}">
                <Coords points="2337,2379 3693,2387 3691,2319 3563,2319 3490,2266 3334,2319 3177,2289 2870,2346 2820,2310 2603,2352 2461,2283 2335,2304"/>
                <Baseline points="2347,2352 2391,2355 2436,2358 2481,2358 2526,2361 2570,2364 2615,2367 2660,2370 2705,2370 2750,2370 2794,2373 2839,2373 2884,2373 2929,2373 2974,2376 3018,2376 3063,2373 3108,2370 3153,2364 3198,2364 3242,2361 3287,2358 3332,2358 3377,2361 3421,2361 3466,2364 3511,2361 3556,2367 3601,2373 3645,2379 3690,2385 3696,2382"/>
                <TextEquiv>
                    <Unicode>so weds aus werden. Am den Tanninger</Unicode>
                </TextEquiv>
            </TextLine>
            <TextLine id="tr_1_tl_38" custom="readingOrder {index:37;}">
                <Coords points="2371,2456 2511,2488 2964,2467 3039,2506 3202,2511 3361,2463 3457,2513 3599,2496 3597,2413 3352,2375 2697,2448 2538,2377 2371,2410"/>
                <Baseline points="2382,2436 2427,2442 2472,2445 2517,2451 2561,2454 2606,2460 2651,2463 2696,2463 2741,2463 2785,2463 2830,2463 2875,2463 2920,2460 2965,2463 3009,2463 3054,2466 3099,2466 3144,2466 3189,2469 3233,2466 3278,2466 3323,2463 3368,2463 3413,2466 3457,2469 3502,2472 3547,2478 3592,2487 3604,2487"/>
                <TextEquiv>
                    <Unicode>stoff wollen wir nicht vergessen, Frau Olga,</Unicode>
                </TextEquiv>
            </TextLine>
            <TextLine id="tr_1_tl_39" custom="readingOrder {index:38;}">
                <Coords points="489,2502 660,2523 794,2500 988,2557 1044,2525 1130,2534 1166,2494 1381,2509 1374,2415 1168,2423 1115,2458 1019,2421 863,2448 813,2415 637,2413 480,2371"/>
                <Baseline points="498,2457 543,2460 588,2466 633,2469 677,2475 722,2478 767,2481 812,2484 856,2487 901,2490 946,2493 991,2493 1036,2499 1080,2499 1125,2499 1170,2502 1215,2502 1260,2502 1304,2502 1349,2508 1385,2505"/>
                <TextEquiv>
                    <Unicode>by 19. his, dann in Berlin</Unicode>
                </TextEquiv>
            </TextLine>
            <TextLine id="tr_1_tl_40" custom="readingOrder {index:39;}">
                <Coords points="2373,2575 2448,2544 3595,2596 3593,2525 3419,2498 2958,2486 2837,2532 2690,2481 2373,2511"/>
                <Baseline points="2385,2532 2430,2535 2475,2541 2520,2544 2564,2547 2609,2550 2654,2556 2699,2559 2744,2556 2788,2559 2833,2559 2878,2559 2923,2556 2968,2559 3012,2556 3057,2556 3102,2556 3147,2559 3192,2559 3236,2561 3281,2561 3326,2561 3371,2564 3415,2567 3460,2567 3505,2567 3550,2570 3595,2576"/>
                <TextEquiv>
                    <Unicode>und an Zeit zu Zeit hützt begesam¬</Unicode>
                </TextEquiv>
            </TextLine>
            <TextLine id="tr_1_tl_41" custom="readingOrder {index:40;}">
                <Coords points="2398,2640 2477,2674 2859,2667 2928,2713 3037,2665 3179,2699 3703,2676 3703,2609 3607,2598 3311,2630 3075,2588 2997,2638 2912,2596 2832,2632 2630,2582 2398,2603"/>
                <Baseline points="2409,2636 2454,2639 2499,2642 2544,2648 2588,2648 2633,2654 2678,2657 2723,2657 2768,2657 2812,2660 2857,2663 2902,2660 2947,2654 2991,2654 3036,2651 3081,2651 3126,2651 3171,2651 3215,2654 3260,2654 3305,2657 3350,2660 3395,2660 3439,2660 3484,2663 3529,2663 3574,2663 3619,2666 3663,2666 3708,2666"/>
                <TextEquiv>
                    <Unicode>Iste Einsamer Weg lerstet mir die verleidete</Unicode>
                </TextEquiv>
            </TextLine>
            <TextLine id="tr_1_tl_42" custom="readingOrder {index:41;}">
                <Coords points="2400,2738 2527,2780 2983,2761 3204,2805 3398,2763 3637,2778 3634,2680 3137,2711 3014,2667 2926,2713 2826,2669 2555,2713 2398,2669"/>
                <Baseline points="2412,2732 2457,2732 2502,2735 2547,2738 2591,2744 2636,2747 2681,2750 2726,2753 2771,2753 2815,2756 2860,2756 2905,2759 2950,2756 2994,2756 3039,2756 3084,2756 3129,2756 3174,2756 3218,2756 3263,2759 3308,2762 3353,2762 3398,2762 3442,2762 3487,2762 3532,2765 3577,2765 3622,2768 3642,2768"/>
                <TextEquiv>
                    <Unicode>schlussene des I. Aktes zugezeit ein der</Unicode>
                </TextEquiv>
            </TextLine>
            <TextLine id="tr_1_tl_43" custom="readingOrder {index:42;}">
                <Coords points="2417,2845 2609,2885 3369,2857 3710,2895 3708,2793 3538,2761 3183,2811 2983,2763 2415,2784"/>
                <Baseline points="2427,2833 2472,2833 2517,2836 2561,2836 2606,2839 2651,2842 2696,2845 2741,2845 2785,2848 2830,2848 2875,2851 2920,2851 2965,2848 3009,2851 3054,2851 3099,2854 3144,2851 3189,2851 3233,2851 3278,2854 3323,2854 3368,2854 3413,2857 3457,2857 3502,2857 3547,2860 3592,2863 3636,2866 3681,2869 3714,2875"/>
                <TextEquiv>
                    <Unicode>ich ailfass eine Miskahrt in Puttihen¬</Unicode>
                </TextEquiv>
            </TextLine>
            <TextLine id="tr_1_tl_44" custom="readingOrder {index:43;}">
                <Coords points="2417,2956 2515,2968 2573,2926 2709,2974 2843,2939 3267,2945 3355,2995 3591,2951 3699,2972 3699,2920 3563,2874 3419,2916 3133,2870 2795,2905 2717,2870 2415,2876"/>
                <Baseline points="2427,2926 2472,2926 2517,2926 2561,2926 2606,2929 2651,2929 2696,2932 2741,2932 2785,2935 2830,2938 2875,2938 2920,2941 2965,2941 3009,2941 3054,2941 3099,2941 3144,2941 3189,2944 3233,2944 3278,2944 3323,2947 3368,2947 3413,2947 3457,2950 3502,2950 3547,2950 3592,2950 3636,2953 3681,2956 3705,2959"/>
                <TextEquiv>
                    <Unicode>traf welcher Art die Besichung der Beren¬</Unicode>
                </TextEquiv>
            </TextLine>
            <TextLine id="tr_1_tl_45" custom="readingOrder {index:44;}">
                <Coords points="2404,3058 2613,3016 3277,3083 3720,3056 3718,2999 3543,2960 3386,3002 3223,2947 2997,2993 2402,2958"/>
                <Baseline points="2415,3012 2460,3012 2505,3015 2550,3015 2594,3018 2639,3018 2684,3018 2729,3021 2774,3021 2818,3024 2863,3024 2908,3027 2953,3027 2997,3027 3042,3030 3087,3030 3132,3030 3177,3033 3221,3036 3266,3036 3311,3036 3356,3039 3401,3039 3445,3039 3490,3039 3535,3039 3580,3039 3625,3039 3669,3042 3714,3039 3723,3039"/>
                <TextEquiv>
                    <Unicode>ist! Die Wothwendigkeit, für an E. Acht</Unicode>
                </TextEquiv>
            </TextLine>
            <TextLine id="tr_1_tl_46" custom="readingOrder {index:45;}">
                <Coords points="2425,3119 2855,3150 2899,3114 3119,3169 3246,3133 3614,3129 3611,3062 3167,3098 3037,3052 2891,3091 2776,3039 2423,3060"/>
                <Baseline points="2436,3096 2481,3099 2526,3102 2570,3102 2615,3108 2660,3111 2705,3111 2750,3114 2794,3114 2839,3114 2884,3114 2929,3117 2974,3117 3018,3120 3063,3120 3108,3120 3153,3123 3198,3123 3242,3126 3287,3123 3332,3123 3377,3120 3421,3120 3466,3120 3511,3120 3556,3120 3601,3120 3619,3120"/>
                <TextEquiv>
                    <Unicode>etwas zu thun, sei’s auch durch den</Unicode>
                </TextEquiv>
            </TextLine>
            <TextLine id="tr_1_tl_47" custom="readingOrder {index:46;}">
                <Coords points="2427,3235 2502,3219 2634,3263 2801,3206 2979,3244 3108,3212 3225,3269 3284,3223 3641,3208 3641,3167 3348,3137 2928,3185 2722,3129 2676,3156 2427,3119"/>
                <Baseline points="2439,3189 2484,3189 2529,3192 2573,3195 2618,3198 2663,3201 2708,3198 2753,3198 2797,3201 2842,3203 2887,3206 2932,3206 2977,3209 3021,3209 3066,3212 3111,3212 3156,3215 3201,3215 3245,3212 3290,3212 3335,3209 3380,3206 3424,3206 3469,3203 3514,3203 3559,3203 3604,3201 3645,3198"/>
                <TextEquiv>
                    <Unicode>Monolog”, wurde dadurch freilich nicht</Unicode>
                </TextEquiv>
            </TextLine>
            <TextLine id="tr_1_tl_48" custom="readingOrder {index:47;}">
                <Coords points="2458,3346 2732,3309 2811,3352 3075,3304 3662,3311 3649,3240 3446,3265 3284,3221 3133,3281 2918,3233 2822,3265 2684,3223 2632,3263 2458,3240"/>
                <Baseline points="2469,3284 2514,3290 2559,3293 2603,3296 2648,3299 2693,3302 2738,3302 2782,3302 2827,3305 2872,3305 2917,3305 2962,3302 3006,3302 3051,3302 3096,3299 3141,3299 3186,3302 3230,3299 3275,3299 3320,3293 3365,3290 3410,3290 3454,3287 3499,3287 3544,3290 3589,3287 3633,3287 3666,3287"/>
                <TextEquiv>
                    <Unicode>aufgehoben. - Ich lasse die Hoffnung auf</Unicode>
                </TextEquiv>
            </TextLine>
        </TextRegion>
    </Page>
</PcGts>
