3994 4055
2255 342 2380 459 1,1
2517 638 2672 782 186
1919 731 2439 903 Tessing=Theater
2634 757 3494 900 Berlin plW. 40, den 29.10 90.5
131 780 1831 922 Sol Aeste Stelle im Walde, wenn diese Ertennächter
2088 826 2257 913 Direction,
1987 907 2363 996 Dr. Otto Brahm.
159 919 1746 1034 nicht willen. - Da archent es nämlich eintiger,
2143 977 2230 1059 K-
186 989 1797 1163 reliefig und jet nichtes an thun, und die Geschluß
203 1120 1761 1270 meiday du Frage, ob ick 1906 avec l'etre
2300 1190 3606 1363 Pieter Freund, Sie dichten eherst prompt
213 1249 1824 1353 1907 met bien gehen soll noch offen en lassen.
2325 1315 3509 1501 wie hare; verliessen wir also die ihn
247 1357 1843 1505 Wenn ich gehe, hoffe ich unserer Abrede gewiss
2331 1454 3581 1579 der Zwischenspiele eine Zwirschenspiel hiermit
271 1494 1723 1634 wir esx auf den Einsamen Weg, mit den
2355 1539 3568 1691 an, auch wenn nicht alle meine Bläthen.
304 1617 1581 1740 bewusten hliren, erlegten den Lisstern.
2348 1661 3500 1795 tienne reiften, und verlassen mir uns
290 1746 1699 1894 Morgen Margher mir und desarrangiren
2355 1778 3500 1902 auf die innerexte Schrift (uhr den
311 1862 1220 1993 die Auseus nicht bicilie
2361 1890 3524 2044 Magnétismis) au Diege, die sich in
2405 2008 3488 2158 der Burg zu wunderkantste bewährt.
1239 2050 1513 2188 Glüslin,
2496 2137 3634 2287 Die Notiz über den Ruf wenig ich
1454 2148 1600 2243 Thr
2408 2219 3627 2380 Ihnen so wenig in erklären, wie Sie seit.
1520 2241 1864 2372 O'Berlin
2420 2321 3636 2496 Ich habe mehr directen noch indiresten
2441 2418 3568 2572 Theil darin. In Wien ist ich nur
2463 2515 3625 2676 2 Stuyden, sprch Neemanden als den
2456 2627 3562 2799 Zahlhellad im Impezial. Wenn Sie
2452 2735 3534 2889 Gelegenheit finden, die Herren in
2479 2839 3576 3014 gaikstheate in af enklären than
2515 2959 3627 3111 Sie's kosten tritt. Von den Wiedndern
2490 3071 3568 3234 habe ich gar wichts gelieb; es
2509 3194 3608 3333 hängte mit einem Wort die ab¬
