4029 4151
120 1017 1119 1174 night my. Doch wie Sie wollen
137 1113 1571 1292 ?    Heer Gruss aufs Besse;
145 1227 1643 1374 und ich hätte ihm gegen meene exalisten
145 1346 1676 1453 Grüsse auszwirkten. Hoffentlich hält die gute
147 1449 1666 1592 prodesterre Stramay, in her Ia wich vorlassen
170 1540 1609 1691 habe kein Rudeln und Ortswünsche wobei
210 1632 1630 1823 an! Ich Sie fleißig; mit dem Driege wird
206 1747 1571 1928 es woll vorerst rekts werden und wie
199 1874 993 2008 worden procesiden nissen.
1035 1943 1454 2142 Hentish yor
1393 2119 1729 2289 "Boulun"
2924 597 3075 748 112
2873 727 3438 867 Berlin, N.20., den
3621 733 3797 857 190
3090 828 3615 975 Kalsted Villa
3115 954 3718 1086 Charlotte 19.7.02
2665 1306 3340 1449 Lieber Herr Schritels,
2499 1527 3697 1685 nte erhätte eben Ihren Brief von 9.
2478 1624 3756 1802 aus dem hervorzugehen scheint, dass Sie nicht
2481 1733 3722 1878 nach meinem Gebäcker aus et grooten darf.
2493 1842 3701 1977 in welchem ich Sie zum Geduld mit
2483 1918 3751 2105 Nahricht hat und einmal geschrieben
2478 2052 3755 2210 und um Beschleunigung lernet haben.
2487 2123 3768 2338 Ist diese Annahne hirltig, so erkläre
2481 2245 3741 2443 in feidlich: xxx xyz erbetten;
2476 2346 3840 2556 Auf keinen Fall über sollten Sie anschnei¬
2493 2457 3703 2611 dan ist auf Ihre freundliche Absicht
2472 2554 3630 2756 in Beattie in en verturem dirk¬
2491 2640 3674 2855 bekentnung volles Schweigen antworten.
2485 2762 3653 2939 würde: oder seit wenn keiner Sie
2455 2848 3644 3069 nicht als einen solchen Flepl? Ein
2441 2960 3751 3199 Hindes mieder bin ich ja, das ist woll
2428 3041 3821 3279 wahr und ein, breche servisch Merak
