3835 4121
2476 662 3398 828 Berlin N.W., den 19/5 1897
126 727 1536 934 Konnte weitergebieten, von ad die mit
162 893 1612 1051 schreiben? (da hoffertlich ist es froh,
164 999 1747 1147 wie die kleinen Landrückbaren Ihirnen durch
195 1128 1668 1230 der In Huokfelds Hurchold redlohten
436 1224 576 1311 treten
2379 1208 3168 1346 Lieber Herr Schütels
570 1226 1553 1382 Sie sonst an, ist meine
177 1240 576 1354 Oder was
189 1348 1528 1494 astrielsch: für sich an? Beloht es
221 1463 1496 1587 Ihren Theffersmuth nicht zwelte, den
2123 1465 3306 1611 schon sehr oft wollt ich Ihnen
250 1549 1555 1681 & Frivild in undussioen Monat
2121 1555 3436 1707 schreiben; und dieser witte hätte sich
252 1642 1583 1784 Hei wieder Sie uns verkennen ist, zwei
2143 1683 3507 1798 an That in diktet nesdem ich jetzt
256 1758 1668 1908 Mal jurend begrüsst? Ilsa hährt
2133 1770 3497 1892 in Wien van die Freide kam, I have
270 1881 1658 2019 flising, men Heir and casturn cesse- :
2155 1877 3519 2007 die Hand im schitteln. Auf der Künf¬
282 1995 1569 2131 schreiben he ine Bonterrolle for he
2135 1975 3517 2139 reise aber habe ich mich einen etiligen
290 2064 1652 2196 Gesch schrifft die ist meilich wieder in
2159 2101 3560 2235 Katarrk geholt ud miss dan dorffen
325 2192 1547 2320 sind Matinée, toi, Guten Morgen,
2166 2200 3422 2320 M r alst, gerent Dertstes Theater,
1575 2206 1695 2302 Am
2190 2302 3418 2427 einige Tage fern bleiben: die beste
288 2273 1542 2440 Fischer, als eine fausse Sontrette
331 2413 804 2502 erwiesen hat.
2200 2389 3536 2555 Gelegenheit, Briefschulden en zahlen, und
349 2498 1642 2640 Vor Her Schalert über Tritt hat
2188 2492 3550 2667 wust Ihnen will ich den the fay maken.
2208 2600 3448 2748 Sollte ich einigen Unsern schreiben, so
357 2616 1634 2742 ick prompt eingestellt, a find also
2220 2712 3538 2862 wundern Sie sich bitte nicht; ich könne
296 2718 1601 2839 I schon bei Gerich sein küsmet, als
2247 2811 3394 2957 an den Bett und hin noch recht
375 2797 1530 2959 welcher das Stich für redissitutetel
2257 2919 2478 3026 natt.
394 2898 1565 3034 verklärte. Dan Sie mir von Paris
400 3002 1681 3140 ein gutes Stich mitbringen, dagegen hat
2247 2981 3426 3152 Alter genug von ein- was ziehen
408 3097 1741 3225 est que restes; une ma du Févisson
2271 3077 3495 3268 trester, schreiben Sie? Dr. Lee frisle
422 3188 1774 3324 nicht in erflaßt schon wären. Oder haben
