4015 4087
1246 322 1348 463 V.
2500 340 2731 465 1:4:4
2703 652 2842 771 194
2081 688 2606 877 Hissing=Theater
328 714 1868 857 nicht die Gestalt schöne etwas Verletzendes
2795 714 3645 865 Berlin plW. 40, den 27. 1 1906
2260 811 2431 896 Direction
328 821 1942 946 wenn ein Kind sie spielt, und ich meine, dass 1-2
2157 879 2532 974 Dr. Otto Brahm.
958 916 1254 986 auchdurf
336 928 1932 1044 Ich he alt sich int, so verdablich sin keinen
2286 958 2401 1077 *
372 1022 1894 1187 wie 2-3) aber in jung. In Eiligen wiederhole ich
368 1133 1988 1256 Ihnen dass ich nicht Frau K. geprührt in seiner
2661 1179 3073 1318 Liebe Freund
386 1246 1914 1371 Wise getunden haben, und dass es ja sie Ihnen
1622 1316 1783 1397 Feber
392 1358 1964 1497 steht schon die Armykprote am 5. ten kommen
2399 1389 3755 1534 Sie höchten sich Frl. O um, transponiren
425 1449 1862 1594 (in welchem Falle Sie einen historischen Tuf
2407 1517 3681 1662 sie in ein Eichnes Lebensalter - und sie
443 1564 1956 1727 die mir sollehen mössten). Sie können ja dann
2429 1638 3735 1791 blikt der 16jährig, obtelegen Sie einmal¬
447 1676 2006 1809 fortfallen mit deutste Städte wie H.ldes heim¬
2461 1765 3673 1866 welchen Grund sollte ich haben Ihnen
487 1789 1986 1926 etc. bischen. - Die! Aufführung derbe ich auf
2481 1882 3721 2004 Wünsche entgegen zu sich, wenn nicht den
477 1908 1924 2075 den 24. Fehr also heiße in 4 Wochen, anen-
2487 2002 3792 2121 säxlichsten: den Geburts wegens, der Tippe
3369 2008 3504 2077 in
513 2037 763 2115 sethen.
2500 2113 3683 2244 Ain junges vielesstes Mitglück hat
531 2123 1982 2256 Nun no in andere, wichtyd Picht. Ihr
2493 2208 3673 2345 Derfei sieck (Gott sie Lot in Mr
543 2236 1902 2359 haare Hee Verliebe for Sam - that most
2524 2337 3761 2481 Höh) hier ist sie schön und durch¬
572 2345 1942 2498 hete deshalb geregert. Ihnen im sagen, dass
2524 2435 3755 2578 I de Rolle – weshalt in aller Welt,
582 2431 2004 2596 4. Wert angeziffen ist, nach durch eine Pre-
2520 2566 3693 2689 sollte ich sie nicht mit dieser
572 2594 2019 2707 nicht mit ihm geradern ein Krapis, wie
610 2683 2000 2838 Das hat sich mehrte in Pippe geregt, wie
2524 2679 3701 2815 Rolle mittelbringen wollen, wenn sie ihr
2568 2795 3769 2932 genehjen’ will. Breshalb sollte ich
624 2820 2013 2964 a so gehemmt war, dass Hauptm which
2554 2894 3814 3029 einen Geschwerden, wenn ist im Hause
638 2924 1970 3041 sazweifelk und ahtich: nie wieder S.
2751 3001 3842 3142 lassenkeiten. Geteckenbar aus meiner
668 3031 1946 3168 in eine Haupterkei des Prof. Lararns
2580 3043 2848 3117 ährten
654 3119 2055 3280 meate, als V. einmal, stolpern dachte: wie
2588 3125 3733 3264 Tante lupa, man ich es später
2632 3226 3731 3359 heinigte? Aber es geht unerlasset
662 3254 2073 3379 er hinpfallen et mir nicht nieder aufgestanden
