7680 4136
250 872 1750 982 es und für die zu hinderleicht sein, durch
248 930 1806 1102 in paar Infalls interpa, à la : Istann die
287 1020 1776 1197 oder: Her Doctor, ich hätte / um es gene rok
667 1165 1668 1299 und etwas nicht Leben in Dress
665 1225 1303 1364 Wirkt is in sdr. and for ye
1292 1241 1670 1327 Gisble Geskow
287 1193 1124 1389 Doctrum in bringen.
1292 1290 1838 1411 245 ist da blosse
321 1323 1784 1536 "Friedhof" innefährend es sollte hiergefugt
857 1448 1739 1638 am Fiebet dage. 3d T. 315.
164 1458 1051 1631 gesagt sein: neu 2. Mal, etc.
302 1579 1730 1737 l'esse sich vielleicht s'estiger: jetzt' rasche
339 1646 1653 1827 Sie Sie, jetzt zum ersten Mal. Sollen
330 1756 1853 1972 Ferdinand und Fransische damit geschiedene
350 1858 1685 2047 Lerck sich? Wenn ja, so wäre eine
367 1974 1750 2175 Bordenbischung sehr gut: solche Taken
380 2067 1601 2246 will das liebe Publihum immer werden
533 2209 1724 2403 Nun aba die prakterte Frage. Der
375 2272 1799 2496 Sie an dem altmodirten Antweren Geleiten die
403 2399 1717 2611 ihre Thühe ist abschreiten hatum, statt sie
412 2505 1685 2686 in Druck im Geben, so werde ich – ohne
414 2621 1726 2809 auf etwaige ihr dehnen in wertens, die dann
414 2706 1748 2904 nokantragen wären währen, Copien nehmen
421 2818 1840 3025 lassen und Botten ausschreiben Da Johannes
449 2930 1817 3111 geht angeblichlich riesig, und es länst sich
438 3021 1845 3215 riht absehen wie ritt dem Freyerung der Irna
453 3094 1832 3323 Ende Februar, es ist ihn angeheur wird.
462 3223 1748 3379 Deshalb fah ich einigerst mit Neu¬
479 3279 1847 3467 instituiren an, Bährnde? und, Ros¬
2002 861 3586 992 Gesammt von, Kunstabsicht, wie ist vielleicht das
2045 936 3517 1128 Stücke nicht an allem Puchten fertig?) -
2050 1046 3569 1245 Das lange Vorweilen des Kindes auf an Gene
2063 1165 3603 1346 im D. Mit ist vielleicht bedurklich, näml des
2060 1247 3512 1441 Hinmessen auf den Buben, (I. 147. n.i.) Am
2093 1374 3469 1530 meisten stillstehend und eine belebenden
2086 1454 3543 1644 Retourte bedürftig erkent mir die Frau
2104 1573 3592 1754 Betty – Eune T. 160 ff., in das Gespräch ufor¬
2099 1687 3599 1853 los wird. Und sehr nittlich für die Röhre
2117 1791 3558 1942 wäre es, wenn die Meckheit an Bestimter¬
2097 1875 3581 2071 beit der Bettung gleich im Anfang sehr würde,
2125 1987 3543 2136 sonst fürkte ich, wenn sie das Geblichen
2142 2088 3493 2246 ihn den Charakter hierken, wie ich es
2164 2177 3549 2354 gethan habe, und der Schluss in Fällen¬
2160 2272 3558 2408 lassen der Trin, entfärst. Die immer x
1896 2280 2106 2406 Enne
2164 2380 3625 2554 erschien wir in Ihre Geschlung aus Leistin
1892 2380 2091 2466 Betr
1883 2449 2084 2537 hinter
2181 2475 3534 2639 ga, und die Frau mit Fakimand sollte
1883 2522 2082 2611 ssch als
2188 2567 3581 2736 ausgütiger sie: diese bilden Gestalten ver¬
1888 2580 2114 2701 Entrist
1883 2669 3340 2837 tigern tragen m. o. noch eine
3096 2706 3471 2833 Besicht der
1894 2768 3629 2949 gleich sonst einiger schwehrdistische von Glau. Lichter
1901 2846 3594 3057 exprimiren. Aufschr. eher missten Sie ist hüten, dabei
2170 2995 3515 3143 us d'achtigte. Heiretigste ¬)prathen was
2170 3074 3549 3234 Thun 2.B n. Fadenand 9.1821. Ich
2166 3208 3584 3351 denke, nachdem... 1) sind Anna 9.192
2138 3264 3543 3480 (Gönnen die ihr doch in) gestorben ist:
3974 857 5569 982 sollten doch die Gerstel heftiger aufhanden.
3989 964 5564 1109 plating a.B. Fadriand and Eune, - other she
4004 1061 5562 1202 ich nich in dieselbeten und Anwieder verließ,
4035 1169 5616 1284 will ste Ihnen kok noch mal sagen, wie with her
4045 1258 5562 1402 meuchliche mit d'setärzte Gebalt des Gansen
4056 1357 5581 1519 gefesselt und gegriffen hat; esse habe mich an
4058 1443 5614 1625 an Stich einnt, das ich soll kiele, an allen¬
4080 1579 5521 1722 passents Musotte, in aus Gäte und
4117 1642 5556 1847 Travigheit gericht an rühren die Freunde gehen,
4309 1843 5528 1996 Ihr schütte also Ihnen Wurck gewiss
4110 1942 5592 2106 meine Notar, und das wie ich die anfällig auf¬
4160 2058 5638 2214 Elsch tiefen habe. Der Tisch gefällt nie noch
4177 2151 5657 2302 wie wir und sollte bleiben. In der Imposition
4201 2255 5653 2401 wt es ein bisser whenatisch, wie ein Ziek
4220 2369 5584 2505 nur die andere abgehandelt wird: als Hage¬
4222 2453 5601 2613 Agnes, dem Frau:- Fudinand. Die
4244 2574 5487 2727 fidlide Fimmy tes Gefang, lie
4265 2647 5409 2809 Rennen – Hiterhof Gattin Sie
4246 2768 5577 2926 lehhafter ersihet, als schon dergestalt.
4265 2893 5648 3033 Und wenn haben Sie das Deren von
4280 2962 5631 3156 Geschr und Toni fortgelesen; fürchten dieses
4293 3072 5584 3264 es sie in stark oder stimmung stöhrend?
4289 3180 5599 3368 (Dies ist er ein Beispiel dafür, wie Sie
4313 3301 5638 3476 kriftigere Schattirungen vermeiden. Ist das
6410 837 7314 962 Berlin N.20., den... 189
5961 1154 7340 1303 masselin an dem, wenn die Wurth des
5981 1273 7288 1422 Befolgs ist ausgerast hat, gegen Ende
5998 1387 7336 1530 März Ihr Stück zu bringen. Endenfalls
6028 1512 7323 1625 wenn es er spät würde, müsste ist es
6028 1588 7370 1745 in die rückste  schrieben. Und Sie damit
6030 1704 7353 1823 sinnerstenden, und wollen Sie sich über¬
6026 1763 7301 1953 lassen ja nicht der Lage der Dinge, das
6019 1892 7312 2030 for us Verkeilhafk in them and den
6019 1998 7392 2179 Termin anzuseten? Die selischen Vortrag
6039 2108 7340 2261 ochilke ist thun schild ich the E2.
6080 2222 6576 2371 i& imry rate.
6054 2309 7329 2462 Sir du Besitzung ist oberste Frye, we
6076 2416 7424 2554 es mit dem Dielehrt zu halten ist. Sie waren
6073 2516 7402 2662 s. Jn. nicht für selbigen, aber nicht Fya
6060 2617 7409 2785 würde sicher dadurch gewinnen Allerdings
6071 2710 7396 2859 Ritte ist ein einsamdertliche Tode an¬
6035 2781 7320 2986 der Lehmann, die kein Oesterreichische
6101 2893 7379 3081 ham; die Schneider inke verleitet, aber
6084 3010 7320 3156 etwas übernimmt. Sorgen herctet nicht
6112 3087 7299 3258 Lala noch im Überger wäre in diesen
6110 3178 7450 3351 Säm- wie Besichtungs-verklag: Professore
6140 3290 7385 3478 Müller; Boti, Pöllertz; Hege, Bittud
