3996 4152
2240 558 3691 738 sehr den Termin und ich aus ein¬
2242 657 3780 837 beste weit werden, wenn Sie will sind sehr
2288 808 3807 942 scham, die müssere nicht bald in eine etwas
2313 877 3817 1059 den wir haben zu uns gemeinsame Interesse,
2322 990 3754 1139 das Thüsse heransentlicher, Inhalt es festlich
2355 1114 3807 1248 ist, und da werden wir uns leitet einigen.
2540 1189 3759 1363 Thee work you has Neae, has Sir
2343 1311 3742 1454 bringen uns nicht kirchen. Wagen zu ge¬
2374 1416 3779 1579 heimniss wll, denn ich nicht wiss, voll ich
2410 1531 3775 1684 lächete oder traurig sein: als - auch aus¬
2433 1630 3735 1789 diesem Grunde, kammer die bald! – Vor
2435 1720 3708 1917 fayer one in them, which Marty she
2458 1890 3412 2024 16. mit den Autmergrößen in
2475 1915 3715 2139 Was meet dem du Huge? Ist
2506 2083 3717 2213 der arme Lord wieder ins Sterken¬
2542 2196 3478 2353 gekommen mit einen Arbeit?
2559 2301 3782 2446 dienstlich sollte ich nächstens nach
2540 2408 3769 2586 Brunn und Graz an den jungen
2546 2534 3786 2699 Talesten fahren; vielleicht soll ich
2571 2670 3178 2785 4te in Wien etc.
3198 2756 3693 2909 HJantiste Opeire
3370 2867 3543 2995 pres
3452 2968 3851 3102 F.D. Beylau
