4035 4088
1195 304 1362 483 "
235 690 1836 827 Vor und 3400, und das 2 wisserspiel ärgerte am
276 815 1798 935 asten Smehrd 1869, was nicht hinlasse dass die
288 935 1901 1066 meeste Vorstellung 841 erfuhres (tudes ohne Vorsteigt
310 1024 1450 1152 wie auch die Pitta- und 4te u. Ziffer /.
350 1110 1953 1269 Hoffentlese genossen, Ihnen nun diese desthetrochen
388 1233 1899 1384 Gründe und die Befremdung wischt der Ge¬
406 1360 617 1446 sind.
1297 1478 1796 1615 Nunlich grüssend
1414 1613 1589 1754 (B)
2607 638 2735 754 198
2031 694 2534 879 Pesting=Theater
2737 708 3574 867 Berlin plW. 40, den 7.4 1906
2202 802 2367 875 Direction
2096 871 2468 963 Dr. Otto Brahm.
2247 959 2335 1034 K-
2615 1223 3071 1350 Lieber Freund
2399 1448 3516 1563 Sie haben offenbar übersehen dass
2411 1559 3556 1657 der, 10. März ein Sonnabrück, d.k.
2430 1653 3558 1814 een andenche Tag war; die vorher¬
2450 1796 3554 1937 sehende Aufführung présentate seer
2460 1911 3687 2039 aber mit 11 o/m ch., so wenig erfreilich
2474 2027 3590 2134 dass das Verschwinden des Stichs
2504 2132 3628 2271 eigentlich keine weiteren Erklärung
2494 2251 3572 2385 bedürfen sollte. Zumal nun die
2510 2365 3608 2476 fallende Inset, die Stiche mit
2518 2460 3701 2613 Menschen geniessen haben in Rück¬
2522 2597 3669 2725 sicht gezogen wird; die nochste ver¬
2520 2705 3737 2848 stellary will take tatscher under 1000 M.
2542 2816 3717 2953 gelangt. Zum Vorgleich seke ich Ihnen
2560 2908 3646 3091 noch die Ziffeln her, die "Piffer"
2558 3049 3673 3180 and He's an destin Sonnabust
2578 3154 3733 3304 ergeben, nach dem Preinde restitut’s:
