4024 4071
2096 641 3637 878 ist aufs Höchste angetan vom Stich und
334 768 1946 948 liesse sich zu meiter über diese Frage reden.
2104 836 3772 990 der Maria, Diese liegt, nach meiner unveränderter
344 894 1946 1019 schon heute ich hatt ich sogar in dürfen,
2096 930 3752 1125 Menny, wissen der T. und E. auf m, dass
338 1004 1843 1158 dass ich dem 2-Tage - Voraus von Wien
2119 1077 3623 1249 Nie ask sie in den wirktigsten Momenten
351 1181 1994 1272 sehr will er spreche, selbst auf die Gefahr hin¬
2139 1187 3592 1357 besser fassen wird. Da zu rechne ich ver¬
365 1255 1932 1415 c/c auch für dieser Aufführung rückt er
2756 1326 2847 1382 un
2146 1332 3733 1477 allen die – nicht jeder Schauspielerin glaub¬
359 1386 886 1521 us in sehn.
2152 1455 3781 1610 haft in makende. Besichung zum Itzieln
392 1477 1936 1658 Ich bin ist vorgest den wieder in Tegel, um
2164 1583 3669 1749 des Stèches, der glaub ich etter heisst,
394 1619 1907 1793 ich gut arbeiter kann. Diesmal geh ich an
2170 1710 3691 1892 he der L. wird ich fürstte, nicht an
407 1751 1882 1913 den Klest aar set Angust geruet hat
2164 1834 3733 1990 sie in glaaten. Dass wir reden ja de lege
423 1874 1907 2050 und noch einige Wochen einliger Arbeit
2156 1973 3679 2112 lata niet ferende und diese Besitung
405 2002 1868 2202 bracht. Der Vollge drängt, denn das
2181 2108 3683 2245 nun nach deßen Wunde Blenunterdeigisse
403 2133 1959 2351 Buch ist jetzt so auchauft, in
2195 2200 3613 2430 Tod Contrestbeuse, Mitte mardary,
392 2278 1977 2473 Medordes ind ik konsk niet eanal
2204 2361 3575 2513 beseitigen. – Was eine Verhiebung des
407 2392 2029 2588 for die guten Lossen-Lieblicher Jahobers
2229 2459 3706 2675 Stöches auf nächstes Jahr angeht, zu
392 2529 2031 2737 V. den von ihm gewissetes Exemplar mehr
2200 2579 3779 2816 könnt ich im Anzahlung der nicht ge¬
407 2671 1977 2886 arrkennen. Gleiher Sie, den er dreéssig
2206 2718 3723 2888 sehr, wofle auch den, Sie selbst (auch
400 2778 1953 2984 Sernen ofin zuhlet? Den hette nun
2202 2812 3783 3044 Ihren Zeilen von 8.) den Wurzt derart
417 2899 969 3069 Dreturkins
2233 2969 3704 3150 zurück sehen. Sollte Amatal ist weiter
2229 3086 3758 3239 so gut, erffällen, und sollten auch Die
1334 3046 1681 3214 IWitsh
2218 3150 3739 3368 Retten den Schiff risset vorlassen — dann
1523 3191 1720 3349 OR
