7815 4105
309 787 1943 953 nicht mit im Vater, wo die Schülerte
339 904 1941 1072 Madonna Dienera entstand, und früher nicht
362 1035 1869 1186 was wohl das rächste Jahr, und besonders
374 1135 1906 1311 an Hm Dr. med. Schützler zu Kiesen Jahr,
429 1229 1851 1389 hieger wird. Es ist ein Kunde von
239 1231 1871 1521 sich sehr schöne ernstiger Stöchen in nie
454 1456 1861 1614 gelangt; wissen Sie darüber vielleicht
464 1569 1791 1724 etwas Näheres? Und wie denken
481 1644 1851 1836 Sie denn jetzt über die Neubrteitung
256 1609 405 1779 d
493 1775 1863 1920 des Vermietnisses durch die T'e das
495 1849 1845 2002 Stich wie 9/11 schrieben, hätte hinger
517 1959 1769 2147 wollten? Da das nur genen
515 2041 1937 2256 seld schön, und mein Tepassriarke
264 2065 1476 2292 and so sollen Sie dahin begleiten!
540 2268 1975 2460 Dass a uusam Freunde Hofmanns that
274 2237 458 2442 éviter
564 2370 1951 2546 in Bahn gut agangen ist, wollen Sie
583 2499 1838 2665 van vernomen haben; men ist es
599 2577 1847 2777 am besondere Freude gewesen,
299 2609 452 2706 P.S.
614 2703 1892 2867 in hoffe, en und sich noch oft
589 2781 1949 2945 hi - was and in Deutsch. Reuhr
618 2879 1910 3068 wohl fählen. Willen Sie ile im
630 3000 1832 3137 nie glässe? — Ich gehe nichtster
634 3072 1861 3262 Tye with Venedig, within Sie
614 3188 1896 3352 mich ja schon in die Eheverke
632 3272 1722 3458 geladen haben, und mehrere
5896 689 7423 853 Ehe ich es in der neue Frau letzt,
4080 751 4781 906 Mitled haben muss
2691 742 3258 892 Berlin N.20, den
5912 804 7489 969 han ich ist ihr den Tanien der Aufführen
4098 861 5742 1037 Hier habe ich will und freundlich und darüber
2415 843 3607 1063 S. Martino di Castroara,
5935 924 6816 1084 Ja kam etwas regen¬
4147 969 5706 1147 etliche Zeit, vielleicht die guter Ferier,
2751 982 3611 1198 Dolomten hohl. 15/ 6/8
5959 1057 7485 1186 Was Sie mich von Schlutter wirken der
4147 1070 5611 1239 en bleiben; am 5. August will ich in
5971 1147 7425 1311 Zalen lesen lassen, betritt mich. Bei
4160 1202 5769 1354 Berlin antreffen. Wie wir's zu Kieschen?
6006 1247 7425 1401 mischen Einwärtenden Interesse wieder vor
4182 1299 5689 1474 Die Nkiset von B.-H's Ehe ist
6020 1382 7370 1540 dort schliesslich dieselben Strang, nach,
2530 1342 3350 1532 Liebe Herr Schützler,
4194 1423 5628 1577 nen und ergötzliche; die würde, dass
6049 1456 7364 1614 wie Kalweis wir seyk: die beiden
4205 1519 5184 1663 Ne es ihm auch stets bleibe.
2284 1558 3665 1722 the dache schion for the gesilitate
6057 1521 7454 1703 Theate sind zu jetzt in einer Hand.”
4180 1611 5693 1798 Avee Sie schon, han ich in den Ferien
2305 1634 3644 1828 feurige Kahle von J 2. und na¬
6059 1665 7519 1847 Hoffentlich denken Sie nicht so mörde -
4217 1753 5742 1935 Briefe wieder wie an Pensionats fräulein;
6092 1789 7536 1949 mässig folgterste ihre G. wie Hoffmann
2311 1777 3540 1939 finde damit gleich der Dank
4202 1843 5566 2004 I htte stellen Ihr sich weiter auf
6090 1855 7452 2043 Thet, dessen Spivke im Dechtschaft
2337 1890 3526 2076 dun in Ihm nicht for die
6104 1992 7413 2133 nurts an wirken ließ. Ihr baht
4258 1955 5526 2229 die Probe. Dankbar gewandt Sie
2329 1953 3693 2164 Frau des Weisen schulde; ich habe
6102 2078 7483 2256 sich immer: plötzliche und a in sehr
2339 2072 3650 2301 die mit auf die Reise genommen
6129 2182 7376 2358 -enta Dueste nie; bei mir kann’s
2342 2205 3583 2397 und alte, gute Beherrschaften,
5301 2219 5761 2382 O’Buhin
6143 2303 7335 2483 cust sta Nacht. – Was est den
2366 2315 3665 2491 darin gern ernert. Milität mir
6125 2403 7442 2591 mit diesem Frank oder Freike?
2393 2403 3683 2609 ma du femos negotique, Ehren
2393 2528 3585 2697 tag’, den ich es nach besonders
6137 2513 6748 2665 Kein Grauche?
2401 2644 3595 2820 errechte, dass er (obgleich daß in
6162 2620 7499 2814 Kell habe ich in Venedig getroffen
2417 2738 3640 2914 der Linie auf die „Gestichte“
6186 2773 7429 2898 a nicht in aber noch mehr
2421 2820 3589 3018 anjetzt, selbst Naturkommen zu
6192 2849 7526 3041 Sorge als Bluth.; da arme Monsieur
2419 2947 3665 3115 nötsch ehm storzt, wie die drei
6186 2988 7526 3141 er so aus und schaleist, weint
2413 3035 3542 3247 Freunde in Uein Abtafungen
6196 3076 7321 3239 nicht, dass man ihm müsste
2405 3153 3714 3346 von dann, gewin und vernichtig.
6184 3162 7485 3342 Dunnheit vorüber und könntnisches
