3943 3896
239 514 1788 779 auf die Röhne entbehrlich, zu hindilich:
243 722 1876 899 wenn er da ist interessiret a; mehr ist
253 871 1784 1038 in dem Maasse, begefl'schreven, dass nur
263 1005 1863 1148 von dem Nubcharaten so viel hören möchte.
455 1095 1884 1278 Sager Sie uns bitte ungehaut, ob Sie
300 1217 1935 1401 oder in meerweit Sie den Vorschlägen bestimmen.
316 1374 1810 1517 damit Lessing mit einer Arbeit beginnen.
332 1505 1939 1617 kann. Wir hoffen, den 20 Sept. mit Anbe¬
326 1623 1925 1808 bey heraus zu kommen, am 14. Oct mit meinem
355 1739 966 1894 Treaske Schützler.
361 1874 1847 2049 Zur Beitung muss ich Ihnen mittelen
396 2012 1888 2210 dass Frau Lohnern nicht interessen hern
402 2130 1953 2365 weil sie überhaupt ist in Jener wieder
418 2271 1900 2483 nigh Berlin kommt. Das haut das
412 2379 1886 2646 auf ihrem (Reinhardt seulpe, von mea)
414 2522 1910 2740 contratlichem Vorsteht und 6 Mark in
428 2679 1890 2893 Jahr hie uns zu spielen, und auf dem
436 2822 1839 3013 Umstande dass die Novitäter, in Ihnen
455 2948 1951 3160 Die Hauptwillen hat eist später heraus¬
459 3056 1902 3317 kommen können. Es tat mir anfielte,
2689 428 2858 530 294.
2785 471 3566 620 Berlin WW. 40, den 1. 8 1911
1990 534 2532 701 lessing-Theater
2190 599 2351 697 Direktion
2088 665 2457 805 Dr. Otto Brahm.
2677 1003 3115 1223 Lieber Freund,
2365 1262 3623 1425 ich schicke Ihnen heute vorhand des
2389 1368 3702 1543 gestrtue, in the Lord and with for-
2389 1494 3670 1649 diese Vorschlage in Ihr Ja. Nach
2426 1609 3733 1800 posité de Lissirpsher Fassay Messieur
2422 1727 3651 1929 aufgemacht, Marches neu jestrisser
2434 1878 3678 2053 und lege den grössten Werk auf
2430 2010 3658 2153 die Vorschläge nun I n. II. Alst
2461 2118 3623 2275 da ich die jeder Lective nur
2463 2232 3751 2449 empfiele wie metliefig der Dienstag
2461 2371 3755 2569 in den eigentlichen Diener ist (das
2463 2502 3653 2654 nicht dann freilich sie jedesmal
2475 2624 3704 2809 mit glöcher Stürke fesselt!) Ich
2514 2760 3757 2924 müsste mich sehr allen, oder die aus¬
2538 2877 3776 3070 fehliche meinlich über Aufen ist.
