3984 4103
2972 297 3268 571 V.
2635 416 2789 520 G. F.
2151 408 2458 538 Päivä ikkejä
2720 727 2899 940 238
327 774 1918 949 an die dieser Tage, an Sie Beide mit einem
2245 823 2645 975 ling-Theater
2951 827 3398 979 Berlinrich W. 40, den
3545 865 3699 995 190....
2131 886 2464 987 Direktion
335 918 1970 1113 allen, hypokondrischen Mann so viel Naksicht
2210 973 2574 1119 Dr. Gtto Brahm.
384 1054 1865 1221 hatten. Und um willen Sie gar wissen, wie ich
3059 1117 3618 1265 Helgeland 23.8.05
376 1174 1859 1359 ich befinde: Natürlich ent, das Meer
378 1298 1905 1515 ist Sie noch bis der Aert als Sie. allerdings.
392 1430 1865 1635 nach der Acta habe ich es gab nicht ent¬
2671 1436 3672 1672 Lieber Freund und Leibkosten,
360 1530 1924 1763 lefrigt, die ist in Ruhestand rasetet.
2505 1684 3660 1891 Ihre Karte hat nich erfreut, gna
431 1672 1846 1907 der Zuthof, im allen Seiten attahiert, zog
2490 1781 3587 2023 Lebens resteurs; cela dans du statut
374 1798 1859 2025 sich auf ein halbes ohr erwürte. - Ich in
2502 1938 3664 2167 mich fliessen soll, abglücken doch gewiss
439 1952 1970 2173 mir’, hier aber bald sind sie zu die Sunde
2507 2062 3601 2247 i gute Reden in begleiter das will
431 2052 1867 2295 allé, und ich muss mich an der Spree
2517 2180 3636 2385 mit nicht an. Den Meerchen will:
449 2202 1924 2435 Argla-geschlimatlichen: am 30. tät Berlin
2505 2316 3695 2543 richt gefallen, und dem notleidenden
453 2328 1950 2557 mish order. - Alles Gute for Ihre weitern
2500 2413 3703 2657 Dienster ist recht nicht. Und beide
479 2425 1954 2698 Reisetage, und herzliche Grüsse an alles
2496 2563 3691 2787 meint würden, dass die Geregtson
502 2584 1534 2813 Schickleriste und Henflorische!
2537 2679 3567 2917 so which wolde wie the Gesay,
2527 2813 3638 3039 und das der Gesuch auf an Hohe
1517 2791 1678 2929 24
2523 2911 3605 3165 Alèhe Schüttel’scher Puesie (mit
2521 3053 3148 3285 dem Einigheitszug).
2515 3183 3559 3382 Ihr deske gern und dachlauß
