3959 4056
212 758 1784 987 Aan-Haterik, Netter-Reister (Trobin)
220 909 1759 1066 Adele-Lore Bassex, Mendr-Marr, Krend¬
257 1040 1867 1187 Zierd, Rhon-Richelt (1., Farbin?) F. Aken -
277 1170 1865 1319 Ebaty “Stanzides-Loos” (waltherz Roerstock)
263 1286 1906 1450 Nosslor”. Die Behrensigter sind neue Mitglieder;
283 1401 1741 1543 alle reheligenden Dritke untertheilte ich, wie
277 1529 1835 1696 Rhon; und fornerliegende Fellen nie iset ein,
316 1666 1853 1804 Sarhik hat ich nun doch in streppen; das
324 1792 1855 1935 stücken ist überreich und wir missen Sparen, von
338 1900 1976 2084 wir hieren um für die Hauptsesten Empfänglich¬
320 2031 1904 2188 heit zu erhalten. Das Sparen bezieht sich eher
332 2143 1847 2326 nicht auf die Decorationen und Sie werden
357 2271 1376 2442 eine houliste hall aschauen.
383 2385 1808 2559 Wie akt es Ihrer Mutter Ihnen allein?
385 2518 1861 2732 Sind Sie noch im Gebiete Rosenstocks,
402 2661 1872 2832 den man never been, we men Lust hat?
418 2769 2012 2962 Oder sind Sie in Aussee bei der Mitstreiten?
497 2901 1943 3072 Eine Notiz die ich in Bergers Pragen
455 3044 1990 3252 las, D. w. L. kanne in der ersten October.
471 3166 1918 3323 wisse, hat wir nichts zu bederten? Mit
491 3272 1607 3523 nämlischen Geisten Nr O.R.
1963 656 3586 856 leich, dass wir auf Fr. K. nächiglicher müssen.
1980 775 3547 930 der glauben Sie mir wol ohne Witeres; aber
2018 883 3476 1066 ich meine, dass wir in Frl Cassin einen
2014 1021 3572 1182 recht auchmbaren Ersatz haben, die ja, wie
2037 1136 3494 1307 Til wissen, jetzt eine gein andere Stellung
2051 1258 3533 1435 innimmt, und anders leistet, als ein der
2069 1370 3602 1562 Zeit in wir die Besetung meest bespresten.
2104 1527 3680 1688 Damals hätte ich sie Ihnen nicht vorschlagen
2108 1631 3588 1810 dürfen; heck tue ich es mit begründeter
2120 1766 3543 1927 überzeugung. - Vielleicht kam ich, eine
2135 1882 3635 2090 Ausglich für diese notgedrungene Anderung,
2135 2016 3629 2190 I have done some den Tane for den étigner
2145 2122 3686 2324 liefern; es geht ihm vorläufig besser, und
2173 2304 3684 2457 wein in durchhilte, möchte ich ranken, ihn
2169 2387 3572 2573 wenigstens für einige Vorstellungen ins
2204 2520 3623 2703 witte Land in hochen. - Ihr wiederhole
2206 2630 3662 2818 nur noch die Besetzung im Ganzen, da
2232 2756 3741 2970 Sie auf den Sennning durch verlegten.
2239 2885 3755 3074 Hofrecht-Monsieur, Herrn-Triesse, Fr Mischold
2247 2948 3733 3187 Sessin, Otten-Steber, Acht-Seind (Röshoe)
2279 3111 3761 3297 weltha) Hr. Wohl-Gierig, Herren-Tores,
