4009 4103
1038 822 2756 966 nur Ort von können und zu cudem Bedingung
1036 938 2719 1070 als in Christ gekommen; diese waren mich zu viel,
1055 1051 2754 1177 jene en veny. — Dus Konzert könnt ich Ihnen wol
1036 1181 2694 1271 nen schicken, wenn ich sehr darum seye; ist Ihm
1049 1288 2756 1408 dus recht, oder willen Sie, etwa sollen kann? Oder ist
1055 1378 2709 1523 in Bapeath. We F. Pfarrer Richter). - Aiter the
1083 1495 2760 1626 Proserk habe ich noch nicht mit ihm gesprochen,
1102 1606 2749 1769 halte aber auch I und Ihm des Angemessene.
1111 1739 2760 1886 Mit dem Kl. Th. möchte ich nie conserviren, also
1126 1856 2754 1989 auch nicht in einer Tantième-Garantie deren
1126 1976 2809 2123 gleiten ich die Bell. Aufführungen noch nie geschlt
1147 2081 2694 2249 hebben Nun ist ja die Dame Mirzi gere¬
1147 2192 2747 2382 von bündden Schlag; aber das ich diese kleiner
1169 2275 2696 2508 Fräulies wegen eine neue Einrichtung schaffe, 10
1169 2420 2653 2602 met und dort der Herr Vater nicht geten?
1145 2517 2741 2754 (So ist ja nicht der Conte Veith). - Wir haben
1183 2707 2722 2816 sich endlich wieder schönes Wetter heut, und
1190 2807 2809 2931 Uhr wünsche Ihnen ein Gleiches in Herr Höhen.
1183 2916 2621 3053 und Tieffahrten. Alles Thüe an Trankli
2326 3016 2807 3132 the O’Buchum
