3965 4104
927 411 1131 580 1
376 785 1797 870 d'y was in R. vorght. Ams etwas Reine¬
399 877 1703 975 t ist - nicht nach Thilrenakrtes ist:
241 950 337 1037 92
390 978 1721 1106 dass jemand das nicht thut schweigend,
425 1069 1757 1218 was or in thun rahies muss aif car
424 1165 1755 1301 Rühne fast stets enttäuschen, auf ein
253 1179 356 1315 is
441 1250 1831 1411 es fort den Scharfsichtigeren, wie sich in
429 1328 1806 1539 der Protesten mit Ilden schon exge¬
436 1468 929 1572 dentet vient.
417 1563 1728 1719 Stelle ich in ehr die Fünf in
438 1680 1810 1815 Gedanken neben einander, so erhärt mit
441 1783 1698 1928 definiten die gerne Zahl als sehr
477 1874 1728 2053 Bekenbisch – um so tederklich als
482 1978 1716 2127 alle Stücke zart, geistreich sie voll
484 2097 1797 2276 aher hines besonders theaterbriftg is
475 2168 1705 2386 (ich spreche von den viel dürsten).
484 2306 1696 2439 ihm ästen dramatlose“ würde die
500 2395 1709 2579 Oostümkene der Frau m.d. D.
510 2522 1741 2650 when, aher an Ihnen - dulx Thoe
496 2602 1732 2765 Ankörnung in nichts Presentlichen
528 2715 1693 2868 gehösiert – dort die Wirkung
530 2832 1703 2974 in Refremder auferlösen. In
541 2944 1742 3105 der allgemeinen Erwägung, dass an
2808 711 2891 785 83
2737 798 3664 925 Berlin N. 20., den 19. 15. 1901
2597 1356 3242 1480 Lieber Herr Schütselt
2398 1585 3630 1689 erleiche Sie mir heute kurz an sie
2418 1673 3696 1780 Sie wollen ja baldige thatwort und mir
2423 1806 3692 1923 liegt viel Arbeit auf. Den Msprung der
2441 1872 3694 1992 Nota in der Fr. M. heure ich nicht
2462 2003 3651 2131 ich stehe ihr natürlich ganz fein.
2464 2077 3630 2205 Durch ihr unter Telepannen ist zu
2480 2168 3646 2287 Mr Haupt theil Ihres Briefes über¬
2483 2263 3573 2398 kalt, und wir sind nun gleich,
2503 2379 3573 2497 die sich von Ihrer gemeinszeiten
2517 2462 3611 2591 und geschitten Kirche erfen¬
2513 2549 3582 2680 fuhren. Was Sie nicht über die
2512 2657 3550 2786 „Masher“ sagen, über den Sinn der
2529 2740 3623 2909 Hauptsene, habe ich nicht ungeführt
2535 2843 3534 2981 auch gesagt, ich als Gesch, als
2529 2933 3588 3088 Berlin, wie Sie schreiben; schon für
2531 3033 3573 3155 das Theater haben die m. E. nicht
2551 3121 3577 3261 n'est genuy jethez, restes oubde.
2556 3199 3616 3334 dem Schauspieler es in keine Weise
