3965 4104
873 1161 1064 1258 235
1354 1552 1867 1697 Hamburg 14.6.08
1435 1648 1892 1763 Savoy - Hotel
761 1766 1825 1901 Lieber Freund, ich homme sehr
777 1913 1947 2053 gern nach diesem eis, (sei's nur dieses
795 2048 1892 2168 oder in anderes das Sie erstellen)
798 2147 1915 2267 and hitte Sie mich wenn Sie dort
807 2255 1841 2397 sird se sagen ob ich ita fang
823 2359 1929 2499 Juli Quartier haben kann. Ich
812 2494 1855 2621 him is you in telegraphish
823 2598 1839 2740 meten dann. Hoffentlich ist
832 2710 1910 2836 Wald in Mr Nähe, Time ist
857 2820 1878 2975 und insympathische Mehr Sie
869 2958 1931 3094 sicht: a diese Directores. Und
2041 1058 3462 1257 Sieht es ause andere Knudel als Tira¬
2034 1200 3402 1349 lische? Geben Sie mir Aushurft als
2062 1328 3340 1462 ein landesütlistet Wahrmand muß
2055 1423 3428 1582 sein Sie nicht Frau Olga und klein
2097 1600 2768 1722 Winstens gepürt.
2903 1612 3083 1719 Mr
3016 1717 3409 1857 P Behm
2212 1905 3427 2071 Danke hötlich für den Roman. H
2216 2032 3067 2163 frere nich auf die Lectüre
2241 2156 3358 2278 Man man einen Teis- moglaphen
2274 2269 2632 2386 nöthigen?
