3943 4040
2820 597 2965 728 256
2168 707 2697 859 lessing-Theater
2978 755 3726 883 Berlin WW. 40, den. 190.
2259 854 2603 976 Dr. Otto Brahm.
3128 958 3650 1162 Relgeland 18.8.05
2684 1247 3159 1430 Liebe Frens
2518 1479 3660 1662 die Akademische Böhne mit ihrem
2507 1547 3757 1760 Chschiftshertz: ist Ihnen ich selbst ver¬
2523 1733 3772 1887 dichty presen; es sont ein paar jederste
2523 1805 3797 2043 Türglinge, die Macht liegen, und ist sprechen.
2520 1943 3778 2146 reto.- Vatry ita etc. teintel lasse ich
2556 2060 3740 2280 Hier zu gehen. Oh man die Triesch
2537 2168 3787 2397 in the Dame in an Gefolaten) in
2542 2286 3783 2520 kriegt, erscheint nur weifelhaft, nicht
2558 2458 3781 2629 würde ob de iset, tuch Rube und
2577 2548 3743 2752 Zweit-theigigheit, dass in ehem in
2575 2654 3754 2883 Platz wird. Stuhl zu – Ihr Hernschen
2591 2805 3745 2974 ist hoffentlich entwiesen, so dass Sie
2610 2911 3816 3135 auf den Kosten Herentenrplatz antreten,
2611 3042 3795 3241 hiern Alles Gute for Fr. blge. Mein
2648 3170 3694 3326 mit Sie auch restation Ihr (M
