4001 4087
1335 691 3006 941 Das mir Pich lieber Freund, aber die Aussicht
1339 857 2965 1042 Sie Donnerstig in W. zu sehen, müsst es etwas
1372 986 2961 1167 wünsche Erlebung. Ich nehme an, dass Ihre Frau.
1362 1086 2940 1275 feundschaftlich wie immer, mit ein einfache,
1399 1210 3008 1424 (also nicht doppeltes) Mahl entietet; danke
1387 1294 2857 1524 schön, das nehme ich an und könne nun
1370 1424 2992 1630 halb mei, man nicht früher. Hn. I. 2o u
1372 1582 3008 1862 mögte ich auf den T. Geratik Nr 11 Krahm
1372 1715 2384 1873 Yor Impéral Donnerstag frich
1316 2016 2878 2247 Ziehe Frank wie gelt es Ihnen; und von gelt
2465 2170 2550 2242 32.
1318 2190 2940 2350 er Ihnen. Darken, wir auch; und ich denke an
2467 2296 2643 2379 S. A.
1333 2317 2928 2510 8. Juni, oder etwas später, nach Wien mit auf den
1360 2417 2857 2560 Gemüdung in kommen. Hoffertlich kann ich mich
1372 2533 2965 2755 Ihnen da- nur Sie in W. sind – ohne Zwischen
1387 2658 2568 2882 und Durchfälle präsentiren. Freilich
1345 2857 2037 3038 Karlsbet, J Königsville
2454 2880 2589 3025 Ihr
2529 2979 2934 3187 OBahm
