3984 4103
3701 1167 3800 1259 1.
911 1461 1285 1557 am.... Uhr... Min....
2726 1470 3171 1643 um... Uhr... Min.
1445 1422 2707 1579 Aufgabe-Nr. mit.......Tazworten (Worten.... Chiffern)
869 1537 988 1659 nen dur.
1074 1544 1221 1681 S. R. F.
1435 1566 2378 1758 de berlin 3266 44 20 2
1464 1678 3161 1889 inscenirung laesst sich noch nicht ernoeckt
815 1694 1339 1889 vollstäendige
761 1876 3330 2014 doch vollen wir montag mit beleuchtung costuemen frisuren so probi
764 1966 3254 2138 dass sie ungefaehres bild erhalten. Portraats noch nicht fertig
758 2113 3024 2263 dienstag muesste feiertags wegen Probe unterbleiben. Bitte
962 2205 2934 2439 ob sie kommen. gruss¬ brahm ab, 18/12 101
2915 2292 3001 2455 P
