3929 4121
2723 688 2895 803 104
2742 795 3730 950 Berlin, N. 20., den 9. April 1902.
2361 990 3747 1276 Lieber Herr Schnitzler!
2559 1243 3766 1413 Wegen Ihrer Literatur
2170 1377 3717 1524 hat die „Freie Volkobühne“
261 1402 1779 1602 Unter der Schüteln, bitte verheffer Sie mir doch
2201 1489 3730 1695 heute bei mir angefragt;
269 1539 1867 1678 rumpherof die zuene Adresse der Kaltwasser¬
2130 1604 3717 1749 ich habe mich aber nützener
303 1665 1852 1808 anstalt. Gute (nur in der Juli?) die Kulten¬
2119 1722 3745 1911 Erlaubnis zur Aufführung die¬
296 1726 1785 1894 leutgehen. Wenn ich ücht irre, wie Ein Bruder
299 1844 1871 2006 hen und werde wissen, ob sie en empfehlen ist?
2084 1800 3728 1987 ses Stückes leider oder viel¬
288 1928 1861 2142 (Katterlertgehen wird von dem Putierten abpleknt)
2056 1951 3694 2115 mehr glücklicherweise nicht
296 2035 1732 2212 Käme sonst etwas rale wir in Retracht,
2054 2042 3711 2203 einverstanden erklären son¬
309 2140 1842 2288 falls I. nicht gut ist? Endschuldiger Sie?
2050 2138 3738 2321 nen, da es ja bei uns auf dem
330 2243 1676 2409 die Remshay und die Sie in Gilly
2067 2231 3686 2416 Spielplan bleibt. Ihre Anre¬
334 2325 1741 2515 häul'st und österlich, gegründet im Neun
2050 2361 3650 2531 gung wegen Freiwild für
1304 2458 1753 2637 Ath Breslone
2086 2454 3730 2641 Wien werde ich mir überlegen,
2052 2559 3669 2752 Lebendige Stunden sind der
2039 2674 3644 2864 Censur bereits seit längerer
2016 2771 2939 2977 Zeit ungereichig.
2981 2914 3541 3072 Hundisch Gründ,
3168 3025 3318 3145 ne
3234 3116 3566 3269 Boulun
1524 3383 1663 3459 him
