<?xml version="1.0" encoding="UTF-8" standalone="yes"?>
<PcGts xmlns="http://schema.primaresearch.org/PAGE/gts/pagecontent/2013-07-15" xmlns:xsi="http://www.w3.org/2001/XMLSchema-instance" xsi:schemaLocation="http://schema.primaresearch.org/PAGE/gts/pagecontent/2013-07-15 http://schema.primaresearch.org/PAGE/gts/pagecontent/2013-07-15/pagecontent.xsd">
    <Metadata>
        <Creator>prov=READ-COOP:name=TrHtr:version=2.1.0:model_id=51170:date=25_07_2023_23:33</Creator>
        <Created>2023-05-02T07:44:47.113+02:00</Created>
        <LastChange>2023-07-25T23:33:16.737+02:00</LastChange>
        <TranskribusMetadata docId="1416705" pageId="54950778" pageNr="191" tsid="130849427" status="IN_PROGRESS" userId="64420" imgUrl="https://files.transkribus.eu/Get?id=XQUAYBCBQZUJCCEOWUNMUWJB&amp;fileType=view" xmlUrl="https://files.transkribus.eu/Get?id=GJVYRQCCEYUDGHMQNHPSYCMY" imageId="44454504"/>
    </Metadata>
    <Page imageFilename="1416705_0191.jpg" imageWidth="3966" imageHeight="3766">
        <ReadingOrder>
            <OrderedGroup id="ro_1711829701589" caption="Regions reading order">
                <RegionRefIndexed index="0" regionRef="tr_4"/>
                <RegionRefIndexed index="1" regionRef="tr_2"/>
                <RegionRefIndexed index="2" regionRef="tr_3"/>
                <RegionRefIndexed index="3" regionRef="tr_1"/>
            </OrderedGroup>
        </ReadingOrder>
        <TextRegion id="tr_4" custom="readingOrder {index:0;}">
            <Coords points="283,561 1912,561 1912,1272 283,1272"/>
            <TextLine id="tr_4_tl_1" custom="readingOrder {index:0;}">
                <Coords points="272,638 992,660 1108,626 1270,692 1776,674 1776,582 1458,580 1336,524 898,566 542,550 472,508 272,532"/>
                <Baseline points="283,614 328,617 373,614 417,617 462,617 507,620 552,623 596,620 641,620 686,617 731,620 775,620 820,620 865,623 910,623 954,623 999,620 1044,620 1089,620 1133,617 1178,617 1223,620 1268,617 1313,614 1357,614 1402,614 1447,614 1492,614 1536,611 1581,614 1626,617 1671,617 1715,620 1760,623 1781,620"/>
                <TextEquiv>
                    <Unicode>der Freiherr von Leiserbogen sich glücken, er heißt</Unicode>
                </TextEquiv>
            </TextLine>
            <TextLine id="tr_4_tl_2" custom="readingOrder {index:1;}">
                <Coords points="284,750 436,728 620,774 678,736 876,768 1074,732 1382,788 1746,776 1744,730 1582,666 1318,706 1136,642 1000,672 746,636 534,686 282,640"/>
                <Baseline points="292,716 337,719 381,725 426,725 471,725 516,728 561,728 605,728 650,725 695,728 740,728 784,731 829,731 874,728 919,731 963,731 1008,731 1053,731 1098,731 1142,728 1187,728 1232,728 1277,731 1321,731 1366,728 1411,728 1456,731 1501,731 1545,734 1590,737 1635,740 1680,746 1724,757 1751,757"/>
                <TextEquiv>
                    <Unicode>gene auf das: Nann gedichtig schmisch, anspeschen,</Unicode>
                </TextEquiv>
            </TextLine>
            <TextLine id="tr_4_tl_3" custom="readingOrder {index:2;}">
                <Coords points="302,826 1720,866 1720,788 1514,758 1384,810 1282,762 726,806 436,728 300,750"/>
                <Baseline points="313,814 358,817 402,820 447,823 492,823 537,826 581,826 626,829 671,829 716,832 760,832 805,832 850,835 895,832 940,832 984,829 1029,826 1074,829 1119,829 1163,829 1208,832 1253,835 1298,838 1342,838 1387,838 1432,832 1477,832 1521,835 1566,835 1611,841 1656,844 1700,850 1724,853"/>
                <TextEquiv>
                    <Unicode>da auch diese heißige, leicht treuere Verknüpfung</Unicode>
                </TextEquiv>
            </TextLine>
            <TextLine id="tr_4_tl_4" custom="readingOrder {index:3;}">
                <Coords points="302,878 738,926 1154,886 1908,930 1908,876 1834,850 302,826"/>
                <Baseline points="313,862 358,862 402,868 447,871 492,871 537,874 581,874 626,874 671,877 716,880 760,877 805,880 850,880 895,883 940,883 984,883 1029,883 1074,886 1119,886 1163,886 1208,889 1253,889 1298,889 1342,889 1387,889 1432,889 1477,886 1521,886 1566,886 1611,889 1656,892 1700,898 1745,898 1790,904 1835,913 1880,919 1912,922"/>
                <TextEquiv>
                    <Unicode>Auch das Diebst ist ist als ein reizvoll, einweig gueth ist Lichtlichert.</Unicode>
                </TextEquiv>
            </TextLine>
            <TextLine id="tr_4_tl_5" custom="readingOrder {index:4;}">
                <Coords points="318,950 508,940 684,998 1080,946 1334,990 1866,978 1866,934 1638,890 318,894"/>
                <Baseline points="328,907 373,913 417,916 462,925 507,925 552,928 596,928 641,931 686,931 731,928 775,931 820,934 865,934 910,937 954,937 999,934 1044,934 1089,931 1133,934 1178,934 1223,934 1268,937 1313,937 1357,937 1402,940 1447,940 1492,940 1536,937 1581,937 1626,937 1671,940 1715,942 1760,945 1805,948 1850,957 1868,957"/>
                <TextEquiv>
                    <Unicode>his Folge Mr Dinge had toeshalb die gände sei diesem</Unicode>
                </TextEquiv>
            </TextLine>
            <TextLine id="tr_4_tl_6" custom="readingOrder {index:5;}">
                <Coords points="338,1026 1346,1088 1876,1050 1874,984 1754,1008 1634,960 1300,1016 1156,954 930,960 624,1016 336,948"/>
                <Baseline points="346,999 390,1005 435,1014 480,1020 525,1026 569,1029 614,1032 659,1032 704,1029 749,1032 793,1032 838,1035 883,1035 928,1038 972,1038 1017,1038 1062,1041 1107,1041 1151,1044 1196,1044 1241,1044 1286,1047 1330,1044 1375,1041 1420,1041 1465,1041 1509,1038 1554,1038 1599,1041 1644,1041 1689,1044 1733,1044 1778,1044 1823,1044 1868,1047 1880,1047"/>
                <TextEquiv>
                    <Unicode>wäh ich als Norellister erlegen, nachste ich nicht.</Unicode>
                </TextEquiv>
            </TextLine>
            <TextLine id="tr_4_tl_7" custom="readingOrder {index:6;}">
                <Coords points="334,1180 490,1142 960,1182 1484,1140 1678,1204 1788,1172 1786,1118 1468,1052 1386,1098 1290,1066 1064,1116 330,1028"/>
                <Baseline points="343,1104 387,1107 432,1113 477,1119 522,1125 566,1128 611,1130 656,1130 701,1130 746,1130 790,1133 835,1136 880,1139 925,1139 969,1139 1014,1136 1059,1139 1104,1139 1148,1142 1193,1142 1238,1142 1283,1142 1327,1139 1372,1139 1417,1139 1462,1139 1506,1142 1551,1142 1596,1145 1641,1148 1686,1151 1730,1154 1775,1154 1793,1157"/>
                <TextEquiv>
                    <Unicode>Ich finde es drematssch und sogar theetanissig.</Unicode>
                </TextEquiv>
            </TextLine>
            <TextLine id="tr_4_tl_8" custom="readingOrder {index:7;}">
                <Coords points="336,1224 852,1296 926,1242 1372,1254 1468,1316 1806,1260 1806,1220 1544,1226 1396,1148 1254,1198 1140,1148 628,1166 552,1204 462,1156 336,1182"/>
                <Baseline points="346,1205 390,1208 435,1214 480,1223 525,1229 569,1232 614,1235 659,1235 704,1235 749,1238 793,1241 838,1238 883,1241 928,1241 972,1241 1017,1241 1062,1244 1107,1247 1151,1247 1196,1247 1241,1247 1286,1247 1330,1250 1375,1253 1420,1256 1465,1259 1509,1259 1554,1259 1599,1262 1644,1259 1689,1259 1733,1256 1778,1253 1811,1253"/>
                <TextEquiv>
                    <Unicode>worbei ist die Gefolgs- und Patlihausfrage iser</Unicode>
                </TextEquiv>
            </TextLine>
        </TextRegion>
        <TextRegion id="tr_2" custom="readingOrder {index:1;}">
            <Coords points="364,1266 1957,1266 1957,3188 364,3188"/>
            <TextLine id="tr_2_tl_1" custom="readingOrder {index:0;}">
                <Coords points="358,1388 584,1352 1682,1412 1678,1332 1582,1316 1368,1336 1280,1302 1178,1336 1116,1288 1028,1310 886,1268 580,1314 434,1264 352,1288"/>
                <Baseline points="364,1316 408,1321 453,1327 498,1333 543,1336 587,1339 632,1342 677,1342 722,1342 766,1342 811,1345 856,1348 901,1351 945,1354 990,1357 1035,1360 1080,1363 1125,1363 1169,1366 1214,1366 1259,1366 1304,1366 1348,1369 1393,1369 1438,1372 1483,1378 1527,1381 1572,1381 1617,1387 1662,1393 1686,1393"/>
                <TextEquiv>
                    <Unicode>gedeche, ik rede noe mensque resthetisch-blan-</Unicode>
                </TextEquiv>
            </TextLine>
            <TextLine id="tr_2_tl_2" custom="readingOrder {index:1;}">
                <Coords points="358,1458 734,1458 804,1498 976,1466 1410,1524 1818,1490 1800,1406 1470,1456 1144,1368 678,1356 538,1412 354,1380"/>
                <Baseline points="367,1423 411,1426 456,1432 501,1438 546,1441 590,1441 635,1447 680,1450 725,1450 769,1456 814,1459 859,1462 904,1465 948,1468 993,1465 1038,1462 1083,1465 1128,1468 1172,1471 1217,1471 1262,1471 1307,1474 1351,1477 1396,1477 1441,1474 1486,1477 1530,1477 1575,1480 1620,1483 1665,1486 1709,1489 1754,1486 1799,1486 1823,1486"/>
                <TextEquiv>
                    <Unicode>Nun aber die Praxis! – Lichter Schütels, der Teufel</Unicode>
                </TextEquiv>
            </TextLine>
            <TextLine id="tr_2_tl_3" custom="readingOrder {index:2;}">
                <Coords points="378,1576 1126,1566 1292,1632 1474,1578 1770,1602 1768,1540 1552,1494 1388,1546 1286,1502 1080,1534 962,1482 800,1500 716,1456 374,1466"/>
                <Baseline points="387,1518 432,1521 477,1527 522,1533 566,1536 611,1542 656,1545 701,1548 746,1551 790,1554 835,1557 880,1560 925,1560 969,1560 1014,1563 1059,1563 1104,1566 1148,1566 1193,1569 1238,1569 1283,1572 1327,1575 1372,1578 1417,1575 1462,1572 1506,1575 1551,1575 1596,1578 1641,1581 1686,1581 1730,1584 1775,1584"/>
                <TextEquiv>
                    <Unicode>soll nich haben, gleich aus diesem Nohelnest</Unicode>
                </TextEquiv>
            </TextLine>
            <TextLine id="tr_2_tl_4" custom="readingOrder {index:3;}">
                <Coords points="400,1662 610,1696 768,1658 1168,1736 1338,1680 1792,1716 1790,1642 1724,1634 1358,1650 950,1570 840,1606 396,1574"/>
                <Baseline points="408,1614 453,1623 498,1629 543,1635 587,1641 632,1644 677,1650 722,1653 766,1656 811,1659 856,1662 901,1662 945,1662 990,1665 1035,1668 1080,1668 1125,1671 1169,1671 1214,1674 1259,1674 1304,1677 1348,1677 1393,1677 1438,1680 1483,1680 1527,1683 1572,1686 1617,1686 1662,1692 1706,1692 1751,1697 1796,1703"/>
                <TextEquiv>
                    <Unicode>hinaus das nich gehören hat, man ist einsche,</Unicode>
                </TextEquiv>
            </TextLine>
            <TextLine id="tr_2_tl_5" custom="readingOrder {index:4;}">
                <Coords points="416,1790 752,1756 1038,1842 1144,1798 1872,1850 1836,1718 1508,1694 1162,1752 804,1666 664,1704 410,1678"/>
                <Baseline points="423,1715 468,1724 513,1730 558,1733 602,1739 647,1742 692,1748 737,1754 781,1757 826,1763 871,1763 916,1766 960,1769 1005,1772 1050,1772 1095,1775 1139,1778 1184,1781 1229,1784 1274,1784 1318,1784 1363,1787 1408,1790 1453,1793 1498,1793 1542,1796 1587,1796 1632,1799 1677,1802 1721,1805 1766,1808 1811,1814 1856,1817 1874,1817"/>
                <TextEquiv>
                    <Unicode>weshalb das Stöck an uns by in R. Faket</Unicode>
                </TextEquiv>
            </TextLine>
            <TextLine id="tr_2_tl_6" custom="readingOrder {index:5;}">
                <Coords points="434,1896 502,1858 762,1908 950,1870 1048,1916 1344,1902 1438,1968 1846,1944 1838,1832 1696,1886 1444,1816 824,1842 736,1790 426,1790"/>
                <Baseline points="438,1817 483,1826 528,1832 572,1835 617,1841 662,1847 707,1850 752,1853 796,1859 841,1862 886,1865 931,1868 975,1874 1020,1874 1065,1880 1110,1883 1154,1885 1199,1888 1244,1891 1289,1894 1333,1900 1378,1903 1423,1906 1468,1909 1512,1912 1557,1915 1602,1915 1647,1918 1692,1918 1736,1924 1781,1930 1826,1936 1850,1936"/>
                <TextEquiv>
                    <Unicode>Die Meinung der geehrten Fachminer, mehr</Unicode>
                </TextEquiv>
            </TextLine>
            <TextLine id="tr_2_tl_7" custom="readingOrder {index:6;}">
                <Coords points="456,1966 782,1956 1040,2030 1172,1992 1306,2046 1776,2036 1770,1964 1386,1972 1228,1920 1148,1950 450,1878"/>
                <Baseline points="462,1915 507,1927 552,1933 596,1939 641,1945 686,1951 731,1954 775,1954 820,1960 865,1963 910,1969 954,1972 999,1978 1044,1984 1089,1984 1133,1987 1178,1990 1223,1993 1268,1996 1313,1999 1357,2005 1402,2008 1447,2011 1492,2011 1536,2014 1581,2017 1626,2023 1671,2026 1715,2032 1760,2035 1781,2038"/>
                <TextEquiv>
                    <Unicode>sie sich sit ihm, und an einen ist seitigen</Unicode>
                </TextEquiv>
            </TextLine>
            <TextLine id="tr_2_tl_8" custom="readingOrder {index:7;}">
                <Coords points="490,2108 800,2078 1254,2154 1376,2122 1554,2172 1840,2150 1834,2076 1770,2064 1456,2084 1364,2020 1036,2050 906,2016 788,2052 480,1972"/>
                <Baseline points="492,2020 537,2032 581,2041 626,2050 671,2062 716,2068 760,2073 805,2076 850,2079 895,2085 940,2088 984,2094 1029,2097 1074,2097 1119,2103 1163,2106 1208,2112 1253,2112 1298,2112 1342,2115 1387,2115 1432,2115 1477,2115 1521,2118 1566,2124 1611,2127 1656,2130 1700,2133 1745,2136 1790,2139 1835,2139 1844,2139"/>
                <TextEquiv>
                    <Unicode>den einer recht lesen kann, nicht mich nicht</Unicode>
                </TextEquiv>
            </TextLine>
            <TextLine id="tr_2_tl_9" custom="readingOrder {index:8;}">
                <Coords points="500,2184 622,2154 832,2240 1276,2212 1668,2284 1886,2248 1866,2172 1266,2166 984,2108 836,2150 706,2086 494,2098"/>
                <Baseline points="507,2127 552,2139 596,2145 641,2157 686,2166 731,2172 775,2175 820,2181 865,2187 910,2190 954,2193 999,2196 1044,2199 1089,2202 1133,2202 1178,2205 1223,2208 1268,2211 1313,2214 1357,2214 1402,2214 1447,2217 1492,2220 1536,2226 1581,2229 1626,2238 1671,2238 1715,2238 1760,2238 1805,2238 1850,2244 1891,2247"/>
                <TextEquiv>
                    <Unicode>Dchandeln; and ite weg die Behauptung, dass</Unicode>
                </TextEquiv>
            </TextLine>
            <TextLine id="tr_2_tl_10" custom="readingOrder {index:9;}">
                <Coords points="486,2290 628,2276 738,2334 956,2350 1228,2312 1840,2404 1832,2292 1768,2266 1680,2316 1552,2312 1212,2238 994,2282 572,2184 480,2208"/>
                <Baseline points="492,2226 537,2241 581,2250 626,2256 671,2261 716,2270 760,2276 805,2282 850,2288 895,2294 940,2294 984,2297 1029,2300 1074,2300 1119,2303 1163,2306 1208,2309 1253,2312 1298,2315 1342,2318 1387,2318 1432,2324 1477,2327 1521,2333 1566,2339 1611,2342 1656,2345 1700,2345 1745,2348 1790,2351 1835,2354 1841,2357"/>
                <TextEquiv>
                    <Unicode>wir, ist nur den Obist mit Besamann (reue)</Unicode>
                </TextEquiv>
            </TextLine>
            <TextLine id="tr_2_tl_11" custom="readingOrder {index:10;}">
                <Coords points="486,2372 1528,2472 1686,2444 1810,2520 1850,2502 1842,2416 1732,2372 1356,2390 1212,2334 940,2356 830,2320 786,2352 626,2276 480,2290"/>
                <Baseline points="495,2333 540,2339 584,2351 629,2357 674,2363 719,2372 763,2378 808,2381 853,2384 898,2390 942,2393 987,2396 1032,2399 1077,2399 1122,2399 1166,2405 1211,2408 1256,2414 1301,2417 1345,2420 1390,2423 1435,2426 1480,2432 1524,2435 1569,2438 1614,2438 1659,2441 1703,2444 1748,2444 1793,2444 1838,2452 1850,2452"/>
                <TextEquiv>
                    <Unicode>auch Land. Reichde derlehre und B. für der Vater,</Unicode>
                </TextEquiv>
            </TextLine>
            <TextLine id="tr_2_tl_12" custom="readingOrder {index:11;}">
                <Coords points="510,2450 728,2548 972,2516 1042,2556 1178,2516 1558,2590 1884,2574 1874,2472 1352,2498 1184,2450 506,2410"/>
                <Baseline points="519,2438 564,2447 608,2455 653,2461 698,2473 743,2479 787,2485 832,2488 877,2491 922,2497 966,2497 1011,2503 1056,2503 1101,2506 1145,2512 1190,2515 1235,2518 1280,2521 1324,2527 1369,2530 1414,2533 1459,2536 1504,2542 1548,2548 1593,2548 1638,2551 1683,2554 1727,2557 1772,2560 1817,2566 1862,2572 1888,2575"/>
                <TextEquiv>
                    <Unicode>sondern aus die Mehruhl der andern Ritter</Unicode>
                </TextEquiv>
            </TextLine>
            <TextLine id="tr_2_tl_13" custom="readingOrder {index:12;}">
                <Coords points="512,2604 590,2572 820,2642 934,2610 1276,2632 1424,2696 1524,2660 1740,2720 1878,2686 1872,2620 1534,2576 1346,2600 1098,2532 884,2586 498,2456"/>
                <Baseline points="516,2542 561,2551 605,2560 650,2572 695,2578 740,2584 784,2590 829,2593 874,2599 919,2605 963,2608 1008,2611 1053,2614 1098,2614 1142,2620 1187,2620 1232,2623 1277,2629 1321,2635 1366,2637 1411,2640 1456,2643 1501,2649 1545,2652 1590,2655 1635,2661 1680,2664 1724,2667 1769,2670 1814,2676 1859,2682 1883,2682"/>
                <TextEquiv>
                    <Unicode>diese gut, am Theil her als der Nachbar</Unicode>
                </TextEquiv>
            </TextLine>
            <TextLine id="tr_2_tl_14" custom="readingOrder {index:13;}">
                <Coords points="512,2700 804,2760 1254,2732 1394,2794 1574,2766 1642,2812 1894,2820 1886,2724 1428,2700 1330,2644 852,2662 646,2588 506,2628"/>
                <Baseline points="519,2649 564,2661 608,2673 653,2682 698,2688 743,2691 787,2700 832,2703 877,2709 922,2712 966,2715 1011,2718 1056,2721 1101,2721 1145,2724 1190,2727 1235,2730 1280,2730 1324,2736 1369,2739 1414,2742 1459,2748 1504,2751 1548,2754 1593,2757 1638,2760 1683,2763 1727,2766 1772,2772 1817,2775 1862,2781 1894,2781"/>
                <TextEquiv>
                    <Unicode>beschen könnten. Und in Hil finde ich nichts,</Unicode>
                </TextEquiv>
            </TextLine>
            <TextLine id="tr_2_tl_15" custom="readingOrder {index:14;}">
                <Coords points="524,2812 842,2860 1128,2844 1334,2910 1482,2860 1768,2886 1954,2960 1944,2834 1262,2812 1066,2756 988,2804 702,2786 514,2702"/>
                <Baseline points="531,2772 575,2784 620,2790 665,2799 710,2802 754,2808 799,2814 844,2820 889,2823 934,2825 978,2831 1023,2831 1068,2834 1113,2837 1157,2840 1202,2843 1247,2846 1292,2849 1336,2852 1381,2855 1426,2858 1471,2858 1515,2861 1560,2867 1605,2867 1650,2870 1694,2879 1739,2882 1784,2888 1829,2897 1874,2909 1918,2918 1957,2924"/>
                <TextEquiv>
                    <Unicode>nichtes, was uns ein Theidigheit teraten hinzu¬</Unicode>
                </TextEquiv>
            </TextLine>
            <TextLine id="tr_2_tl_16" custom="readingOrder {index:15;}">
                <Coords points="528,2960 952,2934 1324,3000 1712,2992 1844,3038 1834,2928 1764,2962 1466,2882 1236,2912 1140,2846 988,2898 898,2846 754,2862 670,2810 516,2812"/>
                <Baseline points="534,2888 578,2891 623,2897 668,2906 713,2912 757,2915 802,2918 847,2924 892,2930 937,2933 981,2939 1026,2942 1071,2945 1116,2948 1160,2951 1205,2954 1250,2957 1295,2960 1339,2963 1384,2966 1429,2969 1474,2972 1518,2972 1563,2975 1608,2978 1653,2981 1697,2987 1742,2993 1787,3002 1832,3011 1847,3011"/>
                <TextEquiv>
                    <Unicode>bis get; dem natürlich was der 3. Acht bringt,</Unicode>
                </TextEquiv>
            </TextLine>
            <TextLine id="tr_2_tl_17" custom="readingOrder {index:16;}">
                <Coords points="546,3064 1164,3052 1282,3106 1810,3106 1806,3028 1692,3042 1600,2992 1348,3028 1186,2990 1126,3016 952,2934 754,2978 538,2956"/>
                <Baseline points="552,2993 596,2999 641,3005 686,3011 731,3016 775,3019 820,3025 865,3028 910,3034 954,3037 999,3037 1044,3040 1089,3043 1133,3046 1178,3052 1223,3055 1268,3058 1313,3061 1357,3064 1402,3064 1447,3067 1492,3070 1536,3073 1581,3076 1626,3079 1671,3079 1715,3085 1760,3088 1805,3094 1814,3097"/>
                <TextEquiv>
                    <Unicode>men ist nicht; Sie aber, die wir könt auch</Unicode>
                </TextEquiv>
            </TextLine>
            <TextLine id="tr_2_tl_18" custom="readingOrder {index:17;}">
                <Coords points="566,3170 1042,3154 1436,3176 1540,3244 1870,3234 1860,3060 1698,3116 1646,3078 1306,3108 1190,3056 560,3058"/>
                <Baseline points="572,3088 617,3097 662,3106 707,3115 752,3121 796,3124 841,3130 886,3130 931,3130 975,3133 1020,3133 1065,3136 1110,3136 1154,3136 1199,3139 1244,3142 1289,3145 1333,3148 1378,3151 1423,3154 1468,3157 1512,3160 1557,3157 1602,3160 1647,3160 1692,3160 1736,3163 1781,3169 1826,3175 1868,3178"/>
                <TextEquiv>
                    <Unicode>nicht! Ein gehört wahlsch – Sie vernehmen sich</Unicode>
                </TextEquiv>
            </TextLine>
        </TextRegion>
        <TextRegion id="tr_3" custom="readingOrder {index:2;}">
            <Coords points="2008,481 3467,481 3467,1272 2008,1272"/>
            <TextLine id="tr_3_tl_1" custom="readingOrder {index:0;}">
                <Coords points="2652,580 2670,584 2678,578 2692,584 2726,564 2740,566 2746,560 2764,566 2784,448 2764,444 2752,452 2734,452 2720,460 2710,456 2694,464 2674,456"/>
                <Baseline points="2667,552 2682,546 2727,540 2772,531"/>
                <TextEquiv>
                    <Unicode>171</Unicode>
                </TextEquiv>
            </TextLine>
            <TextLine id="tr_3_tl_2" custom="readingOrder {index:1;}">
                <Coords points="1998,668 2046,682 2232,614 2332,612 2404,640 2454,688 2516,692 2516,472 2428,504 2320,514 2256,546 2196,518 1998,574"/>
                <Baseline points="2008,647 2038,641 2082,629 2112,617 2157,611 2202,611 2247,608 2291,608 2336,611 2381,617 2426,626 2470,635 2515,641 2521,644"/>
                <TextEquiv>
                    <Unicode>Testing=Theater</Unicode>
                </TextEquiv>
            </TextLine>
            <TextLine id="tr_3_tl_3" custom="readingOrder {index:2;}">
                <Coords points="2702,668 2756,686 2834,680 2874,700 2940,696 3034,662 3120,670 3150,660 3154,562 3116,556 3068,590 2968,576 2888,606 2820,606 2802,592 2704,606"/>
                <Baseline points="2712,659 2754,653 2799,653 2843,650 2888,647 2933,644 2978,644 3022,644 3067,641 3112,641 3157,638"/>
                <TextEquiv>
                    <Unicode>Berlin plv. 40, den</Unicode>
                </TextEquiv>
            </TextLine>
            <TextLine id="tr_3_tl_4" custom="readingOrder {index:3;}">
                <Coords points="2174,710 2192,704 2208,708 2214,702 2226,710 2258,688 2278,688 2292,696 2304,688 2318,696 2342,690 2344,614 2312,614 2298,622 2280,612 2256,618 2232,614 2216,628 2176,634"/>
                <Baseline points="2184,680 2211,677 2256,677 2300,674 2345,677"/>
                <TextEquiv>
                    <Unicode>Direction</Unicode>
                </TextEquiv>
            </TextLine>
            <TextLine id="tr_3_tl_5" custom="readingOrder {index:4;}">
                <Coords points="2072,774 2140,790 2184,760 2196,770 2274,758 2310,778 2342,764 2364,782 2402,760 2416,774 2454,766 2454,720 2438,726 2398,698 2350,704 2336,688 2278,696 2258,686 2226,710 2178,696 2126,710 2106,694 2074,706"/>
                <Baseline points="2082,754 2100,754 2145,752 2190,749 2235,749 2279,746 2324,746 2369,743 2414,743 2458,749"/>
                <TextEquiv>
                    <Unicode>Dr. Otto Brahm.</Unicode>
                </TextEquiv>
            </TextLine>
            <TextLine id="tr_3_tl_6" custom="readingOrder {index:5;}">
                <Coords points="2218,850 2244,850 2266,866 2298,860 2298,768 2288,768 2280,760 2274,762 2270,758 2260,762 2250,760 2244,764 2238,758 2218,762"/>
                <Baseline points="2229,817 2273,817 2303,817"/>
                <TextEquiv>
                    <Unicode>*</Unicode>
                </TextEquiv>
            </TextLine>
            <TextLine id="tr_3_tl_7" custom="readingOrder {index:6;}">
                <Coords points="2904,944 3090,972 3144,1008 3276,1010 3336,972 3398,964 3462,988 3462,858 3446,854 3352,844 3326,860 3276,844 3224,872 3184,850 3120,880 3090,868 3052,882 3030,862 2904,850"/>
                <Baseline points="2915,934 2930,931 2975,931 3019,934 3064,934 3109,937 3154,937 3199,937 3243,940 3288,937 3333,937 3378,937 3422,931 3467,928"/>
                <TextEquiv>
                    <Unicode>Hanberg 27.8.05</Unicode>
                </TextEquiv>
            </TextLine>
            <TextLine id="tr_3_tl_8" custom="readingOrder {index:7;}">
                <Coords points="2572,1252 2622,1246 2740,1278 2848,1250 2900,1278 2934,1258 2976,1276 2994,1266 2986,1148 2930,1162 2886,1136 2836,1166 2812,1148 2774,1154 2740,1182 2598,1152 2566,1172"/>
                <Baseline points="2581,1223 2626,1229 2670,1232 2715,1238 2760,1241 2805,1244 2849,1247 2894,1250 2939,1253 2984,1259 2999,1262"/>
                <TextEquiv>
                    <Unicode>Liebe Freund,</Unicode>
                </TextEquiv>
            </TextLine>
        </TextRegion>
        <TextRegion id="tr_1" custom="readingOrder {index:3;}">
            <Coords points="2369,1346 3679,1346 3679,3110 2369,3110"/>
            <TextLine id="tr_1_tl_1" custom="readingOrder {index:0;}">
                <Coords points="2360,1438 3190,1432 3572,1488 3566,1374 3494,1362 3456,1398 3288,1392 3092,1318 2642,1382 2356,1328"/>
                <Baseline points="2369,1396 2414,1405 2458,1408 2503,1411 2548,1414 2593,1417 2637,1420 2682,1423 2727,1420 2772,1420 2817,1423 2861,1423 2906,1426 2951,1426 2996,1426 3040,1426 3085,1429 3130,1432 3175,1432 3219,1435 3264,1438 3309,1444 3354,1447 3398,1450 3443,1456 3488,1462 3533,1468 3577,1477"/>
                <TextEquiv>
                    <Unicode>die zwei Acte in der mindärischen</Unicode>
                </TextEquiv>
            </TextLine>
            <TextLine id="tr_1_tl_2" custom="readingOrder {index:1;}">
                <Coords points="2368,1508 2698,1556 2812,1520 3080,1590 3258,1572 3342,1606 3540,1548 3536,1468 3192,1508 3034,1438 2704,1490 2366,1430"/>
                <Baseline points="2378,1492 2423,1495 2467,1501 2512,1509 2557,1512 2602,1515 2646,1518 2691,1518 2736,1521 2781,1521 2825,1521 2870,1521 2915,1524 2960,1527 3005,1527 3049,1527 3094,1530 3139,1530 3184,1533 3228,1536 3273,1536 3318,1539 3363,1542 3407,1545 3452,1545 3497,1545 3542,1548 3545,1551"/>
                <TextEquiv>
                    <Unicode>Marie und dem dito Oberst habe ich</Unicode>
                </TextEquiv>
            </TextLine>
            <TextLine id="tr_1_tl_3" custom="readingOrder {index:2;}">
                <Coords points="2382,1624 2648,1624 2766,1684 2866,1640 3080,1702 3336,1648 3652,1718 3646,1614 3498,1578 2998,1610 2878,1536 2760,1604 2696,1556 2614,1590 2380,1572"/>
                <Baseline points="2393,1590 2438,1596 2482,1608 2527,1614 2572,1617 2617,1620 2661,1623 2706,1626 2751,1629 2796,1632 2840,1635 2885,1635 2930,1638 2975,1638 3019,1638 3064,1638 3109,1638 3154,1641 3199,1641 3243,1641 3288,1644 3333,1644 3378,1650 3422,1653 3467,1659 3512,1665 3557,1668 3601,1677 3646,1680 3655,1680"/>
                <TextEquiv>
                    <Unicode>nun erhalten, gelesen, und ein entschiedenes</Unicode>
                </TextEquiv>
            </TextLine>
            <TextLine id="tr_1_tl_4" custom="readingOrder {index:3;}">
                <Coords points="2410,1748 2642,1726 2954,1814 3452,1778 3592,1818 3568,1706 3266,1708 3212,1670 3142,1722 3070,1692 2892,1716 2632,1642 2406,1630"/>
                <Baseline points="2420,1703 2464,1709 2509,1718 2554,1721 2599,1724 2643,1727 2688,1730 2733,1736 2778,1742 2823,1745 2867,1745 2912,1748 2957,1748 3002,1748 3046,1751 3091,1751 3136,1751 3181,1751 3225,1754 3270,1748 3315,1748 3360,1748 3404,1751 3449,1754 3494,1754 3539,1760 3583,1763 3595,1763"/>
                <TextEquiv>
                    <Unicode>Plaet daruber geschrieben. Woln die</Unicode>
                </TextEquiv>
            </TextLine>
            <TextLine id="tr_1_tl_5" custom="readingOrder {index:4;}">
                <Coords points="2426,1836 2748,1854 2864,1914 3164,1854 3676,1898 3672,1788 2874,1814 2748,1758 2422,1732"/>
                <Baseline points="2435,1805 2479,1808 2524,1814 2569,1820 2614,1823 2658,1829 2703,1832 2748,1835 2793,1841 2837,1844 2882,1847 2927,1847 2972,1847 3016,1847 3061,1847 3106,1850 3151,1847 3196,1850 3240,1853 3285,1853 3330,1853 3375,1853 3419,1853 3464,1853 3509,1853 3554,1856 3598,1856 3643,1859 3679,1862"/>
                <TextEquiv>
                    <Unicode>of such for him dritter etsr dertet, drom</Unicode>
                </TextEquiv>
            </TextLine>
            <TextLine id="tr_1_tl_6" custom="readingOrder {index:5;}">
                <Coords points="2438,1936 2754,1940 2936,2006 2988,1980 3052,2012 3178,1964 3608,2002 3604,1946 3352,1872 3180,1912 3060,1878 2858,1914 2610,1890 2508,1842 2434,1862"/>
                <Baseline points="2447,1903 2491,1912 2536,1918 2581,1924 2626,1930 2670,1933 2715,1936 2760,1939 2805,1945 2849,1945 2894,1948 2939,1948 2984,1948 3028,1951 3073,1954 3118,1957 3163,1957 3207,1963 3252,1963 3297,1963 3342,1963 3387,1966 3431,1969 3476,1969 3521,1972 3566,1975 3610,1975"/>
                <TextEquiv>
                    <Unicode>hat ich verschst hier ichnes Gefühl,</Unicode>
                </TextEquiv>
            </TextLine>
            <TextLine id="tr_1_tl_7" custom="readingOrder {index:6;}">
                <Coords points="2450,2048 2582,2030 2792,2082 2848,2056 2998,2110 3168,2068 3602,2092 3600,2030 3460,2044 3360,1980 3140,1966 2912,2014 2700,1938 2446,1968"/>
                <Baseline points="2458,2014 2503,2020 2548,2026 2593,2032 2637,2038 2682,2044 2727,2047 2772,2047 2817,2050 2861,2053 2906,2056 2951,2059 2996,2059 3040,2062 3085,2062 3130,2065 3175,2065 3219,2065 3264,2065 3309,2065 3354,2068 3398,2071 3443,2073 3488,2076 3533,2082 3577,2085 3607,2091"/>
                <TextEquiv>
                    <Unicode>an dass es die letzte der Marie in</Unicode>
                </TextEquiv>
            </TextLine>
            <TextLine id="tr_1_tl_8" custom="readingOrder {index:7;}">
                <Coords points="2480,2136 2608,2150 2696,2208 2874,2162 2984,2192 3236,2174 3342,2220 3394,2188 3542,2190 3540,2126 3312,2130 3222,2090 2926,2132 2814,2094 2614,2108 2478,2080"/>
                <Baseline points="2491,2118 2536,2124 2581,2130 2626,2139 2670,2142 2715,2145 2760,2151 2805,2154 2849,2157 2894,2163 2939,2163 2984,2166 3028,2163 3073,2166 3118,2166 3163,2166 3207,2169 3252,2169 3297,2169 3342,2169 3387,2169 3431,2175 3476,2175 3521,2175 3545,2178"/>
                <TextEquiv>
                    <Unicode>métor entschlieen  sulte) die ist</Unicode>
                </TextEquiv>
            </TextLine>
            <TextLine id="tr_1_tl_9" custom="readingOrder {index:8;}">
                <Coords points="2470,2274 2672,2300 2916,2276 3074,2354 3252,2304 3486,2364 3556,2338 3544,2180 3230,2228 3076,2174 2956,2220 2620,2212 2538,2162 2466,2192"/>
                <Baseline points="2476,2217 2521,2223 2566,2232 2611,2238 2655,2244 2700,2247 2745,2250 2790,2253 2834,2256 2879,2259 2924,2261 2969,2261 3013,2267 3058,2273 3103,2273 3148,2279 3193,2282 3237,2285 3282,2285 3327,2285 3372,2288 3416,2291 3461,2294 3506,2297 3551,2297 3557,2297"/>
                <TextEquiv>
                    <Unicode>weitiges auch ohnedies zu zwischen glücken,</Unicode>
                </TextEquiv>
            </TextLine>
            <TextLine id="tr_1_tl_10" custom="readingOrder {index:9;}">
                <Coords points="2486,2338 2696,2352 2778,2394 2884,2360 3066,2438 3256,2392 3390,2430 3574,2414 3546,2340 3486,2362 3278,2312 3074,2354 2876,2288 2750,2322 2588,2264 2482,2272"/>
                <Baseline points="2497,2327 2542,2336 2587,2342 2632,2345 2676,2348 2721,2354 2766,2354 2811,2354 2855,2354 2900,2363 2945,2366 2990,2372 3034,2378 3079,2381 3124,2381 3169,2381 3213,2387 3258,2393 3303,2396 3348,2396 3392,2402 3437,2405 3482,2408 3527,2411 3572,2414 3577,2414"/>
                <TextEquiv>
                    <Unicode>und die Richwirkung des Geschchenen</Unicode>
                </TextEquiv>
            </TextLine>
            <TextLine id="tr_1_tl_11" custom="readingOrder {index:10;}">
                <Coords points="2472,2448 2610,2456 2672,2498 2838,2476 2894,2520 3084,2522 3126,2554 3328,2502 3636,2550 3630,2468 3576,2448 3408,2486 3320,2448 3064,2456 2948,2386 2834,2420 2468,2396"/>
                <Baseline points="2482,2432 2527,2441 2572,2447 2617,2452 2661,2455 2706,2458 2751,2458 2796,2461 2840,2461 2885,2464 2930,2467 2975,2470 3019,2476 3064,2479 3109,2485 3154,2488 3199,2494 3243,2497 3288,2497 3333,2500 3378,2503 3422,2506 3467,2509 3512,2512 3557,2515 3601,2521 3637,2521"/>
                <TextEquiv>
                    <Unicode>auf sie, weil – weil, + für schwer lassen,</Unicode>
                </TextEquiv>
            </TextLine>
            <TextLine id="tr_1_tl_12" custom="readingOrder {index:11;}">
                <Coords points="3122,2450 3142,2448 3150,2454 3182,2450 3194,2456 3208,2450 3238,2470 3260,2454 3272,2454 3270,2394 3256,2392 3236,2406 3206,2404 3188,2416 3160,2400 3144,2412 3136,2404 3120,2410"/>
                <Baseline points="3133,2438 3178,2441 3222,2441 3267,2444 3276,2444"/>
                <TextEquiv>
                    <Unicode>sollte</Unicode>
                </TextEquiv>
            </TextLine>
            <TextLine id="tr_1_tl_13" custom="readingOrder {index:12;}">
                <Coords points="2486,2606 2892,2576 3098,2640 3288,2612 3652,2650 3646,2572 3534,2532 3382,2558 3046,2526 2976,2554 2838,2476 2672,2498 2474,2446"/>
                <Baseline points="2491,2533 2536,2539 2581,2548 2626,2551 2670,2557 2715,2560 2760,2560 2805,2563 2849,2566 2894,2569 2939,2572 2984,2578 3028,2584 3073,2587 3118,2593 3163,2596 3207,2599 3252,2599 3297,2599 3342,2602 3387,2605 3431,2605 3476,2611 3521,2614 3566,2620 3610,2623 3655,2626"/>
                <TextEquiv>
                    <Unicode>samen ist heute, rest der ästen Leztere</Unicode>
                </TextEquiv>
            </TextLine>
            <TextLine id="tr_1_tl_14" custom="readingOrder {index:13;}">
                <Coords points="2516,2686 2852,2682 3040,2740 3110,2698 3330,2716 3414,2768 3476,2712 3604,2748 3600,2664 3246,2670 3142,2626 2946,2656 2840,2604 2510,2602"/>
                <Baseline points="2524,2640 2569,2646 2614,2652 2658,2655 2703,2658 2748,2664 2793,2667 2837,2673 2882,2676 2927,2682 2972,2685 3016,2688 3061,2691 3106,2694 3151,2697 3196,2700 3240,2700 3285,2703 3330,2703 3375,2703 3419,2706 3464,2709 3509,2712 3554,2712 3598,2718 3607,2718"/>
                <TextEquiv>
                    <Unicode>me vorzustellen; nelleicht werd ich</Unicode>
                </TextEquiv>
            </TextLine>
            <TextLine id="tr_1_tl_15" custom="readingOrder {index:14;}">
                <Coords points="2492,2772 2794,2830 3026,2796 3230,2812 3288,2858 3378,2816 3534,2836 3508,2716 3416,2768 3276,2780 3130,2728 2924,2710 2838,2754 2702,2746 2486,2688"/>
                <Baseline points="2500,2745 2545,2751 2590,2757 2635,2760 2679,2766 2724,2772 2769,2778 2814,2781 2858,2781 2903,2787 2948,2790 2993,2793 3037,2793 3082,2796 3127,2799 3172,2802 3216,2805 3261,2808 3306,2811 3351,2811 3395,2811 3440,2817 3485,2817 3530,2820 3536,2817"/>
                <TextEquiv>
                    <Unicode>nach nerem Leven hollscherter. Das</Unicode>
                </TextEquiv>
            </TextLine>
            <TextLine id="tr_1_tl_16" custom="readingOrder {index:15;}">
                <Coords points="2498,2868 2738,2940 2976,2898 3266,2952 3360,2910 3536,2932 3530,2858 3492,2844 3278,2866 3144,2800 3018,2798 2778,2846 2694,2796 2492,2774"/>
                <Baseline points="2506,2840 2551,2846 2596,2852 2640,2861 2685,2867 2730,2873 2775,2876 2820,2879 2864,2882 2909,2885 2954,2885 2999,2888 3043,2891 3088,2894 3133,2897 3178,2903 3222,2903 3267,2909 3312,2909 3357,2909 3401,2909 3446,2912 3491,2915 3536,2915 3539,2915"/>
                <TextEquiv>
                    <Unicode>Verhandene hat nur zu verfällt, eben</Unicode>
                </TextEquiv>
            </TextLine>
            <TextLine id="tr_1_tl_17" custom="readingOrder {index:16;}">
                <Coords points="2510,2954 2742,3020 2922,2992 3312,3022 3396,3058 3464,3018 3548,3048 3542,2974 3322,2986 3142,2910 2984,2902 2772,2946 2504,2866"/>
                <Baseline points="2521,2936 2566,2942 2611,2951 2655,2960 2700,2966 2745,2972 2790,2978 2834,2981 2879,2984 2924,2984 2969,2987 3013,2990 3058,2993 3103,2996 3148,2996 3193,3002 3237,3002 3282,3008 3327,3011 3372,3019 3416,3019 3461,3016 3506,3016 3551,3013"/>
                <TextEquiv>
                    <Unicode>geboren und stahren Giettücken (1) W</Unicode>
                </TextEquiv>
            </TextLine>
            <TextLine id="tr_1_tl_18" custom="readingOrder {index:17;}">
                <Coords points="3374,2986 3398,2988 3404,2980 3422,2978 3434,2990 3444,2988 3448,2992 3470,2976 3474,2980 3478,2976 3490,2980 3502,2978 3500,2950 3490,2950 3472,2936 3462,2938 3444,2928 3436,2928 3430,2934 3416,2928 3400,2938 3372,2942"/>
                <Baseline points="3384,2966 3428,2966 3473,2972 3506,2969"/>
                <TextEquiv>
                    <Unicode>werden</Unicode>
                </TextEquiv>
            </TextLine>
            <TextLine id="tr_1_tl_19" custom="readingOrder {index:18;}">
                <Coords points="2540,3094 2934,3080 3038,3140 3250,3106 3574,3154 3566,3028 3208,3058 3150,3020 3082,3050 2796,2996 2536,3010"/>
                <Baseline points="2548,3043 2593,3043 2637,3052 2682,3058 2727,3064 2772,3070 2817,3073 2861,3076 2906,3079 2951,3082 2996,3082 3040,3082 3085,3085 3130,3088 3175,3088 3219,3094 3264,3097 3309,3100 3354,3100 3398,3100 3443,3100 3488,3097 3533,3094 3572,3094"/>
                <TextEquiv>
                    <Unicode>möchte es als ein stilistischer Geschen</Unicode>
                </TextEquiv>
            </TextLine>
        </TextRegion>
    </Page>
</PcGts>
