3870 4056
2621 637 2756 789 155
2054 724 2503 870 sing=Theater
3109 780 3513 888 1.7 1904
2631 809 3075 909 Berlin N W. 40, den
2145 831 2300 893 Direction
2040 882 2405 981 Dr. Otto Brahm.
2455 1354 3008 1510 Lieter Freut.
2248 1587 3489 1697 ich grüsse sie haulich aus dem
2273 1697 3513 1805 nenen Hause in das ich heute
2302 1836 3551 1934 eingezogen bin und in dem arch¬
2312 1925 3504 2070 Sie ist ein Hause fühlen mögen.
2477 2065 3447 2172 Weshalb vastunuk ihr
2309 2143 3666 2297 l' wdrucher Mund? In which I have
2319 2292 3545 2403 ren weissen Hirnk eine Kark, von
2349 2398 3633 2530 ich mir eine gute Portion Frische
2352 2515 3592 2628 für diese an streit mehr als an
2357 2623 3558 2751 Aureging rechte Übersiedelungszeit
2371 2749 3594 2847 geholt hak. Nun denke ich noch
2390 2839 3638 2955 eine Woche zur Instellation hier
2385 2933 3687 3089 ihn verklärten und dann erst Agne¬
2393 3087 3565 3237 tendorf an H. in fahrer, dem es
2381 3209 3589 3337 besser, aber noch lange nicht gut
