<?xml version="1.0" encoding="UTF-8" standalone="yes"?>
<PcGts xmlns="http://schema.primaresearch.org/PAGE/gts/pagecontent/2013-07-15" xmlns:xsi="http://www.w3.org/2001/XMLSchema-instance" xsi:schemaLocation="http://schema.primaresearch.org/PAGE/gts/pagecontent/2013-07-15 http://schema.primaresearch.org/PAGE/gts/pagecontent/2013-07-15/pagecontent.xsd">
    <Metadata>
        <Creator>prov=READ-COOP:name=TrHtr:version=2.1.0:model_id=51170:date=25_07_2023_23:31</Creator>
        <Created>2023-05-02T07:44:29.157+02:00</Created>
        <LastChange>2023-07-25T23:31:03.486+02:00</LastChange>
        <TranskribusMetadata docId="1416705" pageId="54950330" pageNr="47" tsid="130848799" status="IN_PROGRESS" userId="64420" imgUrl="https://files.transkribus.eu/Get?id=SXHYNFFSADIGOEFFJJFXCFDJ&amp;fileType=view" xmlUrl="https://files.transkribus.eu/Get?id=ZLQEPWZYOWBFHAAXCVDITCBF" imageId="44454056"/>
    </Metadata>
    <Page imageFilename="1416705_0047.jpg" imageWidth="3865" imageHeight="4104">
        <ReadingOrder>
            <OrderedGroup id="ro_1711829593697" caption="Regions reading order">
                <RegionRefIndexed index="0" regionRef="tr_2"/>
                <RegionRefIndexed index="1" regionRef="tr_1"/>
            </OrderedGroup>
        </ReadingOrder>
        <TextRegion id="tr_2" custom="readingOrder {index:0;}">
            <Coords points="340,1302 1540,1302 1540,2370 340,2370"/>
            <TextLine id="tr_2_tl_1" custom="readingOrder {index:0;}">
                <Coords points="331,1388 646,1351 1007,1404 1113,1359 1373,1408 1435,1377 1435,1295 1064,1309 1021,1281 789,1340 591,1303 487,1332 330,1284"/>
                <Baseline points="340,1352 385,1352 429,1358 474,1361 519,1361 564,1364 608,1364 653,1367 698,1367 743,1364 787,1367 832,1367 877,1367 922,1367 967,1367 1011,1367 1056,1367 1101,1364 1146,1361 1190,1364 1235,1367 1280,1369 1325,1367 1369,1369 1414,1375 1438,1375"/>
                <TextEquiv>
                    <Unicode>heiss ist. Man auf und weg</Unicode>
                </TextEquiv>
            </TextLine>
            <TextLine id="tr_2_tl_2" custom="readingOrder {index:1;}">
                <Coords points="342,1499 1427,1527 1454,1436 1275,1435 1191,1485 918,1436 806,1464 761,1432 633,1482 339,1424"/>
                <Baseline points="349,1471 393,1474 438,1480 483,1486 528,1489 573,1492 617,1492 662,1492 707,1492 752,1492 796,1492 841,1495 886,1498 931,1498 976,1498 1020,1501 1065,1501 1110,1504 1155,1504 1199,1507 1244,1507 1289,1507 1334,1507 1378,1510 1423,1513 1459,1516"/>
                <TextEquiv>
                    <Unicode>Ihres eine Monatsschluss guldene</Unicode>
                </TextEquiv>
            </TextLine>
            <TextLine id="tr_2_tl_3" custom="readingOrder {index:2;}">
                <Coords points="349,1611 426,1615 454,1633 484,1618 571,1662 612,1633 654,1640 677,1631 672,1583 624,1592 573,1558 529,1580 506,1576 490,1595 391,1534 344,1562"/>
                <Baseline points="355,1596 399,1599 444,1605 489,1608 534,1614 579,1617 623,1620 668,1620 680,1620"/>
                <TextEquiv>
                    <Unicode>dior lesen.</Unicode>
                </TextEquiv>
            </TextLine>
            <TextLine id="tr_2_tl_4" custom="readingOrder {index:3;}">
                <Coords points="352,1740 728,1715 900,1757 1416,1740 1485,1769 1483,1699 1408,1661 1167,1695 1092,1650 973,1707 889,1668 349,1675"/>
                <Baseline points="358,1695 402,1701 447,1707 492,1710 537,1713 582,1716 626,1719 671,1719 716,1716 761,1716 805,1716 850,1722 895,1725 940,1728 984,1731 1029,1734 1074,1734 1119,1737 1164,1737 1208,1737 1253,1740 1298,1740 1343,1737 1387,1737 1432,1740 1477,1746 1489,1749"/>
                <TextEquiv>
                    <Unicode>kam meht wurde Passe? Dort</Unicode>
                </TextEquiv>
            </TextLine>
            <TextLine id="tr_2_tl_5" custom="readingOrder {index:4;}">
                <Coords points="356,1853 503,1822 713,1858 900,1832 982,1874 1077,1843 1169,1863 1166,1791 991,1811 772,1769 721,1807 680,1785 532,1793 484,1763 353,1777"/>
                <Baseline points="364,1817 408,1817 453,1823 498,1823 543,1826 587,1829 632,1829 677,1832 722,1832 767,1829 811,1832 856,1832 901,1832 946,1835 990,1841 1035,1841 1080,1844 1125,1847 1170,1853 1172,1853"/>
                <TextEquiv>
                    <Unicode>das auchten Sie mündlich</Unicode>
                </TextEquiv>
            </TextLine>
            <TextLine id="tr_2_tl_6" custom="readingOrder {index:5;}">
                <Coords points="825,1972 946,1953 982,1975 1036,1947 1242,2003 1335,1961 1536,1998 1520,1916 1357,1933 1256,1889 1125,1877 974,1931 875,1872 820,1871"/>
                <Baseline points="832,1937 877,1940 922,1943 967,1946 1011,1946 1056,1946 1101,1952 1146,1952 1190,1954 1235,1957 1280,1957 1325,1960 1369,1966 1414,1966 1459,1972 1504,1981 1540,1990"/>
                <TextEquiv>
                    <Unicode>Wenn Leutst zu ermehmen</Unicode>
                </TextEquiv>
            </TextLine>
            <TextLine id="tr_2_tl_7" custom="readingOrder {index:6;}">
                <Coords points="963,2106 1116,2092 1135,2107 1200,2093 1373,2123 1370,2056 1317,2065 1271,2037 1256,2048 1180,1995 1164,2008 1117,1990 962,2073"/>
                <Baseline points="970,2089 1014,2086 1059,2083 1104,2083 1149,2083 1193,2086 1238,2086 1283,2092 1328,2101 1372,2113 1375,2113"/>
                <TextEquiv>
                    <Unicode>Byln</Unicode>
                </TextEquiv>
            </TextLine>
            <TextLine id="tr_2_tl_8" custom="readingOrder {index:7;}">
                <Coords points="380,2255 591,2278 658,2244 854,2247 962,2299 1166,2233 1355,2258 1368,2202 1279,2221 1161,2169 868,2207 711,2163 598,2227 458,2176 381,2191"/>
                <Baseline points="388,2253 432,2253 477,2247 522,2247 567,2247 611,2244 656,2244 701,2238 746,2238 790,2238 835,2238 880,2238 925,2235 970,2232 1014,2235 1059,2232 1104,2232 1149,2232 1193,2229 1238,2232 1283,2238 1328,2247 1369,2253"/>
                <TextEquiv>
                    <Unicode>Meyer Domasty to man</Unicode>
                </TextEquiv>
            </TextLine>
            <TextLine id="tr_2_tl_9" custom="readingOrder {index:8;}">
                <Coords points="414,2397 661,2406 929,2353 1219,2395 1416,2376 1418,2311 1041,2271 982,2305 892,2267 789,2327 582,2337 416,2303"/>
                <Baseline points="423,2360 435,2357 480,2360 525,2360 570,2360 614,2360 659,2357 704,2357 749,2360 793,2354 838,2354 883,2354 928,2351 973,2345 1017,2345 1062,2345 1107,2345 1152,2348 1196,2345 1241,2345 1286,2345 1331,2345 1375,2345 1420,2348"/>
                <TextEquiv>
                    <Unicode>Chery and Fr. Hgstfeld her</Unicode>
                </TextEquiv>
            </TextLine>
        </TextRegion>
        <TextRegion id="tr_1" custom="readingOrder {index:1;}">
            <Coords points="2283,720 3560,720 3560,3311 2283,3311"/>
            <TextLine id="tr_1_tl_1" custom="readingOrder {index:0;}">
                <Coords points="2663,786 2674,784 2699,795 2711,792 2725,805 2734,797 2745,797 2739,707 2720,703 2708,711 2691,707 2681,714 2674,710 2658,713"/>
                <Baseline points="2671,770 2716,773 2748,776"/>
                <TextEquiv>
                    <Unicode>58</Unicode>
                </TextEquiv>
            </TextLine>
            <TextLine id="tr_1_tl_2" custom="readingOrder {index:1;}">
                <Coords points="2596,935 3130,957 3360,878 3508,918 3517,837 3267,806 3133,851 2934,781 2596,845"/>
                <Baseline points="2605,877 2650,874 2695,877 2739,877 2784,877 2829,874 2874,874 2919,874 2963,874 3008,877 3053,874 3098,877 3142,874 3187,874 3232,877 3277,877 3322,877 3366,877 3411,874 3456,877 3501,877 3521,877"/>
                <TextEquiv>
                    <Unicode>Berlin N. W., den 9. 7 1899</Unicode>
                </TextEquiv>
            </TextLine>
            <TextLine id="tr_1_tl_3" custom="readingOrder {index:2;}">
                <Coords points="2464,1472 2572,1502 2619,1475 2695,1485 2725,1511 2974,1480 3094,1497 3091,1429 2988,1444 2920,1399 2790,1433 2728,1391 2678,1419 2594,1388 2459,1396"/>
                <Baseline points="2471,1450 2516,1453 2560,1459 2605,1462 2650,1465 2695,1468 2739,1474 2784,1474 2829,1474 2874,1471 2919,1474 2963,1477 3008,1480 3053,1483 3098,1489"/>
                <TextEquiv>
                    <Unicode>Licht Herr Schütseln</Unicode>
                </TextEquiv>
            </TextLine>
            <TextLine id="tr_1_tl_4" custom="readingOrder {index:3;}">
                <Coords points="2274,1721 2515,1779 2653,1748 2792,1787 3086,1755 3432,1783 3428,1724 3326,1748 3225,1701 3081,1729 2590,1662 2272,1685"/>
                <Baseline points="2283,1710 2328,1713 2372,1716 2417,1725 2462,1731 2507,1734 2551,1737 2596,1740 2641,1743 2686,1743 2731,1746 2775,1746 2820,1749 2865,1752 2910,1752 2954,1755 2999,1755 3044,1755 3089,1755 3133,1758 3178,1763 3223,1766 3268,1769 3313,1769 3357,1772 3402,1772 3435,1775"/>
                <TextEquiv>
                    <Unicode>in der freyl. Angelegenheit michte ich</Unicode>
                </TextEquiv>
            </TextLine>
            <TextLine id="tr_1_tl_5" custom="readingOrder {index:4;}">
                <Coords points="2288,1841 2840,1889 3279,1868 3442,1906 3439,1844 3181,1852 3095,1801 2923,1852 2798,1808 2647,1833 2389,1780 2286,1799"/>
                <Baseline points="2295,1811 2340,1817 2384,1823 2429,1829 2474,1838 2519,1844 2563,1847 2608,1853 2653,1853 2698,1856 2742,1859 2787,1862 2832,1865 2877,1865 2922,1865 2966,1865 3011,1868 3056,1865 3101,1865 3145,1868 3190,1868 3235,1868 3280,1868 3324,1871 3369,1871 3414,1874 3444,1874"/>
                <TextEquiv>
                    <Unicode>wünschen, dass liebe die Herren von der</Unicode>
                </TextEquiv>
            </TextLine>
            <TextLine id="tr_1_tl_6" custom="readingOrder {index:5;}">
                <Coords points="2309,1936 3558,2000 3554,1925 3407,1894 3282,1953 3161,1924 3103,1953 2892,1900 2779,1938 2723,1899 2512,1924 2306,1860"/>
                <Baseline points="2316,1916 2360,1922 2405,1925 2450,1931 2495,1937 2540,1943 2584,1946 2629,1952 2674,1952 2719,1954 2763,1954 2808,1957 2853,1957 2898,1960 2942,1960 2987,1963 3032,1963 3077,1966 3122,1966 3166,1969 3211,1969 3256,1969 3301,1969 3345,1969 3390,1969 3435,1972 3480,1975 3524,1975 3560,1978"/>
                <TextEquiv>
                    <Unicode>Zest’, ohr Sie selbst sich dort an Haupt¬</Unicode>
                </TextEquiv>
            </TextLine>
            <TextLine id="tr_1_tl_7" custom="readingOrder {index:6;}">
                <Coords points="2297,2028 2541,2046 2655,2101 2737,2064 3410,2084 3352,2039 3047,2015 2991,2042 2909,2001 2734,2039 2295,2000"/>
                <Baseline points="2304,2008 2348,2014 2393,2020 2438,2026 2483,2032 2528,2038 2572,2044 2617,2050 2662,2050 2707,2053 2751,2056 2796,2059 2841,2056 2886,2059 2931,2062 2975,2065 3020,2068 3065,2068 3110,2068 3154,2071 3199,2074 3244,2074 3289,2077 3333,2077 3378,2080 3414,2083"/>
                <TextEquiv>
                    <Unicode>men werden; ich könnte es auch ein</Unicode>
                </TextEquiv>
            </TextLine>
            <TextLine id="tr_1_tl_8" custom="readingOrder {index:7;}">
                <Coords points="2305,2126 3525,2218 3520,2141 3418,2107 3265,2162 3211,2124 2921,2148 2303,2095"/>
                <Baseline points="2313,2107 2357,2113 2402,2116 2447,2125 2492,2128 2537,2134 2581,2140 2626,2143 2671,2149 2716,2151 2760,2151 2805,2151 2850,2157 2895,2157 2939,2157 2984,2163 3029,2163 3074,2166 3119,2166 3163,2166 3208,2169 3253,2172 3298,2175 3342,2178 3387,2181 3432,2184 3477,2184 3521,2184 3527,2181"/>
                <TextEquiv>
                    <Unicode>swittere then ui wastiten hinte</Unicode>
                </TextEquiv>
            </TextLine>
            <TextLine id="tr_1_tl_9" custom="readingOrder {index:8;}">
                <Coords points="2323,2241 2442,2216 2669,2277 3175,2261 3410,2303 3405,2227 3108,2247 2826,2210 2781,2236 2652,2182 2565,2207 2319,2160"/>
                <Baseline points="2331,2202 2375,2208 2420,2214 2465,2220 2510,2223 2554,2229 2599,2235 2644,2241 2689,2244 2734,2244 2778,2247 2823,2250 2868,2250 2913,2253 2957,2256 3002,2259 3047,2259 3092,2259 3136,2262 3181,2262 3226,2265 3271,2268 3316,2271 3360,2274 3405,2280 3411,2280"/>
                <TextEquiv>
                    <Unicode>ich die Gäte doch nicht, an</Unicode>
                </TextEquiv>
            </TextLine>
            <TextLine id="tr_1_tl_10" custom="readingOrder {index:9;}">
                <Coords points="2327,2316 2406,2351 2540,2322 3075,2387 3298,2375 3470,2436 3453,2334 3285,2353 2893,2285 2323,2264"/>
                <Baseline points="2334,2298 2378,2301 2423,2313 2468,2316 2513,2319 2557,2322 2602,2328 2647,2331 2692,2334 2736,2337 2781,2340 2826,2343 2871,2345 2916,2348 2960,2351 3005,2354 3050,2354 3095,2357 3139,2360 3184,2363 3229,2366 3274,2366 3319,2363 3363,2363 3408,2366 3453,2369 3468,2369"/>
                <TextEquiv>
                    <Unicode>Haarpt. wie ich bestimmt glück, nach</Unicode>
                </TextEquiv>
            </TextLine>
            <TextLine id="tr_1_tl_11" custom="readingOrder {index:10;}">
                <Coords points="2337,2423 2485,2462 2560,2423 2781,2471 3446,2478 3442,2431 3309,2404 3075,2432 2935,2387 2854,2429 2334,2367"/>
                <Baseline points="2345,2402 2390,2408 2435,2414 2480,2417 2525,2420 2569,2423 2614,2429 2659,2435 2704,2438 2748,2441 2793,2444 2838,2447 2883,2444 2928,2447 2972,2453 3017,2453 3062,2453 3107,2456 3151,2459 3196,2462 3241,2465 3286,2465 3330,2465 3375,2465 3420,2465 3450,2471"/>
                <TextEquiv>
                    <Unicode>geneigt sein wird. Was sollte also der</Unicode>
                </TextEquiv>
            </TextLine>
            <TextLine id="tr_1_tl_12" custom="readingOrder {index:11;}">
                <Coords points="2337,2527 3049,2588 3484,2579 3481,2512 3167,2541 2982,2496 2851,2527 2334,2471"/>
                <Baseline points="2345,2501 2390,2504 2435,2507 2480,2510 2525,2519 2569,2525 2614,2531 2659,2534 2704,2537 2748,2540 2793,2542 2838,2545 2883,2545 2928,2545 2972,2548 3017,2551 3062,2551 3107,2554 3151,2557 3196,2560 3241,2563 3286,2560 3330,2560 3375,2560 3420,2560 3465,2560 3489,2560"/>
                <TextEquiv>
                    <Unicode>Mibels man ein Midsmmes wohl</Unicode>
                </TextEquiv>
            </TextLine>
            <TextLine id="tr_1_tl_13" custom="readingOrder {index:12;}">
                <Coords points="2356,2624 2783,2647 2969,2703 3077,2663 3537,2671 3534,2614 3486,2602 3421,2638 3158,2602 3028,2646 2831,2590 2353,2574"/>
                <Baseline points="2363,2599 2408,2602 2453,2611 2498,2617 2542,2623 2587,2629 2632,2632 2677,2638 2722,2641 2766,2644 2811,2647 2856,2650 2901,2653 2945,2656 2990,2659 3035,2662 3080,2659 3125,2656 3169,2659 3214,2662 3259,2659 3304,2662 3348,2662 3393,2665 3438,2665 3483,2668 3527,2671 3542,2671"/>
                <TextEquiv>
                    <Unicode>aussichten? Entschuldigen Sie mich hätte</Unicode>
                </TextEquiv>
            </TextLine>
            <TextLine id="tr_1_tl_14" custom="readingOrder {index:13;}">
                <Coords points="2364,2744 2498,2728 3235,2798 3217,2702 3091,2745 2927,2744 2750,2689 2646,2728 2520,2677 2468,2700 2359,2683"/>
                <Baseline points="2369,2707 2414,2710 2459,2722 2504,2728 2548,2734 2593,2736 2638,2742 2683,2739 2728,2745 2772,2745 2817,2751 2862,2754 2907,2757 2951,2760 2996,2766 3041,2766 3086,2769 3130,2772 3175,2775 3220,2781 3238,2781"/>
                <TextEquiv>
                    <Unicode>und sein Sie mir nicht bese.</Unicode>
                </TextEquiv>
            </TextLine>
            <TextLine id="tr_1_tl_15" custom="readingOrder {index:14;}">
                <Coords points="2369,2826 2484,2867 2551,2837 2745,2884 3144,2878 3509,2948 3491,2846 3046,2859 2366,2776"/>
                <Baseline points="2375,2814 2420,2820 2465,2826 2510,2832 2554,2838 2599,2844 2644,2847 2689,2850 2734,2853 2778,2856 2823,2859 2868,2862 2913,2865 2957,2871 3002,2874 3047,2877 3092,2880 3136,2877 3181,2883 3226,2886 3271,2883 3316,2886 3360,2886 3405,2886 3450,2889 3495,2898 3510,2898"/>
                <TextEquiv>
                    <Unicode>Dun die Arbet vellinnert ist ja wenig</Unicode>
                </TextEquiv>
            </TextLine>
            <TextLine id="tr_1_tl_16" custom="readingOrder {index:15;}">
                <Coords points="2380,2949 2501,2937 2619,2991 2795,2963 3072,3016 3333,2997 3427,3060 3502,3035 3497,2966 3407,2940 3237,2974 2376,2901"/>
                <Baseline points="2387,2925 2432,2928 2477,2933 2522,2939 2566,2942 2611,2948 2656,2951 2701,2954 2745,2960 2790,2963 2835,2966 2880,2969 2925,2972 2969,2978 3014,2981 3059,2984 3104,2987 3148,2990 3193,2993 3238,2993 3283,2993 3327,2996 3372,2999 3417,3002 3462,3005 3504,3011"/>
                <TextEquiv>
                    <Unicode>tröstlich; es habe immer die ithung,</Unicode>
                </TextEquiv>
            </TextLine>
            <TextLine id="tr_1_tl_17" custom="readingOrder {index:16;}">
                <Coords points="2389,3052 3035,3116 3257,3100 3341,3136 3547,3111 3540,3018 3330,3078 3197,3035 3010,3042 2893,2990 2734,3042 2384,2974"/>
                <Baseline points="2396,3029 2441,3032 2486,3035 2531,3041 2575,3047 2620,3053 2665,3059 2710,3062 2754,3065 2799,3068 2844,3071 2889,3074 2933,3080 2978,3083 3023,3083 3068,3089 3113,3092 3157,3095 3202,3098 3247,3098 3292,3101 3336,3104 3381,3104 3426,3104 3471,3107 3516,3107 3551,3107"/>
                <TextEquiv>
                    <Unicode>als wirken Sie drei, nach einiger Zeit</Unicode>
                </TextEquiv>
            </TextLine>
            <TextLine id="tr_1_tl_18" custom="readingOrder {index:17;}">
                <Coords points="2400,3179 2526,3158 2807,3235 2909,3192 3484,3217 3480,3122 3360,3158 3002,3130 2842,3167 2565,3088 2395,3116"/>
                <Baseline points="2405,3130 2450,3133 2495,3139 2540,3148 2584,3154 2629,3160 2674,3163 2719,3169 2763,3172 2808,3181 2853,3181 2898,3181 2942,3184 2987,3187 3032,3187 3077,3190 3122,3190 3166,3190 3211,3190 3256,3190 3301,3193 3345,3196 3390,3199 3435,3199 3480,3202 3489,3202"/>
                <TextEquiv>
                    <Unicode>der Gefriskung. auf den Monosten</Unicode>
                </TextEquiv>
            </TextLine>
            <TextLine id="tr_1_tl_19" custom="readingOrder {index:18;}">
                <Coords points="2442,3298 2554,3271 2677,3307 2892,3277 3033,3327 3503,3302 3498,3215 3136,3254 2895,3201 2812,3239 2610,3190 2437,3195"/>
                <Baseline points="2447,3241 2492,3241 2537,3250 2581,3253 2626,3262 2671,3268 2716,3274 2760,3271 2805,3274 2850,3277 2895,3277 2939,3283 2984,3286 3029,3289 3074,3289 3119,3286 3163,3286 3208,3289 3253,3289 3298,3289 3342,3292 3387,3292 3432,3295 3477,3301 3507,3301"/>
                <TextEquiv>
                    <Unicode>Schlin" eurchgreifen. Aber auch</Unicode>
                </TextEquiv>
            </TextLine>
        </TextRegion>
    </Page>
</PcGts>
