3915 4087
209 666 1777 853 an zu wertes Land; und ist werde mich
211 765 1753 942 zum nähden. O, lieber Schickler verhalte
229 918 1841 1051 haben Sie nicht die Nr. 3 danns acceptirt.
252 1016 1743 1199 dann wären wir aus den Hn und Hr
244 1135 1860 1290 raus. Theile ist ein isherk Saste all.
260 1260 1852 1421 mal doch: deshalb hilft aller Eheren. Er¬
264 1393 1874 1586 nigen nichte, der Churk soll zu gleißen! Ob
272 1509 1833 1739 See Gut für Berlin, wenn das Burgtheater
282 1636 1789 1827 noch nicht zusammen keine nazalassen
300 1761 1868 1978 das kam ich so sehr nicht Ihr Vertrauen
298 1870 1765 2095 ehet niet entscheiden; jus med contra
278 2010 1847 2208 lässt ich so viel sehr, dass er Sie des
292 2097 1856 2343 In ach Nän sagen hilfen. – Den Jann
304 2244 1843 2467 hann ich ihnen nun beim schrieben Willen
314 2391 1870 2596 richt mehr zuschieden, wol aber die Mitte des
304 2473 1785 2739 Februar, die auch noch ein sehr schöne
344 2600 1763 2862 Zeit ist. Das ist sie nicht emphende
324 2767 1896 2991 sehen in diesem Gedräge von Antrag
336 2894 1904 3127 Mlaak härkenden Mimen (nach-gleichschaft
360 3007 1922 3242 mise – auf ein Publikum auf Monate
344 3158 1872 3359 hinaus in disponiren das habe ich Ihnen
2055 720 2588 871 Tessing-Theater
2826 729 3578 902 Berlin WW. 40, den 4. 10. 1910
2234 809 2403 888 Direktion
2143 863 2493 1006 Dr. Otto Brahm.
2719 853 2898 990 276
2582 1187 3117 1342 Liebe Freud.
2302 1425 3516 1606 ich schreibe Ihnen aus Tagel tue
2337 1564 3522 1749 Berlin, und ich heute hinzugefahren
2324 1678 3643 1874 him, um in einem Herthaus, des festes
2349 1797 3623 2019 Schloss Tegel und Humboldtissen war, an
2345 1936 3554 2107 boden auszumlen. Vielleicht erst, in
2343 2037 3512 2238 arbeten. Vielleicht auch etwas ist
2334 2141 3578 2365 Reine in schreiben. Natürlich ist das
2328 2288 3643 2493 Wette sofort umgeschlagen, und esse sehr
2343 2419 3675 2618 in 5 he der Lampe. Natulik ist auch
2343 2548 3620 2723 die Consulent die Wege mit die Em¬
2351 2640 3653 2854 stagsdame fragte nicht unvorkommend
2361 2787 3600 2985 ob ich einen Tische Achten wolle
2343 2914 2860 3043 mit Mrissi.
2343 2972 3596 3194 Als das alles wollen Sie ja gar
2343 3133 3512 3315 nicht wissen. Des ist selbst Ihnen
