4019 4041
231 580 1149 747 von ihr etzuschirger
268 722 1753 852 Hrnys Cerser; keiner Sie mir willigkeit
291 839 1794 998 etwas sehen (von in Erfahrung kirchen, über
311 947 1788 1089 die schweren Gläne des Vollmittnungs mit
347 1060 1726 1225 der Eichau. Ihm lese so allerlei in den
342 1182 1899 1345 Betrefe, woraus ich richt hlich werde; und
355 1293 1914 1409 obgleich ist als teates possiders des allein
371 1415 1800 1572 gen Wied Aufführungsrechtes entig sein
369 1534 1842 1633 hinte - trin de Deutel der nächigten
382 1640 1390 1765 Herrn Wisse und Wuchen.
392 1767 1745 1854 Dus schöne Hochtwetter, das ist mit
431 1840 1780 2003 getheilter Freude priess, wird Ihn
433 1988 1728 2124 die Röse der Spöttelgasse um gern
481 2098 1753 2240 offertiren; that I have also dusure
470 2209 1928 2351 nicht nach, jetzt so nicht zu vom Gebethol
493 2351 953 2522 zu wohn?
1122 2378 1592 2533 Viele Opzige
1252 2537 1429 2648 Zwis
1404 2597 1547 2714 vot
2683 573 2838 714 144
2693 644 3665 802 Berlin N. 20., den 8 4 190 7
2617 1107 3294 1324 Liebe Herr Schnitzler
2397 1355 3679 1524 werden ich Ihr Stich gelesen hatte,
2407 1485 3622 1621 empfand ich den starkes Verlaufen.
2415 1584 3731 1714 es mir unter Mal zu lesen, durch
2429 1642 3615 1817 Your les ick and can do the
2425 1801 3710 1947 Mal- und nun glaube ich, das weitige
2454 1899 3578 2044 verständniss und die weitige
2475 1980 3665 2178 Exiting for as I am not je-
2465 2126 3747 2283 wennen er haben, das nie die heissen
2493 2230 3702 2364 with all and jeuertif asstraat,
2495 2316 3719 2477 ohne dass ich von seiner Wirkung.
2473 2448 3617 2580 zu in einer Verständlichkeit
2495 2524 3630 2712 for die Bitte gern istaucht,
2504 2630 3688 2793 nicht. Nun das werden wir je aus
2526 2759 3675 2896 probleren; und wie werden auch
2510 2842 3630 2990 mündlich mersiedliche Geld
2537 2945 3702 3075 viterli darüber reden können:
2559 3052 3663 3252 ich dabei über den Können
