3913 4135
1552 699 1666 775 26
1564 750 2533 928 Berlin N. 20, den 28. Jan 1898.
1288 887 2549 1081 Herrn Dr. Arthur Schnitzler
1595 1014 2582 1204 Wien XIX Frankgasse 1.
1165 1159 2519 1390 Sehr geehrter Herr Doctor!
1310 1345 2545 1537 Ihr neues Schauspiel habe ich
1112 1476 2596 1668 sogleich nach Empfang mit großem
1079 1574 2600 1768 Interesse gelesen und bin selbstver¬
1082 1676 2547 1881 ständlich bereit es auch zu führten.
1084 1785 2586 1987 Freilich haben sich mir bei den er¬
1104 1893 2564 2089 sten Lectüre noch einige Ein¬
1079 2003 2615 2206 wendungen ergeben, die ich aber
1071 2120 2621 2298 erst formulieren möchte, nachdem
1075 2235 2607 2419 ich das Stück noch einmal gelesen
1090 2324 2609 2525 und reiflich überdacht haben, so daß
1071 2429 2643 2627 ich Sie lütten muß, sich einige Tage
1098 2564 2549 2758 zu gedulden; vielleicht könne ich
1106 2672 2570 2856 Ihnen dann auch gleich mit be¬
1073 2762 2615 2952 stimmten Aenderungsverschlägen
1118 2876 2553 3058 kommen. Ob es zweckmäßig
