4003 4056
90 750 1729 911 haben vorausgesetzt, dass nicht 1-2. Jahren darin
102 887 1653 1007 staten? - Der Zusammen Weg möchte ich gern
661 975 915 1034 wenniglich
116 983 1688 1107 wieder aufnehmen, grit Rechter als Julian, im Last
153 1081 1633 1215 at Saison; were the seve deca bringen hinunter
181 1182 1706 1317 for Johanna im 4. that ein ganz hllin wenig
224 1284 1733 1384 noch in then wilden Sie meine Lust zur Tasse
245 1390 1757 1507 die nicht gering ist, nach strnaliren. Sie glücken
267 1468 1770 1625 nisht wee oft men he herk an deesem Tung
271 1598 1774 1717 (der iszt nur mein päsältischer Doll-Pacht
287 1719 1733 1841 ist, stolpeten sieht. Bei einem Rieser Christspiel
314 1814 1694 1914 wirde ich den Ersamez Weh dann ister
332 1914 1706 2045 himper - abd ob dus in nächster sehr ist.
367 2047 1690 2159 Cramag ich freilich nicht in sepa, sehr
367 2108 1678 2234 wherken l'ex ist es mir riret. - Ihr
383 2222 1704 2369 the reging, the Lebendyer Thaden wieder in
400 2340 1633 2477 birpa, will us eensthaft in etige
414 2444 1751 2559 halten: und wenn Sie wir das Märken
449 2548 1717 2663 schicher hämern, lesen ich es gern noch
455 2669 1739 2818 einmal – ich glaub, es sind. so sehr
489 2791 1584 2917 hat, dan ist es auf meinem
512 2877 1615 2999 irreheland Balkon hemen
506 3017 1658 3156 hänte. Gläckigte Grüsse für
528 3142 1305 3266 We Bide in them.
1303 3213 1517 3376 181
2106 1335 3690 1515 Pieter Freund, wir tannen zu jetzt die schönste Kreuz¬
2116 1456 3643 1566 pothea at nusden Briefen. Eben erhatte ich Ihr nur
2145 1525 3607 1651 Agn. Gerichtes Schleiben; ich nehme er, dass Sie nun
2196 1586 3733 1751 diret an H. sich wurden werden, eher dessen Genegseit
2212 1678 3653 1819 in dieser Zeit das Gewinschte zu leisten, ich nichts
2245 1788 3684 1914 sagen hain. Ich denke etwa der 5. August bei ihm
2257 1882 3711 1996 bey sie und her natürlich auch trät, falls Sie
2275 1982 3702 2084 es dann noch wünschen ihn anzustossen. - Eis
2265 2045 3757 2177 freut nich, dass 1/2 mit der unbegreiflicher Sieht
2310 2141 3719 2259 forty geworden sind; und ich erlasse von Thier
2082 2161 2216 2292 11/4
2304 2212 3704 2353 nen errechten stelits last Gutes for the Welt
2304 2273 3768 2418 nur des Leitung - Theater. Meine Hofachtung dem
2112 2294 2251 2438 you
2304 2355 3774 2497 tiefsinnigen, Schicksal des Febru. v. L. Henlich M.O.R.
