3952 4058
2744 653 2887 755 156
2125 711 2592 862 Ising=Theater
217 737 1672 907 geht. Lassen Sie bald wie sich und
3296 802 3578 939 190
2724 796 3196 909 Berlin N W. 40, den
2230 809 2377 889 Direction
2025 798 2112 907 2.
2127 872 2501 977 Dr. Otto Brahm.
206 865 994 1023 Iurm Plänen können.
1162 956 1457 1064 Haslin
2847 994 3685 1138 Helgalard, Quisisana 13.7.04
1452 1021 1595 1142 Sr
1450 1129 1801 1265 Buhin
2628 1345 3066 1481 Lieber Freund,
2391 1548 3701 1649 es hat mir leid gethan, von Ihrem Gewill¬
2396 1649 3700 1748 sie zu hören — das ist wohl ein stilistesche
2391 1772 3692 1882 Antgleisung, ein Wippchen, aber ich hat sich
2395 1859 3700 1987 heimen Stil, nicht mal einen naturalistischen.
2418 1973 3678 2082 und ich hoffe, dass Sie nun die Weit¬
2418 2065 3671 2181 lungs hatte, die gar nicht in Ihrer ge¬
2451 2161 3712 2261 abgelegt haben und in heutiger Gesund¬
2451 2273 3725 2357 halts bla viel streilen und prühlen. Wenn
2482 2367 3642 2447 richt – kommen Sie hierher, Sie werden
2463 2445 3692 2585 haff sich ihm so viel Schönheit (nicht
2500 2541 3756 2681 der Menschen) Ich sei bis ete feig it gust
2510 2648 3649 2780 hier dann Agnetendorf, 18. August
2521 2769 2748 2856 Berlin
2491 2836 3647 2959 Die Tankeiren — Komodie wird an
2514 2945 3703 3075 Bedenberg zuerinnern, wirkte ich, wenn
2536 3032 3665 3166 In sie volnebener – takt, ist wahr?
2550 3140 3703 3258 Es ist doch innahm anworbenen
2561 3227 3772 3334 dass sie ein solches Die hingeschwissen
