3968 4104
1920 1245 3529 1502 Liebe Freund, ich wohne Hotel Hohenrollern.
1955 1427 3432 1591 Während Sie den Berlinen bewurdete, so
1959 1531 3486 1698 empfehle in St. Pölten, neben ich nie m. In
1879 1653 3542 1841 in Fragen, ob Sie der Miss: ein Septembr. ziehen
1889 1758 3457 1922 lassen wollen mit passenden Erzieungen Eben¬
1978 1901 3542 1999 eine Amstel (Witreichtsinkäufe?) den ich wenn
1999 1972 3540 2102 He in Exemplat soe Haupt haben wil Sie selbstlichen
2005 2075 3552 2220 bitte. Die frühe Termin wäre mit Richciert
2022 2164 3598 2303 auf weitere Taten des Geschichten Dafassers 1er
3455 2274 3542 2336 em
2044 2268 3196 2378 unter die Tr. die unalssigste Quelle
2030 2280 3569 2471 v. fehlen. Hochlage müsse für die alle verlößerten
