3969 4055
1250 994 1417 1096 913.
865 1037 1195 1205 Brap
1555 1322 1918 1464 B. ev. 3.12
891 1482 2039 1665 Jein Ie schönsten bedacht licht
888 1605 1984 1822 Fremd, für Ihre Unterschrieben
909 1747 1991 1932 in der Pension Kramor. Obgleich
918 1867 1991 2047 ich auf deren Vetter Michael
918 1980 2036 2154 leider verzichter musste möchte
947 2106 1901 2246 ist die 62 Krmen-Zimmer
942 2219 1968 2371 nieten, wenn nicht ausser dem
963 2341 2063 2520 meinen Staatstelephin mit Wasser
967 2457 1970 2648 auch noch einige Wärne für
960 2554 2034 2752 meine Dienst-Wünste entgegen-
961 2666 1982 2852 gebeacht würde. Es sich gern
978 2786 1993 2947 einfache Sesten die ich kurze
988 2899 1883 3046 und ich möchte nur, kass
978 2972 2054 3094 die Kramcrissen gleich aufehren.
2199 1024 3410 1177 and is the Distitilud him, n.s.m.
2203 1143 3514 1265 M.s. in will seper; ick was the den
2192 1213 3616 1405 führenden Berliner Behämpper der Die Wir
2188 1345 3552 1537 Prof. Sankinger in Behandlung, da das
2185 1485 3570 1622 itieten nicht schwinken wollte; 14 Tage
2188 1550 3575 1738 habe ihn zu sopnantes Sanatrlin in
2187 1675 3575 1844 Zehlend auf bevielkeit und mein Be¬
2174 1805 3575 1996 disefrais, nach weiterem anatorien (wie das
2152 1943 3571 2135 im Cottege N.B) wäre man gedeckt; og
2169 2048 3539 2267 wisse Diät – Vorschriften dieses Imge¬
2152 2131 3584 2346 möchte ich aber unter ausperbiren, durch
2165 2258 3539 2456 die mein innerer Mensch wieder ronstant
2144 2382 3586 2581 mit Kohlenbeydlaten aufgemeutet werden
2152 2486 3595 2703 soll. - Kann ist als - the J.D. und Melitta-
2174 2581 3548 2791 Ikramet auf einiges Entgegenkennen rechnen,
2147 2698 3575 2890 -inricht principiell, das Einzelne wurde sich
2145 2804 3573 2996 ja finden, nie wäre nicht han Pielter trav¬
2129 2906 3426 3067 chen - so sei ich der ihrige, wie woll
2138 2983 3530 3162 und ganz. Wollen Sie mir das reichten:
