3975 3992
206 672 1849 831 erwarten, gohte mit den verhandenen Kräften nicht,
202 790 1809 947 an ists nicht zu wurde, für diese Gestalt geworden
218 880 1837 1004 an finden. Mas schöne mit Stube durch Figur
251 994 1862 1157 und Jugend empfehlensvattet. Die dafür werden
314 1131 1868 1261 von heinen Bischte Marken, nun ist die Gerad¬
312 1208 957 1372 frage präsist ist.
331 1333 1886 1515 Ihr resinne also nochmals, was das Graktiste
365 1470 1862 1643 anlangt, meinen Verstely dahin: Sie schloren
345 1602 1833 1749 sich beit der beide Stiche in überlasse Ihr
300 1666 1811 1870 & being an sine October aan November, has
380 1794 1739 2011 andere nach Nenzehl, und Sie erhältig
418 1935 1845 2121 Sie Eidreichung des weiten (die Möglichheit,
418 2039 1815 2260 dan wir das letzte Drittel, reinlos erschont
429 2190 1784 2431 wird im Voraus en hjusch ausgeschlossen).
416 2327 1711 2509 eine auf beide Worte in vorgelunde
427 2443 1802 2650 Galastesumne mn M. 500n; sollte die
451 2566 1882 2811 Ainsichung auch der Auffüllung der Eigen¬
500 2703 1917 2943 l'en - Stuches resp. Auszallung an Gantienen
492 2833 1892 3050 dafür geschehen, so wollen die betr. Immen¬
518 2974 1821 3170 natürlich von der Gesammtgerichte zu
494 3084 1784 3295 hätten. Hoffentlich schon Sie ux bald
527 3235 1843 3350 ein glattes In damit wurde lieben Seelen
2070 647 3646 827 Die neue Frau bei ich bezückig, heraar zu lassen,
2098 768 3631 931 was Sie in deren schreiben, gefällt an sehr gut,
2107 898 3546 1006 und gieht wir die geässe Hoffnung, dass Sie
2125 990 3635 1137 aust den Ausgang fielen werden er zum Be¬
2143 1106 3633 1239 friebentert. Imnahme die das Stücke noch nicht
2145 1235 3633 1392 abgeschlossen ist und Sie es auch zuver nicht
2172 1353 3562 1488 forchen hören und sollen wäre, falls die
2215 1453 3584 1635 die Kommädie dem R. geben die Situation
2205 1580 3625 1749 für sich in nichts gebracht: d hatte ein
2245 1706 3558 1853 fert les Thick, ait dem de glaise herais
2229 1833 3486 2029 minate – ich Ansichten auf ein 2/3
2264 1949 2527 2072 fertres!
2284 2060 3654 2258 Uhr die Besitung bin ich in Wesenblichen
2305 2188 3646 2354 Thece Meinny, - so weit ich the Kenntriss
2317 2260 3644 2521 des Garsten Ehehaupt eine e’gene Ollerary,
2323 2431 3650 2578 haber Maar. Banemann – Ohesty Triess
2337 2525 3623 2719 Marie, Vater Rächer, Arzt Saar, Adjucht
2356 2656 3519 2821 Mdie schöne mit sehr gut zu passen.
2370 2764 3582 2943 Für Katharina hoff ich in junges Frl.
2386 2858 3574 3054 Oeloff Ihnen präsentiren er können,
2411 3005 3497 3154 da in en 14 Jahre als Hernek¬
2417 3080 3654 3309 debietet. Diese müsste man noch etwas
