7731 4088
929 439 1350 640 1,7, '10'
2683 496 2988 650 „ „ — „
222 762 1752 913 später noch. Herr Leutnant Vogel werde ich
1984 770 3551 957 Reque voil; u ist / trat eine seleine Entgleichung.
242 874 1841 1010 irabersamter Müller geben, (alle seit ein Kirchen
2002 898 3636 1016 regestan in, Ohne Liebe) für Berlin an aller erste
254 963 1805 1106 in alt, ohne den Typres mit den Dienlert werden
2039 990 3624 1102 verhänglicher, das wird Ihnen jeder der misse Verhält¬
266 1053 1876 1220 fuhr treffen, und den Directe den Tielsschr -
2049 1087 3593 1248 nisse heraut, bestätigen; dass Sie, lieber Herr Doctor,
2061 1185 3535 1317 chen nicht heraus, that noe leid,  denn es höchst
268 1165 1835 1303 Die Exposition zu hirren etc. scheint nur
280 1254 1829 1400 nicht schwer; als Wellen sehr ist ganz gern als
2073 1274 3571 1398 Sie ertöglich ein stjeldigen Vergleichen von S. mit
232 1364 1866 1492 Reziments erst, obglöste, das wohl noch die neue
2059 1331 3569 1492 N. Gegen. K. spricht istiges, wie sie heute über
268 1427 1748 1585 Aufgen kostet mit einem Kostanist ohnedies
2077 1467 3569 1622 worden und die Fälliges Moment: in Fisseln von
272 1528 1783 1677 Jannart ihn die Herren Kleider: von keiner
2067 1583 3555 1701 Sedanen spilt a gleichfalls eine Officia dessen
256 1646 1663 1778 Iren vielleicht welche billig verkaffen?
2081 1648 3573 1805 Als wir vom der Nothwütigkeit, weil an wollten,
309 1730 1817 1868 Hierfahr wohl dass ich sehr verheirret bin mehr
2083 1726 3610 1919 bestimmt wird: so flichtig die Matikheit erschei¬
311 1829 1787 1965 an erthendern? Nicht für 5 Pferige; ist bin
2083 1839 3616 2006 nen wird, denn ein nehre Darsteller den Königl.
303 1888 1902 2085 21st acht geny, mine Meinrich for eine ntefangene
2102 1951 3628 2089 Sich, so soll wird sie bemerkt worden, wenn es der¬
291 2002 1785 2163 in haltes die Artüre für das Gepothell - Frl.
2136 2030 3492 2193 sehr käme ist der noch 14 Papen seit an
276 2061 1754 2274 Plessner soll ahn dem hofe lietenk gelesen
2128 2128 3539 2264 erselten diesen Freiburg verhärt. Nach
317 2165 486 2254 worden
2120 2224 3528 2386 14 Tyn me vh: denn ich heute die schickt.
309 2258 1821 2409 Gaben Sie übrigens Veranlassung über eigenen
2146 2323 3571 2486 Ihr gleich auf Ich einem Folgen in lassen, so
301 2317 1339 2484 gleichige an nicht, mein Herr?
303 2441 1746 2608 Mr herzlichen Gruss, und in der bestimmten
2120 2437 3642 2628 wirken dem 17. und 24. October. Notulat
301 2482 1717 2699 Geoffnung, das in Ihrem nächsten Stich 9 der
2132 2504 3510 2681 geraum, den rechts Glenutenis verwahren
315 2600 1764 2791 hine Todesart viehderken und dem
2089 2600 3581 2801 hant. Die Decorison und morgen bestellt,
319 2705 1793 2898 den Lustspiel sein 1 wann hätten Sie dem
2132 2683 3516 2854 die Rollen sind ausgestrücken; kleine und
309 2803 1630 3004 sonst diesem nachrichten Wunde?) wie
2132 2799 3612 2961 auch gründe alsdamp wieder entrichtet sehr.
2150 2892 3557 3061 getragen werden, nur teilte ich die nicht
2156 2976 3634 3161 dull vermangeten. the S. Oschler wird ich
1404 2988 1559 3081 Mr
1474 3024 1801 3185 O'Richer
2173 3087 3492 3248 tow Dispoition etreyagrote sin
2096 3179 3526 3323 re. 2. Bäte hänni die Anfangen
2191 3242 3652 3421 wirckt, doch gehen schlimmstenfalls auch
4390 827 5624 992 In und noch lehnt; für heute
4272 870 5656 1108 Sie eingesche Vorschung, dass ich zu
4140 1016 5608 1177 werden auf offene Frau meinem Gem
4165 1150 4841 1258 -icht sicher, heim.
4177 1226 5661 1380 Ihre Einwärke, den Vogel betr. hätten mich
4205 1331 5673 1474 ich veranlaßt die Rolle noch zurückhalten -
4217 1435 5738 1585 wenn nicht vergleichtschweise sie schon angettalt
4256 1541 5695 1679 gemain will als the etwisht in what
4262 1640 5624 1742 werde. Nun aber hätte ich Ihm Folgendes
4280 1732 5591 1886 in Rate in dirigen. Die irgend des Voigel
4291 1805 5689 1939 ist gewiss in Heuptraat und so müsste
4297 1923 5709 2085 fortzublind ich hin ich sie jemals vergessen,
4305 2018 5728 2165 oder nicht bedacht, dass es dieser Hinsicht
4305 2128 5681 2309 Mitte hier wohl — Schul ist (obgleich er
4303 2222 5665 2413 gingel scheinen kann, als Sie ihn kennte,
4291 2307 5669 2494 en spielte m. B. dem Aghlernen in Syprien
4293 2417 5667 2591 mit Grfolg) the dusin werthty nein
4307 2530 5638 2685 wärtiger für die Böhne werden, ist da
4303 2602 5656 2778 Tyss, die Gekert, der Diebest: alles
4303 2701 5654 2858 das wird Müller treffen wie kein anderer
4307 2797 5632 2957 mung desjährigen Personels. Er heute
4307 2902 5630 3047 Oostmisch und ustweistische Meister
4313 2996 5604 3144 und ist ein Diebthienstler; alles
4323 3089 5630 3254 durch sei jüngeren und begebten Seper¬
4311 3161 5591 3372 spilk du xxx sousx in Rotracht kamen,
6583 461 7177 618 1: „ „ —: 1: —: 11
5823 457 6045 614 one is a
6500 843 7455 963 Berlin N. W., den 11. 1896
6384 1368 7079 1502 Licta Hen Doctor
6102 1585 7469 1736 heute habe wir ist den strengenem
6124 1693 7404 1831 des I. Ahks on "Freirild" begonner,
6132 1768 7374 1935 die Etschräger und Stische sind gemacht
6156 1890 7394 2035 die Decontion ist in Arbeit, diebenso
6138 2016 7406 2163 hat noch nichts, von sich hören lassen.
6309 2116 7478 2236 Dass Sie Ihnen Schloss behilten willen
6114 2191 7425 2378 theiret es freilich und muss sich sagen,
6144 2299 7376 2482 ohne Ihre Gründen aller in Folger;
6128 2398 7404 2547 Ich hätte auch aus ein heraus die er¬
6108 2492 7358 2659 littendische Neintät nicht aufgebracht
6100 2593 7339 2738 (was sije ik Butalität!) There the
6102 2689 7441 2835 Aikony imollisse; xxx dort die selbst
6102 2791 7406 2951 in B's Gerelly ertheilten, für den
6122 2874 7327 3051 prichterst so sehr spiert, wollt ich,
6124 2976 7378 3120 nicht gesagt sein lassen was ich in
6114 3083 7325 3256 syn hatte. Pacht 2 betreffend,
6114 3181 7345 3329 füllen wir schen, was die Rechnen.
