3992 4056
200 722 1829 886 nicht abgeklossen, es hier nicht überwäre geben das
2679 749 2876 886 229.
2269 789 2665 990 ling-Theater
221 824 1827 994 dazu kommen. Gesticht ist, mich werden Sie mit
2977 852 3734 1077 Berlin W. 40, den 27. 9 190
2212 905 2487 986 Direktion
332 941 1840 1069 Ach' sich Wurk liebte so steht der
2218 961 2576 1058 Dr. Otto Brahm.
803 1067 1026 1208 228
2135 1028 2503 1326 Brak
245 1064 617 1332 Brahn
1763 1212 1858 1360 it
2669 1364 3226 1597 Liebe Freund,
1131 1465 1724 1587 wind March 14.3.01
2473 1572 3742 1791 unser Zeelen in Eile, nebst oberein
583 1633 1668 1807 Lieter Freund, itt sende I have even
2461 1732 3710 1933 Dank for Ihren liebes, ausfährlissen
575 1751 1718 1949 Leitlichen Gruss uns das alten Lehrern
2473 1840 3187 1979 und selbigen Brief
573 1846 1692 2016 burg, wo ich meine vom ider Winter
581 1981 1710 2151 neuponirten et dreu etwas in Ordnay
2489 1943 3651 2137 Ich hein wie es schört, nur das
585 2076 1720 2228 zu bringen suchte. Die niederösterreich¬
2491 2064 3710 2252 Reimand – Thertre für dieses Jahr
607 2167 1613 2323 schen Möglichheiten schienen mit ein
2479 2171 3639 2358 bekommen. Wurden Sie da sehr:
605 2271 1651 2435 bestimmt – trok des velochenden
2483 2271 3627 2453 lieber nein? Oder rathen Sie mit
603 2364 1583 2542 Kellads aus dem erkicht hefter
2471 2400 3612 2605 wie Norden und Hatten, es an
611 2459 1704 2641 Imporial – and in Departmenter reisite
2477 2524 3542 2706 wagen? Und wieder Sie den
603 2582 1710 2728 auch die Zeit n'est ich man Mitwerk
2617 2615 3649 2793 man Sie ihm überhaupt sehen mitten
2473 2631 3560 2862 Rehr samt nach Mariahilfe
631 2677 1635 2833 welke in Hans etc. Mark ist
637 2766 1621 2928 I have in supn, wie leid es mir
2475 2750 3633 2969 Aber? Bitte telegraphum die
625 2878 1574 3042 aber ist, um der Zusammenstein
2487 2884 3066 3042 mit 10 Witte
3094 2989 3511 3198 Karlich
