3981 4103
2852 807 3048 940 269
448 826 2120 974 übrigens war es ein rechter Elusian, dass Sie
2258 894 2769 1042 Tessing-Theater
3055 901 3820 1038 Berlin plW. 40, den 28.4.1986
221 888 315 1051 be
2414 961 2596 1045 Direktion
438 965 2016 1099 not been, it in the them gefallen
2333 1036 2679 1118 Dr. Otto Brahm.
452 1097 2029 1226 sind (da wir glatt vom hochhalten reden)
452 1222 2027 1378 und das tue ich bin, A) und dass
469 1328 2108 1487 ich Ihnen nachsicht vollst wie und, nach¬
2752 1418 3230 1555 Liebe Freund,
446 1489 2102 1626 cah: die geplante Zeit zum Ostern wur abment¬
469 1605 2010 1756 gut, du dus T'smert, damals von einer
2517 1668 3813 1806 mit Vorgrägen ergreifen von die Feder.
471 1756 2087 1899 stolen Höhe hinunterkam und der Weg ins
2512 1783 3870 1947 (und das Wort, das Sie nicht gegen habe)
457 1854 2018 2022 Treie für vor. Man soll talt nicht für.
2531 1935 3820 2072 um Ihnen allen in dem neuen Heim
477 2018 1593 2208 was a Aetoren sagen:  9. c. d.
2546 2060 3861 2185 hämlich Glück zu wünschen. Mögen Sie
455 2152 2087 2323 diesen Grunde was ich unter der
2567 2212 3880 2337 darin sehr schön leben und schreiben
484 2273 2029 2477 Gebammen nichte nicht engagiren (mit richten
2548 2333 3786 2487 und han fiebenes, und effectives
3786 2391 3882 2552 ret.
502 2410 2085 2631 hätt ich hinnt gesagt, die ich übrigens schon
2569 2471 3134 2608 geantstet hören.
490 2533 1816 2783 Manne-was auch Grund ganz ist.
2573 2579 3884 2731 D. w. L. hirnten Sie nicht nach
502 2696 2100 2906 Im Theil über den halben Helden treffen
2577 2736 3834 2884 lich bald zwischen; wie lange mussten
521 2850 2156 3044 So mit Ihrem Freunde dem Leseing, zusammen
2592 2863 3864 3019 So m’r nur schon damit d. M. w
521 2967 2125 3157 der das werke for E's spielharshs hilf
2602 2998 3786 3165 (den thund würdig) und welcher
538 3067 2123 3282 Ich finde es etwas padeil, seine Vorzeige
2615 3138 3847 3292 modore Mensch hendt von pkt
555 3198 2043 3409 unterhadet, hatte etz auf die Wieder¬
2610 3251 3803 3451 us Anfang Juni, in die Fahren¬
553 3309 2175 3476 Nachensten hin schon kurm gedicht, es sieder
2610 3394 3447 3513 seines Werk. Erkentetten.
559 3438 1958 3592 in lesen, and will es am sogar tan.
1966 3455 2154 3530 Wie
3465 3428 3705 3617 F.TrubyKing
