4221 4057
1498 812 2662 910 Wargemünde. In einer Reise nach Bactrien,
1455 880 2664 995 Elicher Herr und Freund, hat es nicht gereicht,
1493 957 2660 1048 aber ich vertraue, Sie nehmen auch Grüsse
1493 1003 2573 1082 aus einer bescheidenden Felle, die sie
1515 1037 2692 1184 herzlich gegeben werden, zurück auf. Ihr
1672 1114 1928 1201 Am Leuchtturm.
2497 1097 2705 1220 Witsen
1203 2022 2804 2147 Lieber Freund, Hr. Meines, theilt nur mit den Sie
1190 2128 2813 2246 müsse am 31. Mai zum Nachtmahl luden; ½, Verichtetes der
1205 2174 2800 2289 den hätten Sie schon ein bisser früher aus Ihnen itulischen
1129 2299 2836 2401 Gefilden hörengezogen, sie müssen esse haben am 21. den Wiener
1279 2359 2840 2463 Staat von meinem Santalen geschüttet und t in Berlin-
1249 2420 2792 2567 wirts gelegen. Zeit acht Tyen ben ich h. Lahmann,
1296 2501 2775 2626 Wissel Hirnk h. Dresden und het mir im Salat
1315 2577 2732 2700 ganz so wie der Broat. Das hierten ist Ihnen nach
1243 2618 2817 2798 durch eine itisichts harte herösen sie inderer Gelegen¬
1305 2719 2834 2868 hat ich ihnen für die Kirchen herlich danke. Die
1290 2815 2834 2925 End ist wie halt Euren sind. Sie mir ist sie hauptsäch¬
1296 2900 2838 3006 l.k. schon Erhältungen geliebt, als welche durch Last¬
1319 2978 2779 3065 und Sonnentüder (che will ich eines nehmen) in die
1271 2985 2749 3099 Flicht zerklägen werden sollen. Was erst nicht heuer
1285 3076 2821 3171 Stich: Darne wünsche ich sehr zu hören. I. Passend gute
