4029 4087
2826 677 2999 882 210
118 723 1695 939 wenn wir da mit dieser xxx ech schul heften Sid¬
2252 825 2686 980 assing=Theater
2887 835 3723 1013 Berlin plW.40, den 2.9 1906
135 894 1129 1027 haben hinauf schlechten sollen.
2351 917 2508 1000 Direction
2247 982 2614 1098 Dr. Otto Brahm.
169 986 1726 1131 Brundes ist ein Läster- und Schmidmerl des
183 1094 1708 1218 wiss die Welt, auf die, die er nicht bey¬
206 1200 1722 1329 wilt sond du amusort; ich glücke nu seinen
222 1306 1708 1406 Bordach-Gerkinten nen 1 1/2 Procent. Alsa¬
2790 1377 3297 1559 Liebe Freit,
245 1418 1748 1551 ihn wenig for einen Dicaliter wieder Sie sagen.
353 1536 1689 1652 Ich gehe an Mittwen im hier weg, bin
2531 1571 3814 1724 in Director ist beim Dischter (and
367 1634 1701 1760 gave fleissig an an Ihren-Acht gewesen
2553 1705 3733 1846 wenn der Beides ist; dann ist es aber
383 1720 1730 1868 und habe allerlei Störungen im Theater
2549 1811 3710 1970 Gewöhnlich auch durch). Dieser
403 1834 1703 1985 Trierke krach Lenelefsghort Ihes
2569 1913 3719 2052 astüe ist ein vielgeplagter Maria
434 1948 1665 2089 geliebte Resamen - Dank sind
2569 2017 3763 2168 - meervittendels - ein Freier gedachte
438 2064 1642 2221 Tegelfiliten it Geduld ertragen.
2582 2105 3741 2250 nicht; wie sollte ich also, Amt
434 2209 1679 2321 eld pcht will ik unter sie treten
2604 2233 3723 2384 Burcausslare ohne Träulant im
444 2319 1687 2453 und fürchterlich Musterung hatten
2606 2315 3849 2476 Herr am I. schon recht auszlichen
460 2435 1777 2571 was sich nicht hindert, Ihnen lieben
2612 2429 3863 2602 hiern? Ich kann sich den Sammlich
2629 2545 3861 2686 nicht aussenden, wenn d an Meinsten¬
473 2527 1683 2702 Freie noch Ihnen die hämlichsten
2645 2647 3763 2787 est, sondern mais die Bergfeste
513 2677 1204 2804 Chim in sudens
2635 2730 3778 2889 seiten, wie sie fallen; Ihnen ehr
2643 2840 3706 2957 wünschte ich von Schiesten das
1302 2822 1408 2953 1
2608 2940 3788 3113 Allaschinste, und gein Ihre Drei¬
2629 3036 3311 3193 einighert herallich.
2166 3175 3010 3313 Nämlich es ist sehr hein, und
3386 3136 3548 3348 pr.
2184 3264 3303 3380 die sey. Gedanken schreiben. Rente könnte ich
2174 3354 3262 3444 richt über Illasion streiten, wiss mir, dass
2184 3407 2930 3525 diese 29 Geist mittelre sind.
