4040 4057
1900 760 3380 906 Logenthären nicht gerechnet – versammelt gewesen
803 793 983 904 166
1908 869 2236 950 sein sollen.
1950 928 3343 1028 Ich bin seit 14 Tagen hier und wohl noch in
1969 1053 3332 1124 etwa si vielen vordtheilt; dann will ich in
1109 1072 1670 1179 Weisser Hirsch bei
1989 1101 3391 1236 Hauptmann fallen und Mitte Juli vak Tid¬
1153 1184 1642 1293 Dresden 11.6.05
2006 1210 3406 1343 tirol gelangen. Fulda licht nach dem Karar¬
2018 1314 3371 1417 see and do and it will arch mairen itu
607 1376 1701 1541 Liebe Freund, als ist die inliegende
2031 1408 3378 1506 fach nehmen. Wir sind Ihre Gläne. An eine
614 1489 1732 1607 Abtir les het ich natürlich gleich an
2055 1507 3319 1601 dirk für, wenn wir rech so viel Jahren des
2443 1576 2747 1660 gemelisamen
664 1589 1744 1705 Sie gelecht: war es doch der Treue
2079 1609 3356 1727 Krkettirers mit Pommesfahrpliam wirklich
664 1675 1732 1836 ohne Ingerdjahre, so da in Erfüllung
2111 1705 3419 1814 einmal auf den Fleih ins udsammelten.
673 1782 1703 1893 sich, nur dass beide heir Strch von
2208 1791 3347 1928 Was macht die Dranstiln? Fester,
686 1873 1738 2011 Ihnen auf dem Spielplan stand. Zt
2114 1878 3306 1998 der auch hier wer und Ihr Verleger sich
690 1959 1745 2114 habe an diesem deel wiedigen Abend,
2133 1985 3334 2096 neurt, schaytek, sie hötte ihm von
723 2065 1705 2194 in Feier des Dincks der hohen
2149 2079 3315 2197 einde fortigen Böhnen antest geschrieben.
714 2151 1773 2303 Brant merrm berichtter Patriotismus
2196 2188 3384 2286 ich bestritt es in dem Recomstsein dass
732 2245 1692 2400 durch eine Aufführung der Wehr
2216 2275 3386 2408 ich das dass auch wissen muss z? Holz¬
720 2356 1720 2500 Ausdrach geliehen und es gert
2207 2378 2851 2518 lich grösend
744 2456 1660 2577 die Tage, dass an die hundert
2843 2491 3325 2653 Dr. Brühne
731 2546 1745 2675 Person denals in Essiy – Theater
769 2633 1780 2779 e die auf der Böhne und den den
1572 2762 2494 2950 Unter der Festfreudigkeit der Berliner hatte be¬
1530 2911 2483 3002 greiflicherweise die Theaterfreudigkeit erheb=
1528 2945 2480 3041 lich gelitten. So mußte, wie wir erfahren, das
1526 2983 2491 3103 „Zentral=Theater“, in dem ein Ensemblegastspiel des
1550 3024 2489 3122 Berliner Theaters" stattfinden sollte, gestern Abend
1528 3066 2483 3181 geschlossen bleiben, da sich kein einziger Besucher ein
1526 3146 1721 3258 gestellt ha
2607 3133 3771 3262 mes darhind und wir sehr Gelehrte
2609 3221 3725 3336 wenn Sie nun ich wiss nicht unter
