<?xml version="1.0" encoding="UTF-8" standalone="yes"?>
<PcGts xmlns="http://schema.primaresearch.org/PAGE/gts/pagecontent/2013-07-15" xmlns:xsi="http://www.w3.org/2001/XMLSchema-instance" xsi:schemaLocation="http://schema.primaresearch.org/PAGE/gts/pagecontent/2013-07-15 http://schema.primaresearch.org/PAGE/gts/pagecontent/2013-07-15/pagecontent.xsd">
    <Metadata>
        <Creator>prov=READ-COOP:name=TrHtr:version=2.1.0:model_id=51170:date=25_07_2023_23:31</Creator>
        <Created>2023-05-02T07:44:29.580+02:00</Created>
        <LastChange>2023-07-25T23:31:04.297+02:00</LastChange>
        <TranskribusMetadata docId="1416705" pageId="54950336" pageNr="50" tsid="130848804" status="IN_PROGRESS" userId="64420" imgUrl="https://files.transkribus.eu/Get?id=CETJPDXFYFPOTOILUSQPMEVY&amp;fileType=view" xmlUrl="https://files.transkribus.eu/Get?id=RIWAZLTDBNFYUQPJFDXIBMFZ" imageId="44454062"/>
    </Metadata>
    <Page imageFilename="1416705_0050.jpg" imageWidth="5752" imageHeight="4088">
        <ReadingOrder>
            <OrderedGroup id="ro_1711829595930" caption="Regions reading order">
                <RegionRefIndexed index="0" regionRef="tr_3"/>
                <RegionRefIndexed index="1" regionRef="tr_2"/>
                <RegionRefIndexed index="2" regionRef="tr_1"/>
            </OrderedGroup>
        </ReadingOrder>
        <TextRegion id="tr_3" custom="readingOrder {index:0;}">
            <Coords points="262,505 2785,505 2785,1689 262,1689"/>
            <TextLine id="tr_3_tl_1" custom="readingOrder {index:0;}">
                <Coords points="244,602 296,586 321,608 361,589 417,605 599,574 633,589 660,565 812,608 833,602 836,503 722,460 466,522 383,481 247,503"/>
                <Baseline points="262,573 304,573 394,573 484,567 573,561 663,561 753,561 842,555"/>
                <TextEquiv>
                    <Unicode>Riegner's Hôtel</Unicode>
                </TextEquiv>
            </TextLine>
            <TextLine id="tr_3_tl_2" custom="readingOrder {index:1;}">
                <Coords points="898,596 932,602 944,589 994,608 1031,596 1046,583 1080,586 1080,497 1046,494 1012,466 960,497 929,488 917,497 898,494"/>
                <Baseline points="914,561 1004,561 1087,561"/>
                <TextEquiv>
                    <Unicode>.</Unicode>
                </TextEquiv>
            </TextLine>
            <TextLine id="tr_3_tl_3" custom="readingOrder {index:2;}">
                <Coords points="1466,636 1484,633 1531,664 1565,648 1583,670 1620,670 1630,556 1614,552 1586,562 1583,552 1568,556 1555,546 1525,559 1515,546 1475,546"/>
                <Baseline points="1482,639 1541,633 1631,627"/>
                <TextEquiv>
                    <Unicode>61</Unicode>
                </TextEquiv>
            </TextLine>
            <TextLine id="tr_3_tl_4" custom="readingOrder {index:3;}">
                <Coords points="389,645 485,648 500,660 537,648 565,660 599,645 670,670 697,657 697,574 660,568 633,589 596,577 568,593 522,577 509,589 497,580 451,599 389,605"/>
                <Baseline points="406,633 496,633 585,633 675,633 705,639"/>
                <TextEquiv>
                    <Unicode>BRESLAU</Unicode>
                </TextEquiv>
            </TextLine>
            <TextLine id="tr_3_tl_5" custom="readingOrder {index:4;}">
                <Coords points="352,713 688,710 775,676 1096,707 1105,589 790,599 667,670 599,645 355,654"/>
                <Baseline points="370,705 442,699 531,699 621,693 711,693 765,681 836,657 926,657 1016,657 1105,663"/>
                <TextEquiv>
                    <Unicode>Königsstrasse 4 10.9.59</Unicode>
                </TextEquiv>
            </TextLine>
            <TextLine id="tr_3_tl_6" custom="readingOrder {index:5;}">
                <Coords points="318,802 410,799 432,818 559,802 617,821 682,787 756,809 759,704 719,688 701,707 670,697 593,719 518,701 475,735 435,707 373,719 321,682"/>
                <Baseline points="334,794 406,788 496,782 585,782 675,782 765,788"/>
                <TextEquiv>
                    <Unicode>Schweidnilser-Strasse-Schl.</Unicode>
                </TextEquiv>
            </TextLine>
            <TextLine id="tr_3_tl_7" custom="readingOrder {index:6;}">
                <Coords points="1154,1055 1660,1059 1701,1099 1858,1043 1966,1074 2006,1055 2006,957 1870,991 1701,923 1623,991 1497,938 1318,975 1256,938 1154,947"/>
                <Baseline points="1171,1033 1261,1027 1350,1033 1440,1033 1530,1027 1619,1027 1709,1027 1798,1027 1888,1027 1978,1039 2014,1033"/>
                <TextEquiv>
                    <Unicode>Lieber Herr Schütteln.</Unicode>
                </TextEquiv>
            </TextLine>
            <TextLine id="tr_3_tl_8" custom="readingOrder {index:7;}">
                <Coords points="420,1278 2623,1278 2670,1154 420,1179"/>
                <Baseline points="436,1249 525,1249 615,1255 705,1255 794,1255 884,1261 974,1255 1063,1255 1153,1249 1243,1255 1332,1249 1422,1249 1512,1249 1601,1249 1691,1243 1781,1243 1870,1243 1960,1243 2049,1243 2139,1249 2229,1243 2318,1243 2408,1237 2498,1243 2587,1237 2677,1243"/>
                <TextEquiv>
                    <Unicode>Sie haben mir in Ihrem Tokla Briefe zum vie die sagen wahrück</Unicode>
                </TextEquiv>
            </TextLine>
            <TextLine id="tr_3_tl_9" custom="readingOrder {index:8;}">
                <Coords points="401,1401 2716,1330 2543,1253 404,1324"/>
                <Baseline points="418,1374 484,1368 573,1362 663,1368 753,1374 842,1380 932,1374 1022,1368 1111,1368 1201,1368 1290,1362 1380,1362 1470,1356 1559,1356 1649,1350 1739,1350 1828,1344 1918,1344 2008,1350 2097,1350 2187,1350 2277,1344 2366,1344 2456,1350 2546,1350 2635,1356 2725,1362"/>
                <TextEquiv>
                    <Unicode>Mittelungen genicht, ihr Bertine und Freielt, aber diese neue</Unicode>
                </TextEquiv>
            </TextLine>
            <TextLine id="tr_3_tl_10" custom="readingOrder {index:9;}">
                <Coords points="444,1518 2528,1451 2676,1512 2728,1383 444,1432"/>
                <Baseline points="460,1482 496,1476 585,1470 675,1470 765,1470 854,1470 944,1470 1033,1464 1123,1464 1213,1464 1302,1464 1392,1464 1482,1464 1571,1458 1661,1458 1751,1458 1840,1452 1930,1452 2020,1452 2109,1446 2199,1446 2289,1452 2378,1446 2468,1446 2557,1446 2647,1452 2737,1464"/>
                <TextEquiv>
                    <Unicode>cheint auf Commis-erzogen. Papier anden Sie zurück als er</Unicode>
                </TextEquiv>
            </TextLine>
            <TextLine id="tr_3_tl_11" custom="readingOrder {index:10;}">
                <Coords points="478,1623 2688,1611 2778,1583 2781,1481 481,1500"/>
                <Baseline points="496,1583 543,1577 633,1571 723,1577 812,1577 902,1571 992,1571 1081,1571 1171,1571 1261,1565 1350,1565 1440,1565 1530,1559 1619,1559 1709,1553 1798,1553 1888,1553 1978,1553 2067,1553 2157,1547 2247,1553 2336,1559 2426,1553 2516,1547 2605,1547 2695,1553 2785,1565"/>
                <TextEquiv>
                    <Unicode>gleich auf ein, da als raspätet. Was ist der Mensch! Huertnil</Unicode>
                </TextEquiv>
            </TextLine>
            <TextLine id="tr_3_tl_12" custom="readingOrder {index:11;}">
                <Coords points="497,1688 2318,1713 2670,1667 2670,1605 497,1608"/>
                <Baseline points="513,1679 525,1679 615,1679 705,1679 794,1679 884,1679 974,1673 1063,1673 1153,1673 1243,1667 1332,1667 1422,1667 1512,1667 1601,1667 1691,1661 1781,1661 1870,1661 1960,1661 2049,1667 2139,1667 2229,1661 2318,1661 2408,1667 2498,1661 2587,1655 2677,1667"/>
                <TextEquiv>
                    <Unicode>willte a Thun weiten, da Meurk, als kam er wohl die? Im</Unicode>
                </TextEquiv>
            </TextLine>
        </TextRegion>
        <TextRegion id="tr_2" custom="readingOrder {index:1;}">
            <Coords points="525,1707 2814,1707 2814,3554 525,3554"/>
            <TextLine id="tr_2_tl_1" custom="readingOrder {index:0;}">
                <Coords points="509,1827 2549,1809 2700,1790 2700,1694 2231,1741 1676,1663 1596,1728 1346,1673 960,1744 670,1682 509,1744"/>
                <Baseline points="525,1787 555,1781 645,1781 735,1775 824,1781 914,1781 1004,1781 1093,1781 1183,1781 1273,1781 1362,1775 1452,1775 1541,1775 1631,1775 1721,1775 1810,1775 1900,1769 1990,1769 2079,1769 2169,1769 2259,1763 2348,1763 2438,1763 2528,1757 2617,1763 2707,1769"/>
                <TextEquiv>
                    <Unicode>Trubel an lekten Helgeländer Tage, an ist die dienstscher</Unicode>
                </TextEquiv>
            </TextLine>
            <TextLine id="tr_2_tl_2" custom="readingOrder {index:1;}">
                <Coords points="518,1923 2663,1907 2663,1815 2574,1790 1142,1849 518,1799"/>
                <Baseline points="537,1894 609,1888 699,1882 788,1882 878,1882 968,1882 1057,1882 1147,1882 1237,1882 1326,1882 1416,1882 1506,1876 1595,1876 1685,1876 1775,1876 1864,1876 1954,1870 2044,1870 2133,1876 2223,1876 2312,1870 2402,1870 2492,1864 2581,1870 2671,1888"/>
                <TextEquiv>
                    <Unicode>Egleiteten in der Norssee auf die Frischen treten, sonnach,</Unicode>
                </TextEquiv>
            </TextLine>
            <TextLine id="tr_2_tl_3" custom="readingOrder {index:2;}">
                <Coords points="525,2003 2543,2009 2626,1907 525,1932"/>
                <Baseline points="543,1984 573,1978 663,1984 753,1984 842,1984 932,1984 1022,1984 1111,1984 1201,1984 1290,1978 1380,1978 1470,1978 1559,1978 1649,1978 1739,1972 1828,1978 1918,1978 2008,1972 2097,1978 2187,1972 2277,1972 2366,1966 2456,1960 2546,1966 2635,1972"/>
                <TextEquiv>
                    <Unicode>wie im Traht der ersten Sässen tage, in melden die</Unicode>
                </TextEquiv>
            </TextLine>
            <TextLine id="tr_2_tl_4" custom="readingOrder {index:3;}">
                <Coords points="540,2154 2759,2120 2762,1988 543,1997"/>
                <Baseline points="561,2085 615,2085 705,2085 794,2091 884,2085 974,2085 1063,2085 1153,2079 1243,2073 1332,2079 1422,2079 1512,2073 1601,2073 1691,2073 1781,2073 1870,2079 1960,2079 2049,2067 2139,2073 2229,2073 2318,2073 2408,2061 2498,2055 2587,2055 2677,2055 2767,2055"/>
                <TextEquiv>
                    <Unicode>Drenstähde, mit schroklicher Stöhm (von Papier) Attentate</Unicode>
                </TextEquiv>
            </TextLine>
            <TextLine id="tr_2_tl_5" custom="readingOrder {index:4;}">
                <Coords points="552,2200 1525,2253 2694,2200 2747,2102 556,2145"/>
                <Baseline points="573,2187 603,2193 693,2193 782,2187 872,2187 962,2193 1051,2187 1141,2187 1231,2181 1320,2181 1410,2187 1500,2187 1589,2187 1679,2187 1769,2187 1858,2181 1948,2175 2038,2175 2127,2175 2217,2175 2306,2175 2396,2169 2486,2169 2575,2157 2665,2157 2755,2151"/>
                <TextEquiv>
                    <Unicode>auf eine schon ein tödter geflüßte Gesundlicht zu machen. Erst</Unicode>
                </TextEquiv>
            </TextLine>
            <TextLine id="tr_2_tl_6" custom="readingOrder {index:5;}">
                <Coords points="599,2315 2552,2271 2713,2327 2713,2219 2559,2167 2160,2241 599,2219"/>
                <Baseline points="615,2289 657,2283 747,2289 836,2295 926,2295 1016,2289 1105,2289 1195,2283 1284,2283 1374,2289 1464,2289 1553,2289 1643,2283 1733,2283 1822,2283 1912,2283 2002,2277 2091,2277 2181,2277 2271,2277 2360,2271 2450,2271 2540,2265 2629,2265 2719,2265"/>
                <TextEquiv>
                    <Unicode>dieser Tonnen und Ralstag in Breslau, an ich eine gewisse Illig</Unicode>
                </TextEquiv>
            </TextLine>
            <TextLine id="tr_2_tl_7" custom="readingOrder {index:6;}">
                <Coords points="586,2432 2200,2429 2716,2376 2719,2321 589,2324"/>
                <Baseline points="603,2384 663,2390 753,2390 842,2396 932,2396 1022,2396 1111,2390 1201,2390 1290,2396 1380,2396 1470,2390 1559,2390 1649,2384 1739,2384 1828,2390 1918,2384 2008,2378 2097,2378 2187,2378 2277,2378 2366,2372 2456,2372 2546,2366 2635,2366 2725,2366"/>
                <TextEquiv>
                    <Unicode>anblich festzustellen habe, giebt mir, mit einem letzten Rest</Unicode>
                </TextEquiv>
            </TextLine>
            <TextLine id="tr_2_tl_8" custom="readingOrder {index:7;}">
                <Coords points="617,2512 2358,2531 2670,2491 2670,2432 617,2466"/>
                <Baseline points="633,2486 705,2492 794,2492 884,2498 974,2504 1063,2498 1153,2498 1243,2498 1332,2498 1422,2498 1512,2492 1601,2492 1691,2492 1781,2492 1870,2486 1960,2480 2049,2480 2139,2480 2229,2480 2318,2480 2408,2480 2498,2474 2587,2474 2677,2480"/>
                <TextEquiv>
                    <Unicode>von Tdienstinnung, die Stunde frei – wisser einen hübsten</Unicode>
                </TextEquiv>
            </TextLine>
            <TextLine id="tr_2_tl_9" custom="readingOrder {index:8;}">
                <Coords points="657,2633 2805,2608 2805,2512 2432,2491 1167,2562 657,2509"/>
                <Baseline points="675,2599 765,2599 854,2611 944,2611 1033,2605 1123,2605 1213,2605 1302,2605 1392,2593 1482,2593 1571,2593 1661,2593 1751,2593 1840,2587 1930,2587 2020,2587 2109,2587 2199,2587 2289,2593 2378,2587 2468,2587 2557,2587 2647,2593 2737,2593 2814,2599"/>
                <TextEquiv>
                    <Unicode>Spadtgang auf der Willen auf an der Oder, und einen hoffern</Unicode>
                </TextEquiv>
            </TextLine>
            <TextLine id="tr_2_tl_10" custom="readingOrder {index:9;}">
                <Coords points="633,2716 2728,2731 2728,2633 2497,2589 2142,2651 1892,2586 1250,2663 633,2626"/>
                <Baseline points="651,2701 675,2695 765,2707 854,2707 944,2707 1033,2707 1123,2707 1213,2713 1302,2713 1392,2707 1482,2701 1571,2701 1661,2695 1751,2695 1840,2695 1930,2695 2020,2695 2109,2695 2199,2695 2289,2695 2378,2689 2468,2689 2557,2689 2647,2689 2737,2695"/>
                <TextEquiv>
                    <Unicode>sich nicht in kurzen Mittagsmahl. Ihnen für Ihrer Brief?</Unicode>
                </TextEquiv>
            </TextLine>
            <TextLine id="tr_2_tl_11" custom="readingOrder {index:10;}">
                <Coords points="639,2852 2531,2849 2722,2818 2725,2738 2222,2694 1972,2759 1805,2694 969,2775 642,2719"/>
                <Baseline points="657,2809 669,2809 759,2814 848,2814 938,2814 1027,2814 1117,2814 1207,2814 1296,2814 1386,2814 1476,2809 1565,2803 1655,2803 1745,2803 1834,2803 1924,2797 2014,2797 2103,2797 2193,2791 2283,2791 2372,2791 2462,2791 2552,2797 2641,2797 2731,2803"/>
                <TextEquiv>
                    <Unicode>danken, den ich, ich nicht nicht ob ich sehr, in Wies aber auf den</Unicode>
                </TextEquiv>
            </TextLine>
            <TextLine id="tr_2_tl_12" custom="readingOrder {index:11;}">
                <Coords points="633,2957 2136,2929 2275,2907 2278,2827 633,2858"/>
                <Baseline points="651,2916 669,2916 759,2922 848,2922 938,2922 1027,2916 1117,2916 1207,2910 1296,2910 1386,2910 1476,2910 1565,2910 1655,2904 1745,2904 1834,2898 1924,2898 2014,2898 2103,2892 2193,2892 2283,2892"/>
                <TextEquiv>
                    <Unicode>Rettlinge zum Bahn an ustellen soll.</Unicode>
                </TextEquiv>
            </TextLine>
            <TextLine id="tr_2_tl_13" custom="readingOrder {index:12;}">
                <Coords points="657,3037 1704,3071 2358,3000 2787,3092 2808,2889 657,2963"/>
                <Baseline points="675,3006 765,3012 854,3012 944,3012 1033,3012 1123,3012 1213,3012 1302,3012 1392,3012 1482,3012 1571,3006 1661,3006 1751,3006 1840,3000 1930,3000 2020,3000 2109,2994 2199,2994 2289,2994 2378,2994 2468,2994 2557,2994 2647,3000 2737,3012 2814,3024"/>
                <TextEquiv>
                    <Unicode>was Sie nur ihn Ihr neues Stück, Ihre hoffende von nichtereinigste</Unicode>
                </TextEquiv>
            </TextLine>
            <TextLine id="tr_2_tl_14" custom="readingOrder {index:13;}">
                <Coords points="657,3139 914,3197 1031,3139 1241,3188 2738,3120 2738,3043 2367,3000 1701,3077 657,3037"/>
                <Baseline points="675,3113 765,3113 854,3119 944,3119 1033,3119 1123,3119 1213,3125 1302,3125 1392,3119 1482,3125 1571,3125 1661,3119 1751,3113 1840,3107 1930,3107 2020,3107 2109,3107 2199,3101 2289,3101 2378,3107 2468,3107 2557,3107 2647,3113 2737,3113 2743,3113"/>
                <TextEquiv>
                    <Unicode>Hennen werden, ist wohl sehr verwaltet, d.h. an des Min¬</Unicode>
                </TextEquiv>
            </TextLine>
            <TextLine id="tr_2_tl_15" custom="readingOrder {index:14;}">
                <Coords points="651,3250 2457,3262 2734,3213 2738,3123 901,3204 654,3136"/>
                <Baseline points="669,3221 681,3221 770,3227 860,3227 950,3227 1039,3221 1129,3227 1219,3221 1308,3227 1398,3233 1488,3233 1577,3233 1667,3227 1757,3215 1846,3209 1936,3209 2026,3209 2115,3209 2205,3209 2295,3203 2384,3203 2474,3203 2563,3203 2653,3203 2743,3203"/>
                <TextEquiv>
                    <Unicode>tren, will ich wieder; für die Freuervolle hat ich in</Unicode>
                </TextEquiv>
            </TextLine>
            <TextLine id="tr_2_tl_16" custom="readingOrder {index:15;}">
                <Coords points="676,3339 2756,3349 2716,3262 2244,3219 1741,3219 1611,3287 676,3259"/>
                <Baseline points="693,3328 782,3328 872,3328 962,3334 1051,3328 1141,3328 1231,3322 1320,3317 1410,3322 1500,3317 1589,3317 1679,3311 1769,3311 1858,3311 1948,3311 2038,3317 2127,3317 2217,3317 2306,3317 2396,3317 2486,3317 2575,3317 2665,3322 2755,3334 2761,3334"/>
                <TextEquiv>
                    <Unicode>wissen ich an Dortag in Palat eingefunden, das pderfalls</Unicode>
                </TextEquiv>
            </TextLine>
            <TextLine id="tr_2_tl_17" custom="readingOrder {index:16;}">
                <Coords points="682,3438 2747,3454 2747,3358 2352,3318 2225,3376 682,3345"/>
                <Baseline points="699,3430 788,3430 878,3430 968,3430 1057,3430 1147,3430 1237,3424 1326,3424 1416,3424 1506,3430 1595,3424 1685,3418 1775,3418 1864,3412 1954,3412 2044,3418 2133,3418 2223,3418 2312,3412 2402,3418 2492,3418 2581,3424 2671,3424 2755,3442"/>
                <TextEquiv>
                    <Unicode>in Betrurt anlichen ist, um auch nicht alle Ehrrichterische,</Unicode>
                </TextEquiv>
            </TextLine>
            <TextLine id="tr_2_tl_18" custom="readingOrder {index:17;}">
                <Coords points="688,3537 2778,3555 2778,3466 2509,3416 1376,3491 688,3438"/>
                <Baseline points="705,3532 794,3532 884,3532 974,3532 1063,3532 1153,3532 1243,3538 1332,3538 1422,3538 1512,3538 1601,3532 1691,3526 1781,3526 1870,3520 1960,3514 2049,3520 2139,3520 2229,3526 2318,3526 2408,3526 2498,3526 2587,3532 2677,3538 2767,3544 2785,3544"/>
                <TextEquiv>
                    <Unicode>die Sie sich schon auf sie stammen. Ein Freund’ habe ich</Unicode>
                </TextEquiv>
            </TextLine>
        </TextRegion>
        <TextRegion id="tr_1" custom="readingOrder {index:2;}">
            <Coords points="2946,368 5504,368 5504,3243 2946,3243"/>
            <TextLine id="tr_1_tl_1" custom="readingOrder {index:0;}">
                <Coords points="4858,451 4947,472 5006,454 5034,478 5108,444 5151,485 5188,478 5200,281 5157,296 5126,284 5077,309 5055,290 5031,302 5000,265 4950,247 4870,244"/>
                <Baseline points="4876,436 4930,430 5020,430 5110,418 5199,418"/>
                <TextEquiv>
                    <Unicode>aufgenommen</Unicode>
                </TextEquiv>
            </TextLine>
            <TextLine id="tr_1_tl_2" custom="readingOrder {index:1;}">
                <Coords points="4673,568 4747,589 4919,546 5037,565 5102,546 5132,568 5210,571 5216,481 5102,448 5068,475 5006,451 4845,475 4682,404"/>
                <Baseline points="4691,561 4769,555 4858,537 4948,537 5038,537 5127,537 5217,531"/>
                <TextEquiv>
                    <Unicode>Votre avoir</Unicode>
                </TextEquiv>
            </TextLine>
            <TextLine id="tr_1_tl_3" custom="readingOrder {index:2;}">
                <Coords points="2929,719 5179,620 5364,682 5410,559 3864,627 3318,534 2932,627"/>
                <Baseline points="2946,699 2994,693 3083,687 3173,681 3263,669 3352,675 3442,675 3532,669 3621,663 3711,663 3801,657 3890,657 3980,651 4070,645 4159,633 4249,633 4339,633 4428,633 4518,633 4607,633 4697,639 4787,633 4876,621 4966,615 5056,615 5145,615 5235,621 5325,621 5414,627"/>
                <TextEquiv>
                    <Unicode>en für wär; die habe dafertig mit Behöris eherklaren, s. das in D. Juni.</Unicode>
                </TextEquiv>
            </TextLine>
            <TextLine id="tr_1_tl_4" custom="readingOrder {index:3;}">
                <Coords points="3157,830 5358,744 5240,617 4716,716 3160,707"/>
                <Baseline points="3173,770 3215,770 3305,770 3394,776 3484,770 3574,765 3663,765 3753,759 3842,759 3932,753 4022,753 4111,747 4201,741 4291,735 4380,741 4470,741 4560,735 4649,735 4739,735 4829,735 4918,735 5008,729 5098,723 5187,723 5277,723 5366,741"/>
                <TextEquiv>
                    <Unicode>Regram hat eine dem Hinrich" gericht folgt mit ere.</Unicode>
                </TextEquiv>
            </TextLine>
            <TextLine id="tr_1_tl_5" custom="readingOrder {index:4;}">
                <Coords points="2947,914 4901,901 5352,861 5358,744 2950,806"/>
                <Baseline points="2964,884 3030,884 3119,884 3209,884 3299,884 3388,884 3478,878 3568,878 3657,872 3747,866 3836,866 3926,860 4016,854 4105,848 4195,854 4285,848 4374,842 4464,842 4554,842 4643,842 4733,836 4823,830 4912,830 5002,830 5092,830 5181,824 5271,824 5361,824"/>
                <TextEquiv>
                    <Unicode>ättac Lustspiel – da, mit einem schlechsten Bande in Mittelpacht, ausge¬</Unicode>
                </TextEquiv>
            </TextLine>
            <TextLine id="tr_1_tl_6" custom="readingOrder {index:5;}">
                <Coords points="2969,1046 4691,935 5345,985 5370,892 2972,920"/>
                <Baseline points="2988,1004 3048,992 3137,992 3227,992 3317,986 3406,980 3496,980 3585,974 3675,974 3765,968 3854,962 3944,956 4034,956 4123,956 4213,956 4303,950 4392,944 4482,938 4572,938 4661,938 4751,938 4841,932 4930,932 5020,938 5110,932 5199,926 5289,932 5378,938"/>
                <TextEquiv>
                    <Unicode>führt; das ich das Stück selbst heute ich nicht nicht gehört, an</Unicode>
                </TextEquiv>
            </TextLine>
            <TextLine id="tr_1_tl_7" custom="readingOrder {index:6;}">
                <Coords points="3006,1108 4805,1046 5466,1111 5469,969 4349,944 3009,1052"/>
                <Baseline points="3024,1093 3054,1093 3143,1093 3233,1093 3322,1093 3412,1087 3502,1081 3591,1081 3681,1075 3771,1069 3860,1063 3950,1063 4040,1057 4129,1057 4219,1051 4309,1045 4398,1045 4488,1045 4578,1033 4667,1039 4757,1039 4847,1039 4936,1039 5026,1039 5115,1045 5205,1039 5295,1039 5384,1051 5474,1063"/>
                <TextEquiv>
                    <Unicode>eine Tiere, zusammen mit Hofnemthel. sind Sie ist den nach beisammen?</Unicode>
                </TextEquiv>
            </TextLine>
            <TextLine id="tr_1_tl_8" custom="readingOrder {index:7;}">
                <Coords points="3012,1204 5342,1194 5407,1074 3015,1114"/>
                <Baseline points="3030,1189 3083,1189 3173,1195 3263,1195 3352,1195 3442,1195 3532,1189 3621,1189 3711,1183 3801,1177 3890,1171 3980,1171 4070,1165 4159,1159 4249,1159 4339,1159 4428,1153 4518,1147 4607,1147 4697,1147 4787,1141 4876,1141 4966,1141 5056,1141 5145,1141 5235,1135 5325,1135 5414,1135"/>
                <TextEquiv>
                    <Unicode>Dann hätte gewon Sie ihn von einem atter Verehm vielmals. Georg H.</Unicode>
                </TextEquiv>
            </TextLine>
            <TextLine id="tr_1_tl_9" custom="readingOrder {index:8;}">
                <Coords points="3009,1361 5225,1290 5419,1188 3012,1250"/>
                <Baseline points="3030,1302 3095,1296 3185,1296 3275,1302 3364,1296 3454,1296 3544,1296 3633,1296 3723,1284 3813,1278 3902,1273 3992,1273 4082,1267 4171,1267 4261,1267 4350,1261 4440,1255 4530,1255 4619,1249 4709,1249 4799,1249 4888,1243 4978,1243 5068,1243 5157,1243 5247,1243 5337,1243 5426,1249"/>
                <TextEquiv>
                    <Unicode>ist und auf Riger a kommt Ende Septentre zum Vier, zu Agnes¬</Unicode>
                </TextEquiv>
            </TextLine>
            <TextLine id="tr_1_tl_10" custom="readingOrder {index:9;}">
                <Coords points="3037,1426 4889,1414 5367,1389 5475,1302 3040,1349"/>
                <Baseline points="3054,1410 3060,1404 3149,1404 3239,1404 3328,1404 3418,1398 3508,1392 3597,1392 3687,1386 3777,1380 3866,1380 3956,1374 4046,1374 4135,1374 4225,1374 4315,1374 4404,1368 4494,1362 4584,1362 4673,1362 4763,1356 4853,1356 4942,1350 5032,1344 5121,1344 5211,1344 5301,1350 5390,1356 5480,1356"/>
                <TextEquiv>
                    <Unicode>Dann sehr noch in ungeliebten Dörfern. Me geht es meister</Unicode>
                </TextEquiv>
            </TextLine>
            <TextLine id="tr_1_tl_11" custom="readingOrder {index:10;}">
                <Coords points="3046,1528 5376,1491 5410,1407 3049,1426"/>
                <Baseline points="3066,1506 3083,1500 3173,1512 3263,1512 3352,1512 3442,1500 3532,1494 3621,1494 3711,1488 3801,1488 3890,1488 3980,1476 4070,1476 4159,1476 4249,1476 4339,1476 4428,1470 4518,1464 4607,1464 4697,1464 4787,1458 4876,1458 4966,1458 5056,1452 5145,1452 5235,1452 5325,1464 5414,1470"/>
                <TextEquiv>
                    <Unicode>bessch, als in den letzten Monaten, so hat nur wenig Glieder, dass</Unicode>
                </TextEquiv>
            </TextLine>
            <TextLine id="tr_1_tl_12" custom="readingOrder {index:11;}">
                <Coords points="3043,1630 5373,1568 5339,1472 3046,1528"/>
                <Baseline points="3060,1613 3137,1613 3227,1619 3317,1613 3406,1607 3496,1601 3585,1595 3675,1595 3765,1595 3854,1589 3944,1583 4034,1577 4123,1577 4213,1583 4303,1571 4392,1571 4482,1571 4572,1565 4661,1565 4751,1559 4841,1559 4930,1559 5020,1547 5110,1547 5199,1547 5289,1547 5378,1559"/>
                <TextEquiv>
                    <Unicode>er rähält. Sumtia hat er erferthelt in Wien Welt, der Sie</Unicode>
                </TextEquiv>
            </TextLine>
            <TextLine id="tr_1_tl_13" custom="readingOrder {index:12;}">
                <Coords points="3028,1744 5315,1713 5432,1593 3034,1630"/>
                <Baseline points="3048,1721 3107,1727 3197,1727 3287,1721 3376,1715 3466,1715 3556,1715 3645,1709 3735,1703 3825,1697 3914,1691 4004,1691 4093,1685 4183,1685 4273,1685 4362,1685 4452,1679 4542,1679 4631,1679 4721,1673 4811,1673 4900,1667 4990,1661 5080,1655 5169,1661 5259,1661 5349,1667 5438,1667"/>
                <TextEquiv>
                    <Unicode>nur mit atrepe und nachsissen helfen, nicht uferst und aufge¬</Unicode>
                </TextEquiv>
            </TextLine>
            <TextLine id="tr_1_tl_14" custom="readingOrder {index:13;}">
                <Coords points="3065,1833 5413,1809 5379,1704 5065,1670 3423,1799 3068,1744"/>
                <Baseline points="3083,1828 3089,1828 3179,1828 3269,1828 3358,1822 3448,1822 3538,1822 3627,1816 3717,1810 3807,1798 3896,1792 3986,1792 4076,1792 4165,1792 4255,1792 4344,1787 4434,1787 4524,1787 4613,1781 4703,1781 4793,1781 4882,1781 4972,1775 5062,1769 5151,1775 5241,1769 5331,1775 5420,1769"/>
                <TextEquiv>
                    <Unicode>wirkt und Helpsland mit sehr vielen Segeln hat meinen Luft¬</Unicode>
                </TextEquiv>
            </TextLine>
            <TextLine id="tr_1_tl_15" custom="readingOrder {index:14;}">
                <Coords points="3065,1960 5407,1913 5429,1799 3068,1852"/>
                <Baseline points="3083,1936 3101,1936 3191,1930 3281,1936 3370,1930 3460,1924 3550,1930 3639,1924 3729,1906 3819,1900 3908,1906 3998,1900 4088,1906 4177,1900 4267,1894 4356,1894 4446,1888 4536,1888 4625,1888 4715,1894 4805,1888 4894,1882 4984,1876 5074,1876 5163,1876 5253,1870 5343,1870 5432,1876"/>
                <TextEquiv>
                    <Unicode>Auch völligkeit. Der wissen fiel ehe komme Episode schrijes von</Unicode>
                </TextEquiv>
            </TextLine>
            <TextLine id="tr_1_tl_16" custom="readingOrder {index:15;}">
                <Coords points="3105,2086 4531,1994 4688,2055 5389,1991 5392,1932 3108,1957"/>
                <Baseline points="3125,2038 3155,2038 3245,2038 3334,2032 3424,2032 3514,2026 3603,2020 3693,2020 3783,2014 3872,2008 3962,2008 4052,2002 4141,2002 4231,1996 4321,1996 4410,1996 4500,1996 4590,1990 4679,1996 4769,1996 4858,1984 4948,1978 5038,1972 5127,1966 5217,1966 5307,1972 5396,1978"/>
                <TextEquiv>
                    <Unicode>fährte nachherbend Heilnethode, die ich Ihnen gelehntlich mündlich</Unicode>
                </TextEquiv>
            </TextLine>
            <TextLine id="tr_1_tl_17" custom="readingOrder {index:16;}">
                <Coords points="3126,2179 5392,2105 5497,2096 5500,1994 3129,2062"/>
                <Baseline points="3143,2139 3173,2133 3263,2127 3352,2133 3442,2127 3532,2121 3621,2121 3711,2121 3801,2115 3890,2115 3980,2109 4070,2109 4159,2103 4249,2097 4339,2097 4428,2091 4518,2091 4607,2085 4697,2085 4787,2079 4876,2073 4966,2073 5056,2073 5145,2073 5235,2079 5325,2079 5414,2085 5504,2091"/>
                <TextEquiv>
                    <Unicode>aschte; so im Hil gern tusschrift, in den Gebrauch statt zu</Unicode>
                </TextEquiv>
            </TextLine>
            <TextLine id="tr_1_tl_18" custom="readingOrder {index:17;}">
                <Coords points="3145,2262 4339,2213 4512,2247 4580,2222 4583,2154 4416,2123 4318,2173 3969,2179 3879,2133 3509,2200 3308,2136 3148,2182"/>
                <Baseline points="3161,2235 3245,2229 3334,2229 3424,2229 3514,2229 3603,2229 3693,2223 3783,2217 3872,2217 3962,2217 4052,2217 4141,2211 4231,2199 4321,2193 4410,2193 4500,2193 4590,2193"/>
                <TextEquiv>
                    <Unicode>schütteln, die in Band auf sich kurz.</Unicode>
                </TextEquiv>
            </TextLine>
            <TextLine id="tr_1_tl_19" custom="readingOrder {index:18;}">
                <Coords points="3148,2379 5342,2324 5404,2210 3151,2287"/>
                <Baseline points="3167,2342 3257,2336 3346,2336 3436,2336 3526,2336 3615,2336 3705,2330 3795,2318 3884,2312 3974,2312 4064,2306 4153,2306 4243,2300 4333,2300 4422,2295 4512,2295 4601,2289 4691,2289 4781,2289 4870,2283 4960,2277 5050,2277 5139,2277 5229,2277 5319,2277 5408,2283"/>
                <TextEquiv>
                    <Unicode>Ike Spazierginge auf Ben – Hofmann wissen sehr schon gewesen</Unicode>
                </TextEquiv>
            </TextLine>
            <TextLine id="tr_1_tl_20" custom="readingOrder {index:19;}">
                <Coords points="3173,2438 3562,2494 3839,2429 5333,2432 5358,2321 3173,2373"/>
                <Baseline points="3191,2432 3209,2432 3299,2438 3388,2432 3478,2438 3568,2438 3657,2438 3747,2432 3836,2420 3926,2414 4016,2414 4105,2414 4195,2414 4285,2414 4374,2414 4464,2408 4554,2408 4643,2396 4733,2396 4823,2396 4912,2396 5002,2396 5092,2390 5181,2384 5271,2384 5361,2378"/>
                <TextEquiv>
                    <Unicode>sein. Wenn sind die dem so Augens geschulden aufgehärsen?</Unicode>
                </TextEquiv>
            </TextLine>
            <TextLine id="tr_1_tl_21" custom="readingOrder {index:20;}">
                <Coords points="3191,2574 3345,2559 3404,2580 3466,2555 3500,2559 3500,2441 3432,2463 3416,2457 3361,2484 3324,2460 3253,2472 3191,2457"/>
                <Baseline points="3209,2540 3239,2534 3328,2540 3418,2534 3508,2534"/>
                <TextEquiv>
                    <Unicode>Am 3t.</Unicode>
                </TextEquiv>
            </TextLine>
            <TextLine id="tr_1_tl_22" custom="readingOrder {index:21;}">
                <Coords points="3194,2685 4108,2617 4774,2663 5339,2602 5379,2515 4321,2549 3972,2444 3728,2562 3200,2559"/>
                <Baseline points="3215,2647 3233,2647 3322,2647 3412,2647 3502,2641 3591,2641 3681,2635 3771,2629 3860,2617 3950,2611 4040,2611 4129,2611 4219,2605 4309,2605 4398,2599 4488,2599 4578,2599 4667,2599 4757,2599 4847,2593 4936,2593 5026,2587 5115,2581 5205,2575 5295,2575 5384,2575"/>
                <TextEquiv>
                    <Unicode>Da Sie kein Rechtskunde sind, maßen Sie noch der</Unicode>
                </TextEquiv>
            </TextLine>
            <TextLine id="tr_1_tl_23" custom="readingOrder {index:22;}">
                <Coords points="3219,2799 5441,2719 5494,2577 4737,2676 4256,2620 3222,2685"/>
                <Baseline points="3239,2749 3251,2749 3340,2755 3430,2749 3520,2743 3609,2743 3699,2743 3789,2737 3878,2737 3968,2731 4058,2731 4147,2731 4237,2725 4327,2725 4416,2725 4506,2725 4596,2719 4685,2719 4775,2719 4864,2713 4954,2707 5044,2701 5133,2695 5223,2689 5313,2683 5402,2683 5492,2695"/>
                <TextEquiv>
                    <Unicode>ctet mir auf diesen Enguss keines wegs zu warten, das Sie recht</Unicode>
                </TextEquiv>
            </TextLine>
            <TextLine id="tr_1_tl_24" custom="readingOrder {index:23;}">
                <Coords points="3231,2886 5386,2821 5389,2722 3234,2815"/>
                <Baseline points="3251,2868 3334,2856 3424,2856 3514,2856 3603,2850 3693,2844 3783,2844 3872,2838 3962,2838 4052,2838 4141,2832 4231,2826 4321,2832 4410,2826 4500,2826 4590,2820 4679,2820 4769,2814 4858,2814 4948,2814 5038,2809 5127,2803 5217,2797 5307,2797 5396,2797"/>
                <TextEquiv>
                    <Unicode>Breslen können; hoffentlich haben Sie mir recht viel Gutes</Unicode>
                </TextEquiv>
            </TextLine>
            <TextLine id="tr_1_tl_25" custom="readingOrder {index:24;}">
                <Coords points="3287,2994 5274,2954 5277,2827 3287,2904"/>
                <Baseline points="3305,2964 3311,2958 3400,2958 3490,2958 3579,2952 3669,2952 3759,2952 3848,2946 3938,2946 4028,2940 4117,2934 4207,2934 4297,2928 4386,2922 4476,2922 4566,2928 4655,2922 4745,2922 4835,2922 4924,2916 5014,2910 5104,2910 5193,2910 5283,2916"/>
                <TextEquiv>
                    <Unicode>von sich, und das Besk von Thun itztet zu erachten!</Unicode>
                </TextEquiv>
            </TextLine>
            <TextLine id="tr_1_tl_26" custom="readingOrder {index:25;}">
                <Coords points="3413,3068 3500,3111 3592,3089 3670,3117 3728,3089 3762,3108 3883,3055 3997,3105 4089,3102 4089,2963 3984,3009 3895,2960 3818,2997 3682,2960 3602,2991 3503,2966 3460,3003 3413,2994"/>
                <Baseline points="3430,3054 3466,3048 3556,3048 3645,3048 3735,3048 3825,3048 3914,3042 4004,3042 4093,3042"/>
                <TextEquiv>
                    <Unicode>Hustät grüßert</Unicode>
                </TextEquiv>
            </TextLine>
            <TextLine id="tr_1_tl_27" custom="readingOrder {index:26;}">
                <Coords points="4700,3271 4759,3275 4793,3241 4842,3268 4898,3234 4994,3247 5061,3207 5318,3231 5315,3126 5136,3120 5003,3031 4892,3080 4818,3074 4747,3145 4694,3145"/>
                <Baseline points="4715,3215 4805,3203 4894,3191 4984,3197 5074,3197 5163,3209 5253,3221 5325,3233"/>
                <TextEquiv>
                    <Unicode>Dr. Bahn</Unicode>
                </TextEquiv>
            </TextLine>
        </TextRegion>
    </Page>
</PcGts>
