7785 4136
1197 828 2559 1043 Akt. I Sieur 13 die Worte Kohns:
1167 982 2666 1179 Das Bebe hat doch nix an wie de Hemd;
1155 1111 2690 1308 und Sinne 18 die Worte Vogels: „Wenn
1167 1251 2662 1428 jetzt die vom Theater auch schon an¬
1205 1378 2674 1549 ständig sein wollen, kennt man sich
1153 1509 2184 1663 ja gar nimmer aus.
1215 1583 2718 1742 Alles Weitere Wissenswürdige wird
1197 1717 2742 1930 Ihnen Herr Dr. Brahm selber wird.
1215 1844 2694 2025 lich mittheilen, der in den nächsten
1245 1940 2637 2129 Tagen, nach Wien zu reisen.
1229 2113 1832 2232 beabsichtigt.
1581 2230 2724 2419 Hochachtungsvoll und ergebens
1663 2372 2706 2549 Deutsches Theater zu Berlin
2003 2491 2280 2635 :  a,
1742 2595 2710 2830 Dr. Moris Elveson
6482 824 7446 974 Berlin N. W., den 2/1 1897
4134 828 5631 1035 gefällig zu sein, durchgen Stück gelesen.
4148 966 5661 1127 Ihr fürde es für das Deiten. Th. nicht
4178 1067 5775 1268 gebiquet. Da M. B. es nert dienst einpresse
4160 1193 5755 1344 hat, so kam ich mich auf diese consi¬
4152 1298 5765 1422 mets – Justiz Verleichn, und die Materi¬
4152 1392 5719 1555 rung des Zettels Wann und wir arsparen.
6364 1382 7318 1517 Lieber Doctor Schützler
4403 1507 5741 1631 Boden aben schreiben Sie und nur
4188 1639 5661 1766 von cidda und gar niet was Sie
6155 1647 7442 1774 für bisschen Bedenken hatte ich
4202 1724 5695 1874 trechen, arbeiter wie Sie gestimmt sind?
6149 1752 7539 1904 ja (wenn sie auch in der feurtheile
4226 1848 5592 2019 Des missen Sie nächstens nachheilen
6135 1862 7529 2017 Wert Gewissen nicht haer reichter)
4249 1955 5622 2105 Bei mir geht es gut, die „Glocke“
6161 1959 7446 2115 aber im Thum, und dem nicht
4269 2063 5807 2252 klingt weit hinaus in die Lande mit
6187 2091 7479 2226 sympathisken Hove Satten gefällig
4255 2149 5761 2364 ragt die Letendigen. Wenn ich kann
6193 2182 7563 2324 in sein, habe ich sie tapfer herunter¬
4259 2248 5608 2449 hame ik in ariwe iteffihrng
6207 2284 7523 2421 geschlicht und der beif. Sprechen¬
6207 2386 7527 2519 brief at gefasst der hoffertlich weil
4305 2404 5647 2553 sche gern; aber ob ich kann wissen
6213 2489 7499 2642 wunde gerathen ist. Hen I am
4303 2499 5677 2644 die Hitter! Ich wünsche Ihn und
6217 2575 7442 2700 Ziele hilff und - dies von allem -
4309 2601 5667 2740 dem Kragen ein gutes 1897.
6203 2666 7553 2844 ihn nicht an einer Sake hineinsetzet,
4345 2732 5683 2881 grüssen Sie mir auch meinen Freund.
6205 2798 7503 2933 die er einmal höret. - Der Weltstadt
4381 2860 5811 2995 Hoffnangthal, sowie die Tepliten Stadträter
6195 2889 7579 3049 Bromberg hat ich inbrigens nicht schon
6193 2989 7499 3152 in einem Director verholfen. So be¬
5257 3015 5637 3176 O’Berkin
6185 3081 7125 3250 wilhert man das Beltall.
6195 3198 7509 3339 Weiter habe ich, um Ihnen seiner
6207 3284 7517 3441 dem wir resputhischen Herrn Bahr,
