<?xml version="1.0" encoding="UTF-8" standalone="yes"?>
<PcGts xmlns="http://schema.primaresearch.org/PAGE/gts/pagecontent/2013-07-15" xmlns:xsi="http://www.w3.org/2001/XMLSchema-instance" xsi:schemaLocation="http://schema.primaresearch.org/PAGE/gts/pagecontent/2013-07-15 http://schema.primaresearch.org/PAGE/gts/pagecontent/2013-07-15/pagecontent.xsd">
    <Metadata>
        <Creator>prov=READ-COOP:name=TrHtr:version=2.1.0:model_id=51170:date=25_07_2023_23:33</Creator>
        <Created>2023-05-02T07:44:53.854+02:00</Created>
        <LastChange>2023-07-25T23:33:59.538+02:00</LastChange>
        <TranskribusMetadata docId="1416705" pageId="54950962" pageNr="246" tsid="130849683" status="IN_PROGRESS" userId="64420" imgUrl="https://files.transkribus.eu/Get?id=XTLCYKMQHWWKBBKTIAMBBNJG&amp;fileType=view" xmlUrl="https://files.transkribus.eu/Get?id=GGEYHFFCWSIRLFPWJRKZBYYC" imageId="44454688"/>
    </Metadata>
    <Page imageFilename="1416705_0246.jpg" imageWidth="4018" imageHeight="4087">
        <ReadingOrder>
            <OrderedGroup id="ro_1711829743473" caption="Regions reading order">
                <RegionRefIndexed index="0" regionRef="tr_2"/>
                <RegionRefIndexed index="1" regionRef="tr_3"/>
                <RegionRefIndexed index="2" regionRef="tr_1"/>
            </OrderedGroup>
        </ReadingOrder>
        <TextRegion id="tr_2" custom="readingOrder {index:0;}">
            <Coords points="292,762 1958,762 1958,2257 292,2257"/>
            <TextLine id="tr_2_tl_1" custom="readingOrder {index:0;}">
                <Coords points="281,848 1730,837 1860,821 1860,774 1137,801 764,744 573,805 281,782"/>
                <Baseline points="292,820 295,820 340,823 385,826 429,829 474,829 519,832 564,832 609,835 653,832 698,829 743,826 788,826 832,826 877,823 922,823 967,820 1012,820 1056,823 1101,826 1146,826 1191,826 1235,829 1280,826 1325,823 1370,820 1415,820 1459,820 1504,815 1549,815 1594,815 1638,815 1683,815 1728,812 1773,815 1818,815 1862,817"/>
                <TextEquiv>
                    <Unicode>er nichts Ruderbekerkes hat: und ich</Unicode>
                </TextEquiv>
            </TextLine>
            <TextLine id="tr_2_tl_2" custom="readingOrder {index:1;}">
                <Coords points="295,960 1756,950 1754,874 1650,850 1571,903 1449,923 1347,882 1212,927 1033,856 884,919 293,856"/>
                <Baseline points="304,919 349,925 394,928 438,931 452,930 452,930 498,946 543,940 588,934 632,931 677,931 722,934 767,931 812,931 856,934 901,931 946,928 991,931 1035,937 1080,940 1125,943 1170,943 1215,943 1259,934 1304,934 1349,934 1394,937 1438,937 1483,934 1528,934 1573,934 1618,931 1662,937 1707,940 1752,946 1761,943"/>
                <TextEquiv>
                    <Unicode>hoffe mich zu ündreupen, dass er heim</Unicode>
                </TextEquiv>
            </TextLine>
            <TextLine id="tr_2_tl_3" custom="readingOrder {index:2;}">
                <Coords points="355,1051 479,1108 687,1056 1797,1051 1797,1005 1551,976 1131,1035 1043,976 901,1031 357,972"/>
                <Baseline points="367,1035 411,1041 456,1047 501,1053 546,1053 591,1056 635,1056 680,1050 725,1053 770,1056 815,1053 859,1050 904,1047 949,1053 994,1053 1038,1053 1083,1056 1128,1053 1173,1053 1218,1053 1262,1050 1307,1047 1352,1047 1397,1044 1441,1041 1486,1038 1531,1038 1576,1038 1621,1038 1665,1032 1710,1035 1755,1035 1800,1041"/>
                <TextEquiv>
                    <Unicode>Trughild" ist. Falls Sie um Ihr, von</Unicode>
                </TextEquiv>
            </TextLine>
            <TextLine id="tr_2_tl_4" custom="readingOrder {index:3;}">
                <Coords points="381,1200 522,1188 593,1235 791,1176 974,1227 1390,1166 1475,1212 1604,1180 1758,1214 1871,1194 1873,1110 1296,1119 1237,1163 1056,1110 964,1161 864,1115 638,1141 383,1066"/>
                <Baseline points="391,1158 435,1164 480,1170 525,1176 570,1179 614,1176 659,1179 704,1179 749,1176 794,1176 838,1176 883,1173 928,1173 973,1176 1018,1173 1062,1176 1107,1179 1152,1182 1197,1179 1241,1179 1286,1176 1331,1170 1376,1167 1421,1164 1465,1164 1510,1164 1555,1161 1600,1164 1644,1167 1689,1167 1734,1167 1779,1167 1824,1170 1868,1173 1877,1170"/>
                <TextEquiv>
                    <Unicode>Hüge approbirtes, kleines, gerner Stich für</Unicode>
                </TextEquiv>
            </TextLine>
            <TextLine id="tr_2_tl_5" custom="readingOrder {index:4;}">
                <Coords points="403,1286 530,1326 1106,1296 1170,1331 1726,1290 1926,1337 1926,1206 1699,1269 1337,1241 1208,1280 1117,1245 691,1271 403,1208"/>
                <Baseline points="414,1274 459,1280 504,1292 549,1295 594,1292 638,1289 683,1289 728,1292 773,1295 817,1295 862,1295 907,1298 952,1295 997,1295 1041,1298 1086,1295 1131,1295 1176,1298 1221,1298 1265,1292 1310,1295 1355,1289 1400,1289 1444,1289 1489,1289 1534,1289 1579,1289 1624,1292 1668,1289 1713,1289 1758,1289 1803,1289 1847,1292 1892,1295 1931,1298"/>
                <TextEquiv>
                    <Unicode>diesen, auf dem 19. Nov. projectirten &amp; hend</Unicode>
                </TextEquiv>
            </TextLine>
            <TextLine id="tr_2_tl_6" custom="readingOrder {index:5;}">
                <Coords points="428,1420 1950,1424 1950,1369 1734,1384 1581,1333 1351,1388 1269,1343 1127,1388 428,1357"/>
                <Baseline points="438,1397 483,1403 528,1409 573,1412 617,1412 662,1415 707,1415 752,1415 797,1415 841,1415 886,1412 931,1418 976,1415 1021,1415 1065,1418 1110,1418 1155,1415 1200,1412 1244,1415 1289,1415 1334,1421 1379,1409 1424,1403 1468,1406 1513,1406 1558,1406 1603,1406 1647,1409 1692,1409 1737,1409 1782,1409 1827,1412 1871,1412 1916,1415 1955,1415"/>
                <TextEquiv>
                    <Unicode>en Betrut ziehen will ich gleich</Unicode>
                </TextEquiv>
            </TextLine>
            <TextLine id="tr_2_tl_7" custom="readingOrder {index:6;}">
                <Coords points="434,1553 803,1516 1023,1579 1390,1522 1756,1557 1771,1502 1418,1451 1302,1506 1161,1461 931,1500 432,1473"/>
                <Baseline points="444,1501 489,1507 534,1510 579,1522 623,1519 668,1516 713,1516 758,1519 803,1516 847,1519 892,1522 937,1522 982,1522 1026,1522 1071,1519 1116,1522 1161,1525 1206,1522 1250,1522 1295,1522 1340,1522 1385,1522 1430,1519 1474,1522 1519,1522 1564,1522 1609,1522 1653,1525 1698,1528 1743,1534 1776,1540"/>
                <TextEquiv>
                    <Unicode>sagen, dass der vielpliebte Bässermann</Unicode>
                </TextEquiv>
            </TextLine>
            <TextLine id="tr_2_tl_8" custom="readingOrder {index:7;}">
                <Coords points="434,1620 1928,1669 1928,1600 1697,1581 1333,1618 1147,1571 434,1591"/>
                <Baseline points="444,1615 489,1618 534,1624 579,1624 623,1627 668,1627 713,1627 758,1624 803,1630 847,1633 892,1635 937,1635 982,1638 1026,1638 1071,1635 1116,1635 1161,1635 1206,1635 1250,1635 1295,1635 1340,1638 1385,1638 1430,1638 1474,1638 1519,1638 1564,1635 1609,1633 1653,1630 1698,1630 1743,1633 1788,1635 1833,1641 1877,1644 1922,1647 1934,1647"/>
                <TextEquiv>
                    <Unicode>von 12. -18 Nw. hinleibt ist demnach</Unicode>
                </TextEquiv>
            </TextLine>
            <TextLine id="tr_2_tl_9" custom="readingOrder {index:8;}">
                <Coords points="454,1744 840,1744 1003,1818 1119,1750 1954,1787 1921,1695 1076,1734 760,1673 452,1679"/>
                <Baseline points="465,1722 510,1728 555,1734 600,1737 644,1737 689,1737 734,1737 779,1740 823,1740 868,1746 913,1749 958,1749 1003,1752 1047,1752 1092,1749 1137,1749 1182,1749 1226,1752 1271,1749 1316,1749 1361,1746 1406,1746 1450,1746 1495,1746 1540,1746 1585,1743 1630,1746 1674,1746 1719,1749 1764,1749 1809,1752 1853,1755 1898,1758 1943,1767 1958,1767"/>
                <TextEquiv>
                    <Unicode>eine Mitwerkung nicht, aber auch kaum</Unicode>
                </TextEquiv>
            </TextLine>
            <TextLine id="tr_2_tl_10" custom="readingOrder {index:9;}">
                <Coords points="471,1879 1954,1897 1954,1816 1856,1799 1787,1840 1697,1803 1469,1840 1157,1801 976,1850 471,1805"/>
                <Baseline points="483,1833 528,1836 573,1844 617,1850 662,1853 707,1856 752,1856 797,1859 841,1859 886,1862 931,1865 976,1862 1021,1862 1065,1865 1110,1862 1155,1865 1200,1868 1244,1871 1289,1871 1334,1868 1379,1868 1424,1868 1468,1868 1513,1865 1558,1868 1603,1868 1647,1868 1692,1865 1737,1868 1782,1865 1827,1865 1871,1868 1916,1871 1958,1874"/>
                <TextEquiv>
                    <Unicode>möglich wie - hoffentlich gerugt nicht</Unicode>
                </TextEquiv>
            </TextLine>
            <TextLine id="tr_2_tl_11" custom="readingOrder {index:10;}">
                <Coords points="526,1987 1691,1979 1905,2017 1848,1954 1642,1917 1471,1972 1243,1964 1056,1903 945,1964 850,1928 744,1968 526,1936"/>
                <Baseline points="537,1967 582,1970 626,1973 671,1976 716,1979 761,1982 806,1982 850,1988 895,1988 940,1988 985,1985 1029,1982 1074,1985 1119,1985 1164,1985 1209,1988 1253,1991 1298,1988 1343,1985 1388,1985 1432,1985 1477,1985 1522,1982 1567,1982 1612,1982 1656,1979 1701,1979 1746,1979 1791,1985 1836,1988 1880,1997 1910,2000"/>
                <TextEquiv>
                    <Unicode>schon dieser Umstand im alle meine</Unicode>
                </TextEquiv>
            </TextLine>
            <TextLine id="tr_2_tl_12" custom="readingOrder {index:11;}">
                <Coords points="562,2119 840,2144 1002,2107 1090,2146 1190,2109 1593,2109 1917,2170 1915,2097 1437,2011 1223,2091 1153,2060 823,2086 646,2005 560,2036"/>
                <Baseline points="573,2086 617,2086 662,2089 707,2095 752,2098 797,2104 841,2107 886,2110 931,2110 976,2110 1021,2107 1065,2107 1110,2107 1155,2107 1200,2104 1244,2104 1289,2104 1334,2104 1379,2107 1424,2104 1468,2104 1513,2104 1558,2107 1603,2107 1647,2107 1692,2110 1737,2116 1782,2119 1827,2125 1871,2134 1916,2137 1919,2137"/>
                <TextEquiv>
                    <Unicode>Gloffecher auf eine Schitsbische</Unicode>
                </TextEquiv>
            </TextLine>
            <TextLine id="tr_2_tl_13" custom="readingOrder {index:12;}">
                <Coords points="591,2227 1424,2268 1475,2237 1606,2270 1940,2247 1938,2160 1875,2156 1742,2225 1506,2168 1371,2205 1011,2164 823,2194 650,2140 589,2170"/>
                <Baseline points="600,2191 641,2200 686,2206 731,2215 776,2218 820,2224 865,2227 910,2230 955,2230 1000,2230 1044,2230 1089,2233 1134,2233 1179,2233 1224,2236 1268,2239 1313,2236 1358,2239 1403,2236 1447,2233 1492,2236 1537,2236 1582,2239 1627,2245 1671,2245 1716,2242 1761,2233 1794,2224 1815,2221 1859,2230 1904,2236 1946,2247"/>
                <TextEquiv>
                    <Unicode>guprenide rtheitein en lassen. - Wenn</Unicode>
                </TextEquiv>
            </TextLine>
        </TextRegion>
        <TextRegion id="tr_3" custom="readingOrder {index:1;}">
            <Coords points="620,2266 1964,2266 1964,3317 620,3317"/>
            <TextLine id="tr_3_tl_1" custom="readingOrder {index:0;}">
                <Coords points="611,2335 1070,2380 1151,2351 1875,2378 1875,2307 1756,2323 1634,2258 1490,2337 1286,2282 1151,2335 813,2274 731,2305 609,2284"/>
                <Baseline points="620,2316 665,2322 710,2328 755,2331 800,2334 844,2337 889,2343 934,2343 979,2343 1023,2346 1068,2349 1113,2349 1158,2349 1203,2346 1247,2349 1292,2349 1337,2349 1382,2349 1427,2349 1471,2352 1516,2349 1561,2349 1606,2346 1650,2349 1695,2349 1740,2355 1785,2355 1830,2355 1874,2355 1880,2358"/>
                <TextEquiv>
                    <Unicode>Ich hein neues Stück zum Hinrich</Unicode>
                </TextEquiv>
            </TextLine>
            <TextLine id="tr_3_tl_2" custom="readingOrder {index:1;}">
                <Coords points="615,2449 884,2508 1940,2484 1924,2408 858,2437 613,2392"/>
                <Baseline points="626,2436 671,2433 716,2439 761,2442 806,2451 850,2453 895,2456 940,2459 985,2459 1029,2459 1074,2456 1119,2459 1164,2462 1209,2465 1253,2465 1298,2468 1343,2471 1388,2471 1432,2471 1477,2468 1522,2468 1567,2471 1612,2471 1656,2471 1701,2471 1746,2468 1791,2468 1836,2468 1880,2468 1925,2477 1943,2474"/>
                <TextEquiv>
                    <Unicode>bringe, dann wirkte ich eines wählen</Unicode>
                </TextEquiv>
            </TextLine>
            <TextLine id="tr_3_tl_3" custom="readingOrder {index:2;}">
                <Coords points="638,2604 1076,2580 1461,2614 1667,2584 1830,2622 1828,2569 1665,2521 1384,2569 1200,2506 1090,2551 638,2523"/>
                <Baseline points="650,2555 695,2561 740,2570 785,2573 829,2576 874,2576 919,2579 964,2579 1009,2579 1053,2582 1098,2579 1143,2582 1188,2582 1232,2582 1277,2579 1322,2582 1367,2582 1412,2582 1456,2585 1501,2585 1546,2582 1591,2582 1635,2582 1680,2582 1725,2588 1770,2588 1815,2591 1833,2591"/>
                <TextEquiv>
                    <Unicode>dass ist als Schluss des Abends</Unicode>
                </TextEquiv>
            </TextLine>
            <TextLine id="tr_3_tl_4" custom="readingOrder {index:3;}">
                <Coords points="646,2730 929,2747 1051,2704 1322,2736 1384,2704 1730,2730 1891,2806 1958,2787 1954,2708 1852,2682 1545,2651 1453,2684 1355,2627 1216,2671 640,2629"/>
                <Baseline points="653,2665 698,2674 743,2680 788,2689 832,2692 877,2695 922,2695 967,2692 1012,2692 1056,2698 1101,2701 1146,2704 1191,2704 1235,2701 1280,2701 1325,2698 1370,2701 1415,2707 1459,2710 1504,2710 1549,2710 1594,2713 1638,2716 1683,2716 1728,2722 1773,2722 1818,2725 1862,2737 1907,2749 1952,2758 1961,2761"/>
                <TextEquiv>
                    <Unicode>empfiehlt, deshalb sind auch wegen</Unicode>
                </TextEquiv>
            </TextLine>
            <TextLine id="tr_3_tl_5" custom="readingOrder {index:4;}">
                <Coords points="648,2842 937,2812 1041,2865 1147,2840 1221,2893 1355,2838 1877,2867 1889,2812 1646,2765 1318,2812 1127,2755 958,2781 860,2741 813,2783 709,2757 646,2783"/>
                <Baseline points="656,2797 701,2803 746,2809 791,2809 835,2812 880,2812 925,2812 970,2815 1015,2818 1059,2821 1104,2824 1149,2827 1194,2827 1238,2827 1283,2827 1328,2827 1373,2827 1418,2830 1462,2830 1507,2830 1552,2830 1597,2827 1641,2830 1686,2833 1731,2836 1776,2836 1821,2839 1865,2842 1895,2848"/>
                <TextEquiv>
                    <Unicode>des B.- erleiks) welke ich von</Unicode>
                </TextEquiv>
            </TextLine>
            <TextLine id="tr_3_tl_6" custom="readingOrder {index:5;}">
                <Coords points="683,2953 819,2971 947,2936 1064,2979 1274,2942 1434,3005 1677,2955 1956,2971 1954,2906 1881,2883 1703,2883 1622,2924 1412,2877 886,2900 681,2838"/>
                <Baseline points="695,2916 740,2919 785,2928 829,2931 874,2937 919,2934 964,2940 1009,2940 1053,2943 1098,2943 1143,2946 1188,2943 1232,2940 1277,2940 1322,2943 1367,2943 1412,2946 1456,2946 1501,2946 1546,2952 1591,2952 1635,2949 1680,2949 1725,2952 1770,2955 1815,2958 1859,2961 1904,2964 1949,2967 1961,2967"/>
                <TextEquiv>
                    <Unicode>Ihren anderen Verkläfe ernächst</Unicode>
                </TextEquiv>
            </TextLine>
            <TextLine id="tr_3_tl_7" custom="readingOrder {index:6;}">
                <Coords points="689,3083 813,3111 923,3071 1106,3061 1184,3095 1290,3061 1367,3095 1490,3058 1579,3095 1801,3101 1799,2997 1693,2987 1630,3024 1168,2981 1078,3038 1015,3007 687,3001"/>
                <Baseline points="701,3039 746,3042 791,3048 835,3054 880,3057 925,3065 970,3068 994,3065 1015,3060 1059,3054 1104,3051 1149,3054 1194,3057 1238,3057 1283,3060 1328,3060 1373,3060 1418,3060 1462,3057 1507,3060 1552,3060 1597,3060 1641,3060 1686,3060 1731,3063 1776,3065 1806,3068"/>
                <TextEquiv>
                    <Unicode>absehen. - Da Sie ist dem</Unicode>
                </TextEquiv>
            </TextLine>
            <TextLine id="tr_3_tl_8" custom="readingOrder {index:7;}">
                <Coords points="699,3168 939,3211 1534,3183 1681,3238 1848,3187 1962,3228 1960,3120 1398,3118 1151,3173 1015,3122 962,3156 895,3113 699,3105"/>
                <Baseline points="710,3164 755,3167 800,3170 844,3173 889,3176 934,3182 979,3185 1023,3185 1068,3185 1113,3188 1158,3191 1203,3188 1247,3188 1292,3185 1337,3182 1382,3182 1427,3182 1471,3185 1516,3182 1561,3185 1606,3185 1650,3191 1695,3191 1740,3191 1785,3188 1830,3188 1874,3185 1919,3185 1964,3188"/>
                <TextEquiv>
                    <Unicode>Roman nur, so weit’ sind steht</Unicode>
                </TextEquiv>
            </TextLine>
            <TextLine id="tr_3_tl_9" custom="readingOrder {index:8;}">
                <Coords points="1278,3262 1300,3262 1320,3277 1375,3277 1412,3266 1424,3254 1441,3266 1453,3258 1483,3260 1481,3201 1461,3211 1447,3205 1437,3211 1408,3193 1379,3205 1351,3195 1329,3209 1308,3191 1296,3197 1274,3187"/>
                <Baseline points="1289,3248 1334,3245 1379,3251 1424,3251 1468,3254 1486,3254"/>
                <TextEquiv>
                    <Unicode>,,grincken</Unicode>
                </TextEquiv>
            </TextLine>
            <TextLine id="tr_3_tl_10" custom="readingOrder {index:9;}">
                <Coords points="717,3315 846,3331 911,3295 1013,3329 1092,3299 1306,3346 1542,3299 1875,3329 1889,3254 1659,3224 1581,3258 1522,3226 1363,3281 1021,3219 833,3274 715,3236"/>
                <Baseline points="728,3307 773,3301 817,3298 862,3295 907,3295 952,3295 997,3295 1041,3295 1086,3295 1131,3298 1176,3298 1221,3298 1265,3301 1310,3304 1355,3304 1400,3301 1444,3289 1489,3286 1534,3292 1579,3292 1624,3298 1668,3301 1713,3304 1758,3307 1803,3307 1847,3304 1892,3307 1895,3307"/>
                <TextEquiv>
                    <Unicode>ja doch dem neun, Drane dat</Unicode>
                </TextEquiv>
            </TextLine>
        </TextRegion>
        <TextRegion id="tr_1" custom="readingOrder {index:2;}">
            <Coords points="2170,660 3746,660 3746,2386 2170,2386"/>
            <TextLine id="tr_1_tl_1" custom="readingOrder {index:0;}">
                <Coords points="2743,760 2755,760 2773,772 2820,750 2863,748 2877,736 2902,742 2902,644 2867,650 2816,626 2787,632 2771,648 2743,644"/>
                <Baseline points="2755,710 2800,713 2845,710 2889,710 2907,716"/>
                <TextEquiv>
                    <Unicode>219</Unicode>
                </TextEquiv>
            </TextLine>
            <TextLine id="tr_1_tl_2" custom="readingOrder {index:1;}">
                <Coords points="2221,831 2247,813 2284,821 2355,803 2415,821 2445,811 2533,846 2600,852 2588,731 2563,727 2527,748 2423,715 2400,725 2311,715 2254,740 2209,725"/>
                <Baseline points="2227,797 2271,791 2316,791 2361,791 2406,794 2451,797 2495,806 2540,820 2585,832 2603,835"/>
                <TextEquiv>
                    <Unicode>sing=Theater</Unicode>
                </TextEquiv>
            </TextLine>
            <TextLine id="tr_1_tl_3" custom="readingOrder {index:2;}">
                <Coords points="2800,866 2855,850 2902,880 3061,837 3146,858 3256,835 3490,872 3576,917 3653,899 3655,736 3547,780 3468,748 3370,774 3236,711 2963,768 2800,756"/>
                <Baseline points="2812,832 2854,832 2898,832 2943,829 2988,829 3033,826 3077,829 3122,829 3167,826 3212,826 3257,826 3301,823 3346,823 3391,823 3436,823 3480,823 3525,823 3570,823 3615,823 3660,820"/>
                <TextEquiv>
                    <Unicode>Berlin NW. 40, den 4. „ 190 7</Unicode>
                </TextEquiv>
            </TextLine>
            <TextLine id="tr_1_tl_4" custom="readingOrder {index:3;}">
                <Coords points="2272,888 2302,880 2313,868 2339,882 2349,882 2372,868 2392,868 2398,874 2411,868 2427,870 2427,819 2388,819 2368,827 2355,823 2335,835 2319,825 2305,829 2272,821"/>
                <Baseline points="2283,859 2328,859 2373,859 2418,859 2433,859"/>
                <TextEquiv>
                    <Unicode>Direction</Unicode>
                </TextEquiv>
            </TextLine>
            <TextLine id="tr_1_tl_5" custom="readingOrder {index:4;}">
                <Coords points="2160,968 2197,974 2235,952 2303,960 2356,939 2384,939 2408,956 2447,952 2461,964 2531,937 2531,890 2506,878 2478,894 2441,860 2406,874 2370,868 2349,882 2315,866 2266,899 2231,886 2217,897 2160,890"/>
                <Baseline points="2170,931 2215,931 2259,931 2304,931 2349,928 2394,931 2439,928 2483,928 2528,928 2537,931"/>
                <TextEquiv>
                    <Unicode>Dr. Otto Brahm.</Unicode>
                </TextEquiv>
            </TextLine>
            <TextLine id="tr_1_tl_6" custom="readingOrder {index:5;}">
                <Coords points="2749,1261 2773,1251 2836,1278 2865,1267 2926,1304 2963,1284 3030,1302 3050,1280 3122,1322 3164,1298 3238,1322 3226,1176 3111,1194 3075,1182 3018,1214 2891,1180 2845,1194 2789,1180 2745,1208"/>
                <Baseline points="2761,1253 2806,1256 2851,1259 2895,1262 2940,1265 2985,1268 3030,1274 3074,1277 3119,1283 3164,1286 3209,1286 3242,1286"/>
                <TextEquiv>
                    <Unicode>Liebe Freund,</Unicode>
                </TextEquiv>
            </TextLine>
            <TextLine id="tr_1_tl_7" custom="readingOrder {index:6;}">
                <Coords points="2518,1514 2651,1492 2869,1549 3073,1545 3115,1581 3301,1504 3391,1538 3478,1512 3582,1571 3676,1559 3672,1424 3637,1418 3116,1443 2944,1487 2798,1436 2692,1481 2518,1467"/>
                <Baseline points="2528,1495 2573,1498 2618,1498 2662,1504 2707,1504 2752,1504 2797,1507 2842,1507 2886,1510 2931,1510 2976,1510 3021,1510 3065,1510 3110,1510 3155,1510 3200,1510 3245,1510 3289,1510 3334,1510 3379,1513 3424,1516 3469,1516 3513,1519 3558,1522 3603,1525 3648,1528 3680,1528"/>
                <TextEquiv>
                    <Unicode>ick, he ist for these Prison</Unicode>
                </TextEquiv>
            </TextLine>
            <TextLine id="tr_1_tl_8" custom="readingOrder {index:7;}">
                <Coords points="2519,1657 2783,1628 2845,1671 2891,1634 2957,1667 3087,1630 3219,1669 3336,1632 3513,1679 3631,1652 3631,1591 3505,1610 3303,1579 3272,1612 3158,1612 2999,1545 2871,1600 2518,1585"/>
                <Baseline points="2531,1618 2576,1618 2621,1621 2665,1621 2710,1621 2755,1624 2800,1624 2845,1624 2889,1627 2934,1630 2979,1627 3024,1627 3068,1630 3113,1630 3158,1630 3203,1630 3248,1630 3292,1627 3337,1627 3382,1630 3427,1630 3472,1635 3516,1638 3561,1641 3606,1644 3636,1644"/>
                <TextEquiv>
                    <Unicode>aus mehroen Gründen noch nicht</Unicode>
                </TextEquiv>
            </TextLine>
            <TextLine id="tr_1_tl_9" custom="readingOrder {index:8;}">
                <Coords points="2519,1758 3244,1748 3578,1809 3578,1728 3264,1681 3075,1710 2665,1683 2519,1714"/>
                <Baseline points="2531,1740 2576,1737 2621,1740 2665,1743 2710,1746 2755,1746 2800,1749 2845,1749 2889,1746 2934,1746 2979,1746 3024,1746 3068,1749 3113,1749 3158,1746 3203,1749 3248,1746 3292,1746 3337,1746 3382,1746 3427,1746 3472,1752 3516,1752 3561,1755 3582,1758"/>
                <TextEquiv>
                    <Unicode>rapflichten die Leb. St in</Unicode>
                </TextEquiv>
            </TextLine>
            <TextLine id="tr_1_tl_10" custom="readingOrder {index:9;}">
                <Coords points="2539,1901 2671,1885 2763,1926 3107,1887 3254,1952 3393,1885 3631,1907 3631,1824 3399,1860 3293,1815 3228,1862 2926,1809 2743,1860 2631,1813 2539,1824"/>
                <Baseline points="2549,1868 2594,1874 2639,1874 2683,1874 2728,1874 2773,1871 2818,1871 2862,1874 2907,1874 2952,1874 2997,1880 3042,1880 3086,1880 3131,1880 3176,1880 3221,1880 3266,1877 3310,1877 3355,1880 3400,1883 3445,1880 3489,1880 3534,1883 3579,1883 3624,1886 3636,1889"/>
                <TextEquiv>
                    <Unicode>hülen, will es eher für nichste</Unicode>
                </TextEquiv>
            </TextLine>
            <TextLine id="tr_1_tl_11" custom="readingOrder {index:10;}">
                <Coords points="2510,2023 2690,2046 2953,2001 3008,2044 3179,2011 3313,2054 3332,2050 3331,1932 3179,1977 3087,1958 3001,1979 2881,1923 2806,1952 2728,1909 2616,1944 2508,1934"/>
                <Baseline points="2519,1985 2564,1991 2609,1994 2654,2000 2698,2006 2743,2009 2788,2009 2833,2003 2877,2000 2922,2003 2967,2003 3012,2006 3057,2006 3101,2006 3146,2009 3191,2009 3236,2012 3280,2018 3325,2015 3337,2015"/>
                <TextEquiv>
                    <Unicode>than. [illegible]</Unicode>
                </TextEquiv>
            </TextLine>
            <TextLine id="tr_1_tl_12" custom="readingOrder {index:11;}">
                <Coords points="3236,2170 3303,2158 3319,2172 3419,2174 3495,2213 3548,2186 3629,2217 3649,2201 3710,2225 3743,2213 3735,2121 3713,2113 3690,2129 3643,2113 3586,2121 3568,2105 3482,2125 3378,2091 3364,2101 3293,2062 3228,2080"/>
                <Baseline points="3245,2149 3289,2152 3334,2158 3379,2164 3424,2167 3469,2170 3513,2176 3558,2179 3603,2182 3648,2188 3692,2191 3737,2188 3746,2191"/>
                <TextEquiv>
                    <Unicode>Hantisch gewandt</Unicode>
                </TextEquiv>
            </TextLine>
            <TextLine id="tr_1_tl_13" custom="readingOrder {index:12;}">
                <Coords points="3311,2300 3325,2300 3342,2284 3356,2286 3393,2313 3413,2300 3423,2300 3423,2194 3411,2195 3397,2209 3384,2211 3372,2205 3342,2219 3311,2217"/>
                <Baseline points="3322,2277 3337,2274 3382,2277 3427,2274"/>
                <TextEquiv>
                    <Unicode>Mr</Unicode>
                </TextEquiv>
            </TextLine>
            <TextLine id="tr_1_tl_14" custom="readingOrder {index:13;}">
                <Coords points="3407,2425 3450,2402 3472,2404 3484,2396 3511,2413 3547,2406 3592,2417 3592,2284 3570,2276 3541,2248 3525,2248 3454,2309 3407,2321"/>
                <Baseline points="3418,2376 3463,2373 3507,2376 3552,2373 3597,2373"/>
                <TextEquiv>
                    <Unicode>Pr</Unicode>
                </TextEquiv>
            </TextLine>
        </TextRegion>
    </Page>
</PcGts>
