3888 4135
2109 593 3684 747 Um ihn ist ganz an vorlieben für das
2126 702 3711 848 stück, habe ich ihm ein Frauest beredet,
2144 820 3705 958 dem a glaube ich soll nötzen wird, mittend
2168 919 3640 1081 ich für den König nunmehr Kaysler
2204 1036 3703 1182 ds den bisten äusserhal; den bleibt vom
2239 1142 3613 1283 couestreff for the Andren. It is not in
2243 1231 3648 1403 wischen Publihum sehr guten Credit re¬
1994 1393 2174 1462 and is a
2273 1373 3642 1512 présentat gut und was ihm etwa für
2016 1443 2186 1530 W.A. im
2275 1447 3668 1605 die Balle und fehlt und den H.
1986 1504 2209 1615 Hersog der
2287 1575 3644 1719 könne und Proben um grosam Theil
2014 1593 2221 1690 Kahda
2014 1672 2204 1775 heras
2306 1694 3630 1879 wie ich hoffe in äusser sein – Die
2330 1838 3595 1937 Hlanden Rollen sind im gernen
2362 1905 3609 2081 Ausen schließen, wie wir es s. 22.
3036 2020 3656 2178 desapraschre hier
2389 2081 3097 2188 in Ansicht nehmen,
2409 2164 3632 2328 ich Ihnen rückster Tage, wenn Sie
2407 2302 3674 2439 er iniessen nach geschriebend def.
2413 2419 3696 2583 ritere wasstheilung, und melden
2411 2539 2688 2660 lassen.
2423 2617 3705 2834 Ish frere mich sehr. Sie man bald
2441 2779 3557 2945 sich zu sehen, er gewasamst
2456 2917 2788 3047 Arbot!
2891 2925 3229 3089 Hanslin
3209 3034 3676 3196 Ou ila
