4009 4103
302 728 1851 936 resoluter Paterhame in Ordnung hält. Da
310 872 1930 1028 Tod da beider wegen Leak am etefang, und,
331 996 1864 1156 en reden weise, die Ihnen in der General ins
352 1100 1947 1258 Hans des Herzogs kommt erscheinen wir als Nähe¬
335 1244 1928 1394 punkte Jhro Theffers; and is besondre at my son
341 1352 1868 1512 an tt der letzteren wird selter in Dertschlard
339 1468 1976 1618 geschließen – Jhnen ist das Besse noch eine Will
347 1575 1930 1747 hierhalten, um es wieder einmal vorzeichnen?
510 1741 1988 1912 As front with his Lie, dass the Director
354 1855 1932 2016 sich so in Ihrem Vacimme drängen. Den Kup. zu
354 1964 2024 2153 reisteriren, würde mich fremen, und es wir wol aus
362 2074 1953 2265 ein Berich einer fernerer Möglichheit, näml wenn
391 2178 1997 2402 die Wiere Ehrfährung die Prager schuldigte be¬
393 2317 1953 2500 stôtigen wird: wollen Sie dermal jetzt darüber
410 2446 1993 2621 für's Filler. The rafigen, so nicht ist Ihre
451 2558 1978 2746 niet in den etwa fallen; es liesse sich auch
460 2704 1976 2868 denken, dass ein günstige Aufnehme zur dem
464 2802 2016 3008 entsfangenen Gebtihan da draassen fr in
485 2924 1984 3114 up by ack: nach Schillau Lossing. - Was
489 3012 2030 3249 Mittel betrefft, so mach ich Ihnen der Ver¬
485 3143 2061 3334 Volles, sie mit Behr', Konnert' zusammen in
493 3272 1972 3440 Erben, als welches ich nur meinen habe. Es
2662 634 2827 801 250
2115 755 2633 926 Tessing-Theater
2908 763 3659 899 Berlin WW. 40, den. 190.
2232 838 2450 928 Direktion
2207 907 2554 1050 Dr. Otto Brahm.
3091 1007 3557 1194 vn. 21.6.09
2689 1281 3222 1471 Lieber Freund.
2429 1535 3736 1683 ich hoffe, dass wird Hein: sich jetzt
2450 1676 3744 1816 wieder hun befindet und dass Sie heim
2448 1789 3646 1951 An arge Mense and Stirny in them.
2438 1941 3761 2053 Abristler Alsdan. – Von Missi zu seinem
2452 2049 3675 2209 Trenke Medordus ist der Weg nicht in
2461 2199 3729 2355 ley, wie vom etefang dieser Dichter
2467 2321 3729 2461 his eau Schlass. Ich bin ihn aber gern
2488 2434 3686 2604 gegangen, stets festgehalten um einer
2500 2546 3765 2700 ferner und starken Hand. Setten mir
2521 2669 3779 2825 spirt man der Zwey des Ehrnicht¬
2506 2768 3823 2943 lischen, der den Dichter hemmt in freiert
2519 2904 3734 3064 Entfaltung (2.B. in der beygestrichten)
2533 3024 3836 3164 Aplanten geschichte; und oft bewendete
2515 3122 3819 3288 man der Dienstler, da formt, und heut,
2521 3228 3748 3349 und vidarstehende Messer mit seinem
