3985 4088
195 739 1813 922 wohl nicht an dem 18. Fehr heranhärte.
195 861 1761 1038 Das ist ein Sanstag. entrich. Zum
221 992 1095 1123 wird wohl das Besk sin.
252 1083 1723 1238 Ihr nur Freitag in diesem Sunderspfehl
229 1226 1809 1387 Balin, wie eher gestern wieder Koreisgefahren
223 1350 1723 1499 und werde reruntlich 14 Tage noch hier
260 1487 1819 1616 pläten. Der ich in längerem Verweilen an¬
254 1596 1793 1747 retichende zurge Wein gieht mit Musse;
246 1725 1787 1876 und es gefält mir allmälig recht get
233 1841 1795 1966 hier in Wald und an der See nur
246 1980 1789 2143 in haftbed. In hete angefragen, she
262 2113 1829 2278 Könne in Schreiben, und bin gleich auf eine
268 2224 1858 2439 an beide Basis gereten, dass ich vielleicht
266 2347 1542 2514 in Rachspan- Enay auswichst.
276 2485 879 2624 Dear Thron & eupen
950 2508 1944 2665 Schwachhapp stelle ist event.
288 2608 1739 2781 den Dichkopf Lering gegenste, dessen
304 2741 1868 2942 welk Land - Begeisterny auf dem Gearde
310 2848 1860 3065 anialer Straße durchst. Die Wirkung des
308 2966 1761 3172 1. Alks freut nich und ich schliesse
330 3131 1876 3319 recht Goethisx:  Mut so fortan!
372 3226 1882 3466 Da ist nicht wol en leben müsste ge¬
2564 652 2753 823 277.
3395 729 3516 849 1910
2006 743 2530 924 felsing-Cheater
2755 755 3156 881 Berlin UW. 40, den
2186 851 2347 928 Direktion
2083 902 2443 1000 Dr. Otto Brahm.
2596 922 3445 1089 Kerkers Tegel 10.10.10
2850 1077 3560 1236 (du mois) & a dreinel
3103 1224 3246 1391 yer
2500 1439 2956 1592 Lieber Frenst
2304 1670 3536 1813 mit diesen weillen Entschluss bis
2310 1777 3588 1910 ich gern einverstanden. Die L. für
2337 1928 3633 2071 Gera het ik om Aufrag en dirager,
2365 2025 3596 2178 aber zu licht befunden; die T. trägt
2355 2151 3536 2314 besser nicht meine Jährungung.
2367 2290 3548 2413 Zweifellos liegt die Aalle anregten
2353 2397 3574 2550 der beiden, aber ich finde, die P.
2349 2512 3608 2685 kommt ich, besonders in der erweiten
2353 2606 3683 2753 Hilfte des Stöthes näher. Als Termin
2349 2763 3697 2914 lass & up Mitte Fehr. er die Vertrag
2367 2872 3620 3015 schreiben, will aber gleich dazu schon
2379 3005 3580 3148 dass eine urschuldige gerardere Re¬
2375 3131 3606 3296 rechnung mir angehen hat, dass mir
