3943 3879
2621 460 2774 568 295
2772 485 3533 662 Berlin WW. 40, den 7. 9 1911
2078 557 2503 698 sing-Theater
246 613 1783 803 ein H in ihm gefunden, das er nicht
2020 603 2109 741 ein
2161 636 2336 726 Direktion
2062 708 2425 836 Dr. Otto Brahm.
254 724 1820 908 beurspracht) hat also den Bewand für
254 865 1843 1038 Medaldas sich sich, zusammen – aber was hilft
272 989 1843 1137 der Pentestor bei einem zu sprüden Anton.
2561 1065 3104 1211 Lieber Freund!
281 1121 1820 1263 Sie heruners gewiss at warten und wenn
283 1240 1911 1410 des Theater sich entrichtelt, schon noch immer
2318 1335 3535 1513 mit der hunlichsten Teilnahme
289 1337 1946 1544 das Stich geben. Oder wol bisser dem Belkenen
2316 1465 3680 1674 erfahre ist von der dassten Eichrichung
281 1511 1915 1682 Ph., wie es als Zugstöck zu insceniren will.
2332 1587 3548 1760 Ihrer Mutter und begleite Sie alle
297 1630 1909 1781 - Dir Gedanke, Minai mit Bahrs Tinn.
2357 1742 3612 1897 in der schweren Not dieser Zeiten
320 1762 1934 1925 shee zusammen hin jeten, lebt embryonalisch
322 1853 842 2027 in it fort.
2353 1864 3735 2031 mit meiner besten, innigten Wünschen
1282 1994 1783 2157 Herstich Mr
2470 2058 3717 2245 The Amastirny mener Vorschläge
1682 2122 1874 2299 Paraphe
2363 2183 3645 2363 wird genauestens barchichtyt, bei
2371 2311 3659 2503 der Reparation S. 105 und besonders
2373 2452 3684 2635 4. 172 Mädig niet dran¬
2353 2596 3651 2751 tugender Ührende. Dass Ihnen
2380 2691 3669 2945 die Besitung recht ist, ist mir
2415 2854 3713 3052 sehr lieb. - Hr. Gönner darobsche (der
2423 2970 3533 3133 von der Opcrette, ich glaub ich
