4040 4104
1851 404 1936 530 id
2975 408 3158 544 II
2074 408 2375 560 1:1:4:4
712 451 869 570 „ „
2884 582 3004 700 65
2868 680 3824 848 Berlin N. 20., den 17. März 1900
323 812 1733 938 lesetnungen im Mittwocht diesen
2669 783 3840 1001 Herrn Dr. Arthur Schnitzler
373 942 735 1057 F. Deitelrief.
2925 946 3872 1128 Wien IX, Trankgasse 1.
384 1029 1835 1167 Du étudorungen, die Sie an dem Werk weg
418 1133 1741 1277 nommen haben und die starke Hirengen
428 1230 1812 1362 finde ich alle sehr gut und sie karten den
449 1360 1776 1476 Eindruck nichts; besonders dem 2. 4. nach
473 1447 1871 1587 5. Aht sind sie ein gute gekommen sehr meint
485 1547 1849 1699 esundung und alles ist den Achmen mög¬
497 1652 1770 1792 lieben uns näher gekommen. Gefenelt
514 1780 1857 1869 hat sich das Stück auch die ununter¬
530 1841 1863 1995 Fremtiss nahme (allerdings mehr Gefessels
550 1979 1857 2105 als dirient, und der spannende Auf¬
570 2058 1817 2208 han, die gertückte Führung und die
585 2147 1806 2306 Geist da aus dem Quazen und dem
585 2269 1721 2403 Ainschneun spricht worden auf dem
568 2350 1792 2517 Theater ihre Wirkung nicht verfehlen
591 2484 1788 2602 ot la stilisite etratilhaftigheit
607 2559 1910 2701 des Diertes dem Geblichen verständlich
627 2687 1833 2805 und sympathisch sein wird, ob die
623 2760 1910 2917 tate aes Haegs nur ihm schrungen
643 2870 1808 3028 ist in diese Frage wolle ich nicht
649 2965 1837 3111 ohne Frauweishen lassen; und die
664 3042 1892 3229 Bertine, womit mir (sebt die im Hals¬
670 3174 1914 3316 verliert in Vorlauf die scharasteristra¬
678 3258 1821 3406 Haltny in Awas, um Ihnen des
2367 1090 3726 1275 Sehr geehrter Herr Doctor!
2630 1262 3814 1453 Wir haben uns wegen der
2302 1374 3830 1543 Aufführungferlaubnis von Grä¬
2287 1482 3824 1672 wild für das Wiener Gastspiel
2320 1597 3846 1790 an die Agentur Entsch gewandt,
2314 1701 3763 1863 Diese verweist und aber direct
2297 1819 3874 2005 an Sie, weil Sie sich Wien vorbehal¬
2293 1910 3852 2099 ten hätten. Herr Dr. Brahm ersucht
2302 2026 3870 2218 Sie also freundlichst, ihm die Erlaub¬
2287 2141 3826 2328 nis zur Aufführung des Stückes
2295 2269 3862 2433 zu ertheilen sowie auch des grünen
2291 2354 3771 2547 Kabadu, da er event. auch dieses
2285 2466 3840 2665 in den Spielplan aufzunehmen ge¬
2279 2569 3860 2779 denkt, Zugleich bittet er nochmals um
2273 2689 3842 2890 Ihre gefällige Zustimmung zu der
2293 2789 3846 2998 Ihnen bereits mitgetheilten Absicht
