7731 4088
1614 709 2595 853 Berlin N.20., den 9. September 1896
1029 768 2595 1107 Herrn Dr. Arthur Schnitzler
2047 1022 2427 1166 Wien IX
2108 1144 2595 1312 Trankgasse 1
1499 1292 2564 1490 Sehr geehrter Herr Doctor!
1248 1472 2643 1627 Mit bestem Dank für die grömpte
1262 1586 2673 1762 Uebersendung Ihres Freiwils über¬
1262 1707 2649 1877 reicht Ihren Herr Dr. Brahm bei.
1246 1827 2588 1975 folgend den Contract über das
1262 1944 2612 2101 Stück und bittet ein gefällige
1255 2060 2623 2210 Rückgabe des Exemplars nach dessen
1264 2160 2645 2329 Unterzeichnung, worauf Ihren
1262 2273 2719 2410 sogleich der Gegencontrat zugestellt
1259 2388 2732 2558 werden wird. Herr Dr. Brahm wollte
1248 2499 2671 2684 Iben selbst schreiben, ist aber durch
1279 2619 2693 2806 nur eben eingetretene Abhaltung
1272 2758 2612 2897 davon verhindert und wird es
1283 2867 2654 3008 veraussichtlich morgen oder in den
1283 2947 2569 3130 allernächsten Tagen nachholen.
1601 3058 2756 3208 Sachachtungsvoll und ergebenst
1757 3145 2738 3286 Deutsches Theater zu Berlin
1834 3230 2593 3386 W. Moriz Elvchor
4032 755 5779 942 Mitsschrönes wohl mehrere wird Denn spielen.
4220 863 5714 1029 Ich habe das Stich gleich zum Aufheilen
4224 990 5757 1140 gegeben und werde es den nochmals, herzlich
4230 1107 5701 1264 mit der inselben Rollen, gern durchlachten,
4250 1179 5653 1348 ten dahin möchte ich etwas Defectives
4272 1277 5716 1451 ihr die Bextang nicht gegen. (Firn ist
4267 1372 5642 1551 es doch noch möglich, Ihrer Trinsper in
4261 1479 5707 1644 entsprechen, in Marke se wohl nicht ist
4276 1609 5679 1760 in ry dus ik des hauts gern thee
4480 1705 5762 1866 Dan die Riedel besser Gentinutile
4261 1788 5655 1947 als Nässe will haben von glück ich schon
4283 1894 5714 2042 erirtert? Ihr ist ich auszudricher ist
4291 1988 5746 2145 nicht ge-de mir vielmehr recht reif. Die
4283 2084 5740 2288 imposition which we are fromal in lay
4283 2190 5696 2319 rung – verleiten Sie – Kunstlag: es werden
5033 2179 5274 2266 Kunst los
4313 2282 5749 2451 in her water I amftrittin an rich Diep an-
4322 2392 5779 2564 sinnengetragen und dortert, blos an Bierte¬
4311 2458 5794 2651 bey les Zerkends, und ich meine, die müsste
4320 2595 5731 2773 sowohl alles irgend entbehelichte enregische
4320 2680 5757 2862 der ausgestreiden werden als auch temps keit
4341 2777 5751 2941 tehrliche an spätere Stellen rasikt werden
4352 2871 5698 3054 nachdem das eigentliche Stücke begonnen
4361 2986 5775 3147 that Dr Schlesy but - are to a undlach
4372 3075 5757 3243 niederholt sich mir — grosse Gefahren und
4396 3184 5792 3334 were as in Mittel gäte, die letzten Uhr¬
4398 3269 5812 3493 merk des Lochmallens könnte die Frau
6453 748 7452 927 Berlin N.20,, don 11/9 1896
6399 1316 7219 1518 Lieber Herr Schriteln,
6184 1601 7480 1783 der Vatery ihr Freiwill werden
6210 1683 7447 1875 Sie erbetten haben; ich hätte ihr
6218 1827 7486 1977 and she the pf. Anregay aif
6234 1914 7482 2084 10% Partiene ausstellen lassen, dem
6238 2049 7528 2173 um wandeln sie ja auf den ließen
6231 2108 7539 2299 Höhen Hentrüksschor, Berichtheit und
6242 2229 7519 2410 haben Angreich auf der solche Höhe
6264 2347 6716 2458 an Presenter
6273 2392 7552 2619 Das Stöck hat mir in geme. Wäre
6286 2547 7473 2712 der rückliche Eintrach genosses, wie
6266 2645 7539 2784 das erste Mal (In habe alsmaßte)
6249 2745 7465 2882 verdorben auch Ihr Vorlesen – ein
6262 2832 7586 3012 schönes Compliment, nicht mehr?); auf
6262 2917 7573 3104 in der Besitungsfrage derleich und
6262 3025 7576 3204 schon: ich hier nicht a) Ihrer Aufsicht
6284 3112 7578 3280 Konishi-Rin nicht schöne, hatte
6286 3221 7599 3460 Gärde für sehr gewiß und das ganze
