4003 4056
60 694 1734 834 welchen Eindrücken Ihre Absicht zu deutlich sie auch
88 796 1709 925 ausgesprochen wir, gänzliche Geordelt haben, er kann
96 867 1684 1036 es nicht meine Sache nie in Ihre Entschliessungen
129 963 1623 1134 Eingreifen an wollen; wie möchte ich Ihnen in
146 1104 1665 1229 weniger geben ob Sie nicht bis unsmaliger
185 1190 1736 1334 Anbelegung, finden, dass Sie nie ein gewisses Ver¬
206 1277 1705 1432 recht einzusumen sollten, dahin gehend, dass Sie
1254 1398 1417 1461 don
219 1398 1640 1532 and with in Stimme to der Frage lessen
944 1384 1259 1463 Entscheidung
246 1507 1629 1640 welches da beiden Stiche für unser Thester
246 1586 1705 1738 Geergnet sei, und dass Sie nur also einen Ein¬
254 1700 1642 1875 blick in heide gewähren haar Sie etwas
296 1823 1611 1965 ahmesten; meind völligen Diseretion in
327 1923 1750 2088 diesem Falle jure in and du brautse ist
363 2052 1705 2200 Sie nicht auf zu rasischen. - Aber nach
369 2165 1634 2330 dus gebe ich Ihnen nach ein eenige
400 2271 1657 2411 dass, je s'hueller die voir du Comédie
406 2396 1673 2507 ausenden destr sonder da Platz an der
400 2469 1805 2634 Sonne sein höeck dan ist Ihren ausmitte,
440 2598 1734 2719 dem getragen ist kam ich nur mit den
454 2678 1780 2848 habenden, nicht mit den Leben sollenden
463 2801 1786 2971 Stuchen nachum – und wir nicht kommt
444 2894 1750 3065 mahlt in cest Sollen Tie dan aif
475 3021 1802 3165 meinen Vorschlag eingehen und sich später
508 3126 1752 3288 auch das zweite Stich beim lassen, und
500 3240 1721 3382 sollten wir Eide finden, dass dieses das
2755 365 2890 458 111
2576 611 2701 746 167.
1925 690 2375 821 essing=Theater
2567 692 3444 850 Berlin plW. 40, den 21. 6 190. 5
1961 792 2200 861 Direction,
1930 834 2307 948 Dr. Otto Brahm.
2444 1156 2949 1313 Lieber Freund!
2221 1379 3522 1573 das Ihrem Brief habe ich gern erfahren,
2240 1477 3482 1629 dun Sie mit ihrer Comédie so gut wie
3582 1567 3707 1709 iten
2257 1617 3557 1771 fertig sind; anderes erfuhre ich weniger gern.
2282 1702 3501 1859 Dass wir uns wieder nicht treffen können
3601 1782 3688 1896 on-
2261 1807 3519 1994 pest nur leid u/ die Ansicht auf Tilsberg
2300 1909 3547 2098 ist wohl von beiden Seiten unbestimmt)
2284 2032 3524 2184 und dass Sie von den zwei Stichen, mit
2300 2105 3505 2273 deren Sie die Saisen verkönnen wollen.
3613 2092 3697 2194 r
2313 2236 3597 2392 sich nur eines anvertrauen wollen, bedende
2313 2336 3499 2465 ich nun so nicht als Sie nicht bei meiner
2305 2415 3453 2584 wesenheit in Wien an Ostern das
2325 2530 3484 2701 Eigentheil bestimmt versprechen. Die
2344 2619 3590 2794 sagten damals, vollkommen spontar met
2340 2753 3542 2898 gene deutlich, dass Sie (ein doppelt)
2355 2842 3509 3015 geöttetes Hans, erei Stucke ungleich
2382 2942 3611 3109 mit u trauischen wollten, mit ich quittirte
2386 3049 3605 3219 dies darhand, und wir sehr gelührt
2405 3165 3540 3299 könne Sie nun, ich weiss nicht mehr
