4015 4087
2737 594 2876 689 193
2131 676 2652 840 Pesting=Theater
352 728 2017 846 ausgesprochen 16 und muss ist in die Aha¬
2851 710 3691 867 Berlin plW. 40, den 20. 1 1906
875 763 1049 875 20th July
389 792 1959 945 und Kathdiners hinwünksen. Oh Frau R.
2209 836 2582 937 Dr. Otto Brahm.
399 929 2034 1070 wght etwas daars hearsgewachsen ist, blötig
424 1034 1980 1179 freilich die Frage; aber sie hat einen Wunden.
445 1165 1899 1276 sentimentalen Ton und ist ganz un¬
447 1270 1932 1409 Wifferde sympathisch und Kálmerall; wo
2662 1237 3147 1425 Lieber Freund,
470 1413 1998 1552 ihr un in Erfassen der Aufgabe fehlt.
2493 1492 3680 1657 dache sehr für die Glückwünsche
494 1533 2003 1661 (die sie härtigte uns versprach) würde sie
499 1624 2032 1796 und That mir nicht Meisterreise lassen
2536 1645 3653 1769 Es war ein schönde Abend schön
544 1748 1980 1928 heinen. Ich plödie also hat sie auf
2536 1767 3687 1893 auch deshalb, wol das Publikum
567 1858 1990 2048 itte nur Ihre Zustimmung; oder soll
2553 1901 3674 2005 ich bewährte. Die liebe Kritik
592 2015 1961 2149 ich versuchen sie, in der Schuche an
2565 2027 2989 2156 frilik - -
600 2120 2050 2280 hatten, bis das Sie sie erschaut haben.
2592 2116 3740 2269 Ist bei mehr für Katharina =
608 2224 1969 2389 Des nach früher und möglich, wenn
2609 2245 3840 2396 heraus als = Aloff, aus der Gründen
637 2342 2013 2503 &c nure ite fing the Testen konnern
2607 2371 3778 2476 die Sie nicht so einleuchtend hier
652 2466 937 2584 wollen.
2611 2478 3794 2607 in B. entwishelten. Die O. vielst
658 2590 2071 2807 Nähdes ihr Termin und Beschamp.
2613 2605 3848 2749 [illegible] 1-2 I also in pay, daran heam
2648 2737 3848 2851 auch der gestrige Ahnk nichts eindem
681 2754 1616 2884 drücklich teldmöglicher
2619 2842 3761 2965 He ist in Talent dessen ich wehr
1357 2896 1665 3047 Härk
2602 2936 3699 3101 frere and das ist gewiss gern
1643 2991 1798 3122 Ri
2619 3093 3687 3219 Gleich sieht ins Tener stellte
1709 3109 1872 3264 10
2580 3192 3757 3331 (das "Fünkchen" – aber sie ist
