3940 4057
2546 678 2665 773 150
2527 793 3490 937 Berlin N. 20., den 27.1 1904
1863 994 1995 1160 $6.
2368 1295 3033 1433 Lieta von Schützler
2214 1568 3510 1739 die Besetzung ist die verabredete mit
2250 1665 3595 1799 ist Frl. Thierst sehr unglücklich über
2266 1796 3533 1896 du Johanna. Hoffentlich macht sie
2280 1910 3416 2024 hine aus dem Schwierigkeiten.
2283 2005 3525 2149 Künschen habe ich – bis an Ihrem
2298 2124 3565 2260 O intreffen – nur die teil, nächsteten
2318 2231 3465 2345 unter dort. En wäre nie lieb
2343 2330 3540 2464 man Sie schon im Freitry den 5.
2332 2439 3451 2561 Feh. an an den Gruten kämen,
2352 2547 3518 2683 die Zeit ist sonst etwas heurft,
2352 2678 3565 2775 schriebt mir, da einen Werk von
2360 2768 3590 2934 in seiner Schwierigkeit. Ihr. Lesung
2353 2904 2750 3033 but Regle.
2370 2976 3609 3115 Ihr sche am 5. Ähuhs gleich gute
2382 3096 3567 3219 Freunde vor mit und hoffe sehr,
2415 3180 3512 3306 See- and the Franrs-worden
2435 3269 3466 3376 datis sie. Gerulich N. O.B.
