4013 4071
207 681 1749 861 Parabonier, die der reise 5 Minster unter
248 816 1818 961 vergessen hat – und da reiste es ihn, Ihn
260 933 990 1070 diese Trage vorzulegen.
269 1048 1771 1175 Den das Lustspiel w in der Last hängt,
297 1172 1818 1277 die Ihnen Goldmann über übel nehmen.
310 1255 1863 1435 Ich wünsche sehr, dass Sie sich nicht ohne
332 1394 1806 1527 and Thikler- And was done Dr. Th
363 1523 1640 1652 her aus vielen lassen! – Uhr das Wohn¬
359 1621 1857 1773 Pupferspildes' reden sich wohl erst wenn ich
396 1763 1460 1933 wissen was In sonst Kirchen.
2763 541 2907 683 134.
2776 664 3438 804 Berlin N.20., den...
3546 711 3675 795 190
2917 832 3583 961 St. Blasien 26.7.09
2671 1177 3347 1330 Liebe Herr Schotels.
2441 1359 3727 1531 wenn die Zeitungen recht gemeldet haben
2443 1494 3761 1630 so habe Sie härzlich einen Schil gethan,
2446 1583 3716 1744 bei dem reine hätlichen, freundschaftlichen
2448 1703 3716 1820 Wünsche die tgleiten. Ich hoffe, dass er Sie
2458 1798 3721 1943 in Dingen sowohl wie Menschen führen werk,
2456 1896 3747 2052 an deren Sie zur Freudiges mit Glückbildes.
2470 1974 2931 2107 de lettre werden.
2487 2099 3688 2257 Sind Sie in Ihrer Arbeit in dem hatten
2464 2187 3716 2353 Monat, mit dem Sie nicht schrieben, recht
396 1882 1816 2015 The kark was Lagan erhielt ik. We
392 1990 1857 2144 esti, I have him but agurqu’s off her
390 2117 1857 2275 hes 19. hier thäty, dem gehe ist wohl
410 2228 1808 2409 [illegible] Tyn us Marnstad, saitet
2476 2300 3710 2435 fortgestritten? Dann will ich mich ihr das
428 2335 1829 2525 welx H. Blasion en meinem Bruder
2486 2376 3772 2523 Erich stellen des Lustspiels leisten und auch
435 2487 1472 2644 denn es constant get geht.
2480 2482 3733 2642 die Goldnännt von der Treben Presse und
2491 2589 3753 2743 du Theatoreasse le tristen sesen. Depu
478 2583 1783 2782 Bald ou mettreres sept die? Gut
2491 2700 3792 2841 des Pupperspielers’ haben Sie nicht missver¬
515 2737 1496 2870 Ist nehre In beim Wort
2478 2810 3780 2950 standen, ich meinte seit, dass wir ihr ist,
1324 2849 1818 3046 Glasl'at the
2517 2915 3782 3048 sehr sollten, wenn Sie mit etwas Grössoren
262 2950 1236 3097 Die Löeverke Neufführung der
2503 3024 3751 3136 hauptreten sind, sondern dass wir nichts
266 3062 1273 3185 „Præs.“ wäre mir recht angehen.
1599 3052 1792 3212 O.R
2493 3073 3788 3239 terinnen wollen ihr eine Aufführung, ehe
336 3147 1281 3292 and but you are for the home.
359 3214 615 3382 I wish?
