7699 4136
786 438 1052 602 1:1:11:
240 838 1732 978 sehr Kaiser und Ilse’ hin ich leend noch
252 966 1732 1108 immer meiner Meinung und fürst, die sind
262 1068 1642 1224 meinerdig! Muft uir vom Theuta aus
324 1176 1738 1320 gesche, aus littwisch lerstet es nach
330 1280 1858 1390 ein und selbst my etwas gebenklichen, Fächer
322 1370 764 1500 ziehe ich im
312 1476 1644 1616 In an Burckhardtfrage hat ich him
336 1590 1704 1726 wissen; und nach Eren komm ich jetzt
370 1700 1794 1828 lieber nicht, sonst küsst es am Gide, ich
394 1818 1684 1936 wille on Doctor werden. - Eehr die
404 1916 1876 2098 Yorne sind die Alten noch nicht geschlossen;
442 2036 1704 2184 und Werkfeld, da Ein ist, gienst die
466 2176 1188 2294 horstich zugleich mit
1116 2254 1780 2388 them aurtings or
1282 2386 1692 2520 O Ruhin
2568 782 3540 920 Berlin N. W., den 5. 1 189 f
2496 1246 3278 1398 Lichy Ren Schwittler
2180 1502 3390 1640 das ist nicht schön, dass Sie nicht
2246 1622 3428 1756 licher Kur Duchter’ werden, ich
2232 1736 3414 1884 même I'a pu aise n'est; lieber
2262 1858 3464 1990 Har Doctor nadvence; ehr sonst
2266 1972 3512 2120 but with Mr Brief a first and
2280 2084 3520 2254 in sche mit zugehuld. Thier Sendung
2304 2230 3446 2378 entgegen und werde nie in den
2310 2326 3492 2458 histen Hahl in der besten Laune
2304 2446 3494 2580 setzen wir sie in geniessen. Von
2292 2564 3480 2726 den Titeln gefallen uir die heilen
2292 2656 3558 2804 rauerserer bessch als, In der Frücke
2316 2794 3438 2920 den finde ich nichtssigend.  Das
2316 2892 3498 3026 Vomittriss oder in den heiligen
2334 3002 3626 3176 Begriff, falls on cidous vort de fer
2344 3112 3594 3260 gefunden wird, wurde mir jene wohl
2352 3240 2616 3396 gefallen.
6314 1098 6564 1196 500
5236 1130 6604 1402 Mg. AELERAMM.
4744 1154 4986 1386 Gattung
6124 1322 6456 1426 1 50 N 18 1 98
4750 1784 5296 1938 v/ Leitung Nr. 18/1 B 47
5748 1828 6730 1968 Worten.... Chiffern)
5436 1860 5668 2038 Aufgabe-Nr....
4714 1958 5268 2116 Aufgenommen durchjus ryzak
5958 2018 6232 2112 Tart.
5564 2038 6300 2256 berlim 5616 14 18 1
5480 2246 6244 2412 candidaten schienthe
