7741 4136
2526 734 3486 894 Berlin N. 20., den 11.2.1891
2346 1236 3188 1476 Lieber Herr Schützler
2124 1578 3468 1774 wittend Sie in Salzberg wäre, sa¬
2136 1686 3440 1866 ich in Mödchen – und werste nicht
2124 1816 3456 1976 your I have. I am votrede  I will be there.
2126 1934 3462 2108 sie paar Tage zusammen nietringen
2136 2058 3504 2220 hierin, und gut nätlichen. Kaffee¬
2154 2150 3504 2326 lich sind sie gestirkt in Leit und
2152 2278 2744 2428 Seile hänglicher!
2128 2362 3468 2606 Die Rolle sind ausgeschrieben, an den
2124 2506 3434 2654 Anfelmpe halk ik hynds die
2148 2618 3514 2774 Betz für unumgegleich über den Tannen
2150 2734 3570 2892 möchte ist heute und provisciert reden, an
2166 2832 3434 2978 weit die Interessen des Rechtes in
2152 2920 3572 3120 Betracht heraus etwa 28. gielt die Personen
2174 3012 3386 3202 kehr nicht in Schärmer an Sie
2166 3126 3386 3406 da Ihnen auf dem wahre ich in
4088 766 5548 1002 wissen, ob an tüster tospillose — Erfolg
4084 924 5584 1126 des Stückes einige mame entält. In diesem
4094 1028 5510 1194 Falle wirte ich als keine Wünschen
4128 1136 5530 1328 gen in das Vermächtig verlesen. Ihr
4120 1244 5570 1462 suche wir besser dem Vortrag des actis
4172 1408 5600 1552 Geschichung, über die wie je abgeschene
4158 1482 5352 1660 an ich ihm ungelegen mich sind.
4176 1608 5576 1770 Ihr habe wir alle Hände will er thun
4194 1726 5638 1924 on in to the fort une, there is
4180 1822 5666 2054 Origiments theils are Erholung (Monsieur
4190 1944 5570 2148 Frsing./. Ältn schließ ik
4198 2058 5634 2296 mit heimliche Grösse; nichtstens mehr
5208 2248 5364 2376 Mr
5188 2338 5566 2512 6 Ruhn
