8007 4105
2836 782 3798 966 Berlin N. W., den 4. Febr. 1790
336 844 1916 968 peinlich ist. Maarke ich wohl nicht, dass er
394 958 1922 1084 segen; diese Gastspielsaken sind ein Nagel
376 1064 1976 1212 an meinem Sarg, ein ewiger Quell des Verflusses
2208 956 3736 1194 Herrn Dr. Arthur Schnitzler,
580 1180 1832 1296 Ihr werde mit Wien wohl nächsten
3526 1156 3774 1308 Wien
386 1282 1826 1426 Mittwerk nur Dennestag felsen mir ca
2732 1282 3816 1514 Sehr geehrter Herr Doctor.
422 1370 956 1498 6 Tage blicken
1264 1480 1936 1618 Mit hôtlichem Chur.
2304 1424 3832 1656 Herr Dr. Brahm, der grade im Begriff
2310 1622 3724 1764 war, zu verreisen, als Ihr gefälliges
1622 1652 1982 1802 V.Buhin
2328 1720 3828 1888 Schreiben ankomme, lässt Sie freundlichst
2328 1842 3714 1986 grüßen und beitben, wegen des
2308 1946 3832 2124 Ausstattung der Frau mit dem Dolche
2328 2062 3798 2222 außer Sorge zu sein. Die Durch¬
2308 2188 3790 2374 ration wird ganz thoren Wunsch
2308 2328 3792 2474 natsprechend hergestellt, nur das
2306 2422 3796 2586 die Bilder nicht auf den Transport
2308 2580 3822 2740 sondern besonders gemalt und darauf
2302 2664 3784 2822 gehängt werden, was ja nur der
2314 2788 3736 2936 Ertheit zu Gute kommt. Von
2332 2892 3814 3066 „Frau mit dem Dolche“ und, Leben¬
2314 3042 3754 3186 dige Stunden hat bereits eine
2308 3130 3848 3376 Probe stattgefunden. Die Aufführung
7250 420 7518 564 1.° 1.
6156 680 6624 794 imla Brahm
6808 806 7758 962 Berlin N. 20., den 12 Decemb. 1901
6180 878 6734 1188 Yours Secr.
4482 1018 5814 1188 Der Stücke ist für den 4. Januar in
6618 1010 7770 1180 Sr. Arthur Schnitzler
4498 1174 5854 1332 Aussicht genommen. Wegen Ihrer
7498 1172 7742 1342 Wien
4482 1296 5854 1456 Besetzungsfrage haben Sie wohl
6630 1340 7794 1516 Sehr geehrter Herr Doctor,
4652 1432 5944 1588 Freundlichkeit, sah zu gedulden
6326 1486 7728 1662 Ihrem Zweifel, ob Herr Saneo¬
4498 1538 5962 1708 bis Herr Dr. Bratin zurückgekehrt
6332 1610 7812 1766 die nöthige Kräfe für Rademacher
6326 1712 7836 1864 haben wurde, stimmt Herr Dr. Brehner,
4850 1704 5890 1898 Hochachtungsvoll und ergebenst
6312 1818 7790 1990 bei, indem er Sie herzliche Grüßen
4924 1854 5926 2016 Deutsches Theater zu Berlin
6314 1934 7782 2084 läßt, da nun dringende Ange¬
6332 2066 7766 2238 legenheit ihn abgere 7m hat. In
5082 2068 5916 2254 Dr. Moriz Euvelin
6308 2170 7710 2328 Rittner konnte er sich jedoch ging
6284 2274 7776 2452 nicht entscheiden aus den Gründen
6282 2418 7758 2580 die es Ihren bereits mitgetheilt
6284 2540 7754 2714 hat. Er ist deshalb auf die frühere
6296 2642 7728 2816 Absicht zurückgekommen und hat
6288 2776 7764 2940 die Kölle Herrn Reinhardt über.
6284 2888 7772 3016 geben. Den Cleiners in der "Litte"
6272 2990 7742 3164 ratur wird nach Ihrem Münch
