7962 4105
2262 1100 3504 1216 will velliget den Sie sich abhalten?
454 1152 1904 1308 kamen in der Bitte überein
2290 1202 3396 1312 2/4 wurde von 1/2 8 - 8 zu Hause
2332 1296 3062 1412 Sien.    Heil. grösseert
442 1288 1886 1444 Die neue Stelle nicht aufzu¬
454 1390 1886 1538 nehmen, sondern bei der
3116 1432 3264 1534 6R
448 1498 1900 1668 ursprünglichen Fassung zu
2350 1448 2996 1688 Yours you
448 1598 1898 1778 verbleiben. So gern ich Ihr
418 1704 1910 1886 Wunsch entsprochen hätte, und
428 1826 1918 1980 ich Sie unter diesen Umstän
2202 1918 3532 2030 aussor den schon bestellten noch wenigsten oder
436 1922 1910 2096 den doch freundlichst bitten
2206 2020 3534 2100 was ihr sonst an Pläteren begehren: wes gemacht
448 2034 1910 2202 davon Abstand nehmen zu
2250 2076 3536 2162 werden kann, mehrt der xx, von nicht
2220 2122 3450 2230 sint a nimlich étigst. - Ihr hoffe, dass
424 2126 1958 2308 wollen und werde die Sim¬
2214 2192 3516 2294 Sätte noch in meine Lage tecken und ausser
2208 2248 3510 2358 ¼ den 4 Plätte, die ist in Ihrer Velfigung stellen
430 2240 1922 2410 in der Form weiter probire,
2232 2338 3504 2448 & als Directeurd arrest her /one der his her
2310 2374 3470 2476 die andern belehret Ihnen falls ihr nicht
418 2346 1922 2516 lassen, in der sie früher be¬
2322 2450 3470 2522 Eigentholiz bestimmen, Mr. Schmidt be der
2322 2506 3504 2604 Taatenenzahlung.  Greten Abend belar¬
418 2442 1858 2638 und gespielt worden ist.
2220 2556 3458 2644 ! Die hofhütliche sind In eine noch viel
786 2586 1880 2790 Hochachtungsvon
586 2740 1926 2964 Deutsches Theater zubert¬
1158 2914 1540 3062 O Berlin
626 3104 1922 3256 viele Geist auf gutes Wiederschen.
5254 410 5472 540 1 1 1
6682 768 7588 886 Berlin N. W.
6146 768 6458 916 verw.
6022 876 7628 1022 Direction des Deutschen Volkstheaters in Vien.
6582 980 7086 1078 Řmerich v. Zukovics.
7198 1002 7644 1238 6/6 8br
6606 1252 7530 1440 Lieber Herr Schrittler,
6356 1496 7648 1664 ich muss Ihnen leider ver¬
6360 1636 7628 1796 melder, dass sich Sand heute
6396 1748 7602 1948 früh krank gemeldet het.
6456 1906 7592 2056 Er hielt ich gestern nur
6480 2030 7562 2158 hann erfreiet und es
6516 2120 7600 2254 ist keine Ansicht dass
6486 2260 7650 2382 a or bald wieder spielt.
6468 2338 7574 2508 Ich liess die Probe von
6492 2472 7736 2628 Freiweld anfangen schickte an
6526 2580 7586 2742 Winterstein, da aber n'est
6544 2698 7736 2866 gefunden widde ind musste
6562 2784 7724 2934 nach dem alle Möglichkeiten
6598 2916 7764 3060 erwegen und keine ausreisenden
6550 2990 7684 3172 beforden werde, die Prote
6588 3060 7766 3236 aufheben und die Vorstellung
6618 3190 7668 3342 Amtsen. Ich marke Ihnen
