4040 4057
2308 314 2657 454 Votre sieur, jusqu'a
2728 308 3029 454 1,3 (1)
1892 665 3492 822 Sie inzwischen zu der Arbeit gekommen und daf
119 766 424 899 well. A.
1908 772 3417 919 vth das Stich bald schon durchten? - A.M. fleiten,
1948 896 3500 1001 mein Bruder und ich bis Mitte August hier, im
1996 989 3477 1132 es uns recht wohl gefällt. Hoffentlich geht es
2014 1100 3349 1262 aist Ihrem Dreitand gut; nehmen Sie.
2048 1230 3041 1355 die hochleisten Grässe. Thies
3094 1270 3284 1409 18
2211 1558 3584 1676 Glehn Ia Amedens - Rassamman nicht erwogen.
2231 1674 3528 1777 der wie der Mann die Kunödie mit mehr
2267 1763 3415 1877 Lichtern ein ahellen. Albert: Sauer oder
2285 1871 2945 1968 Röster, in diesem Fall.
