3984 4103
566 399 698 511 1
116 798 1754 975 um neue dancende Hufshigheit um Director des
173 956 1669 1101 historischen Theutels festenstellen. Die Spherrn
193 1036 1803 1227 die den Gütter der abgendlichen Frau sind also
201 1172 1707 1357 von das negativen Seite her betrachtet, glincend;
236 1323 1711 1473 aber sie positive! Inmelieu, ich bitte um das
234 1429 1701 1600 ohjest baldmöglichst; soudt sonst wird es in
267 1567 1665 1707 spät für das stimmagsvolle dieserstücke des
252 1681 1785 1864 OstA. - Ichah, dass Ihr Bruder von meiner Arte
142 1781 1775 1976 nicht so viel abwenden kann, wie dem Nache und zu viel
269 1903 1691 2104 uor; dann kränk ich heim köntgen und
267 2009 686 2155 hren Ihnen
277 2125 1740 2391 Also lehn Sie wohl und sie die ergiebtig
1323 2363 1463 2475 &c
527 2609 1746 2845 Wie nicht so englende Hauses- Marien?
2458 401 2578 535 lui
3028 729 3521 834 dans le mois d’une
2501 698 2709 810 240
3339 808 3523 887 190—
2715 761 3207 908 Berlin UW. 40, den
1947 800 2470 967 Tesling-Theater
3026 865 3407 983 dans un autre nom est de
2088 891 2287 999 Direktion
2025 932 2397 1054 Dr. Otto Brahm.
3360 908 3478 1015 1.
3008 997 3136 1079 Votre
3018 1030 3551 1207 Helgeland 25 F. 01
2255 1268 3565 1451 misore. Liebes dehlirungen habe ich jehrener
2263 1402 3555 1545 mein Freund. In unterwittigen meine Helga¬
2267 1518 3472 1669 lindu Papulaitôt; dans Brieftrigerbina
3521 1622 3600 1722 :r
2314 1632 3476 1754 hemmt mich hier, und so erhielt iste
2340 1720 3571 1864 The Korte prompt. Der langs einen Fort¬
2338 1838 3529 1966 yheitt das Thiches bedunde ich sehr;
2352 1929 3486 2072 es ist ja eine Erne mit einem allen
2373 2025 3470 2161 ich habe auch nicht die Stich in
2369 2135 3476 2263 of his jetzt; aludings het ick
2395 2251 3502 2397 sich aus der Hand gelegt. Dann
2395 2350 3567 2544 gehören auch der Thaddias Pettau,
2407 2483 3578 2623 den ich üldspätet und dahin zugleich¬
2409 2580 3545 2761 undy flude – since Mädel, ja, shal
2226 2676 2340 2772 :1:12
2395 2672 3547 2884 Harsal, nahr- und und Riese,
2411 2829 3563 2993 dessen Thuhesperzisirende Gebäude mit
2403 2926 3561 3140 nicht über die Trocherheit des Herrn
2393 3018 3551 3260 (oder des Ferstschelten) forthilft. Nun
2403 3140 3600 3352 will ich noch den Hans Yachs stedner,
3091 3329 3685 3451 meubre les tâches
