11592 4088
1040 1368 2688 1578 Liebe Herr und Gest fremd, die Brief erreicht noch
1050 1522 2666 1672 chen noch beim Archripfel: heute Abend falle ich
1070 1612 2690 1742 in die Schnie, erricht nur Hotel Piora
1088 1710 2718 1872 bei Tirolo. Haakplo ist nach Hain in Rück¬
1094 1816 2594 1984 gleich zu fahren, um in arbeiter, und
1112 1912 2552 2094 gewiesenes Selehennaget ist aufgeflogen.
1040 2030 2146 2176 Seit Sie fertig, wie wie?
2012 2108 2652 2252 Staatssen Spass,
1924 2214 2412 2378 une très-tresse que
1118 2232 1326 2420 16/6 96
2348 2276 2680 2444 Osserhem
7036 702 7366 856 Schweiz.
6514 818 7030 928 Berlin N. W., den
4194 842 5666 1034 Eerstreng, und ich krause verlehnt,
6256 948 7336 1082 Hotel Piora hi Airolo
4194 1008 5774 1146 dringend etwas Samulry for die kommende
4202 1092 5720 1256 Campagne: die finde ist hier in vollstem
7070 1056 7360 1206 24/om 696
4194 1212 5696 1350 Masse; ich bin Salakroß Borckler
4232 1344 5722 1460 hoch und das thut dem armen Director
6322 1348 7140 1534 Lieber Herr Schutala,
4230 1436 5470 1616 wohl noch in viel künptgenage!
4236 1568 5672 1720 etc hie ein Zeile für I bren. Wenn de
6092 1570 7282 1694 von 22. August et derke ich
4252 1670 5624 1822 in Christiania ist, we ich nicht da
6116 1674 7400 1794 bestimmt wieder in Berlin zu sein
4278 1812 5720 1940 er arbeitet, so suchen Sie ihn in den
6126 1796 7366 1930 und werde nicht sehr freuen Sie
6144 1884 7496 2038 dort zu schen. Hier zu Pine werde
4276 1914 5662 2094 Hohl (Grund-Hokt gleich ist) and
6154 2028 7358 2134 ich nämlich noch eine gute
4308 2018 5720 2190 beffe trinkt, ja auf; welcher statt
6170 2106 7376 2264 Weile bleiben: wollen Sie nie des
4290 2154 5662 2336 n'a alter Main und nes hat ihr
6154 2236 7414 2424 Mannsript hinter schicher, sich soll
4294 2264 4680 2370 rasimt.
6154 2348 7454 2492 is health wllkommer sin. Oder,
4294 2380 5660 2546 Grimn Sie dem Nordpol rückhärnten
6166 2446 7484 2598 men Sie das vorüber, seine Fie
4312 2488 5548 2656 Ainsi, und auch Herrn Beer¬
6166 2548 7450 2738 es aus Theater und schreiben dem
6380 2632 6708 2724 Mevius,
4326 2604 4720 2784 Roffmann.
5848 2602 7394 2838 Mewes. Ihn überals dazu, dass es mir es
5050 2720 5354 2900 Mr 7
6140 2780 7512 2942 sofort verschicht. Da hat eine
6130 2884 6658 2994 Adresse una.
5258 2870 5642 3040 O'Berlin
6178 2970 7354 3142 she ist were you out there
6184 3092 7310 3248 gen Norden gezogen. Aber es
6196 3190 7344 3404 brüchte wir zwiel Nache und
7960 684 9468 822 schöne Gebärke That werden, so muss ich das
10286 702 10830 816 Berlin N.20, don
7856 780 9482 942 E.A. Stich balt haben; bis ein Wocherismus von
7840 868 9492 1044 dete führet, mit Arbenanschriften u.s.w. Markt ein
10582 840 11388 1034 Piora bei Airolo 28/7 96
7844 920 7998 1012 nicht
7846 956 9534 1130 Bali ganze Woche. Kleine Änderungen, wenn solligst die
7876 1060 9488 1242 mune allaletete Hand noch nicht angelegt ist, lassen ist
8054 1140 9512 1328 später immer lässt vertrepe; aber an Grund
8050 1256 9480 1412 misste pkt gelegt werden, sonst gieht’s nichher
10216 1214 10894 1406 Liebe Herr Doctor,
8064 1338 8496 1466 ein Hetrai.
8056 1456 9514 1646 Also wie derhen Sie darnte? Nicht trifft bis
9998 1508 11214 1642 wie jetzt? Was werden Sie und was
8068 1526 9416 1716 7. August end. Nachricht und Sendung hier.
9994 1610 11308 1790 merkt die Arbeit? Wenn die zwei glück¬
8084 1638 9458 1808 Später vollen wir einige Ordnige durch die
10004 1700 11316 1894 lichen Tye, die ich hoffe, erwiesen enge¬
8080 1722 9470 1936 Bage, gee Zernett und Intalchen, machen,
10002 1806 11248 1950 treten sind, wäre es mir sehr lie¬
8102 1842 9456 1996 da ist es hersch. Sie adressiren ins Theater
9986 1894 11304 2098 schichter nicht das Mensigt beltigt. Je
8100 1910 9406 2146 und schreiben dann man solle nachrichten.
10004 1996 11370 2182 menen Spielptn hat ich heimisch allähri
8092 2024 9468 2236 Am 21. August Abends verh. ich in Berlin
10008 2092 11314 2292 nachoben, und es wäre vielleicht möglich.
8122 2132 8430 2246 einsoluisen.
10040 2186 11342 2394 dass ist ihr Stich so an den 2. Sept.
8114 2214 9470 2432 brus mopee Sie, nährend ik his still an
10036 2278 11298 2452 haus bringen hin. Das wäre eine sehr
8108 2336 9468 2536 meinem Bergsee sass, alles Schönes gesehen
10022 2364 11350 2574 Erte Zeit für uns bäde: Sie haben den
8140 2414 9588 2660 haben, am Freden, Fällen und Gletschau)
10038 2452 11268 2686 die ganze Maison m ist, sowohl für
8140 2500 9492 2738 Wie gefallen Ihnen die Handirarierinne?
10024 2550 11296 2752 Berlin wie für die Pervinz und gewinnen
8142 2620 8936 2776 Hoffentlich nicht ein gut.
10026 2638 11250 2862 die Ehere, einer Fehlsschluss erschoren,
10042 2730 11232 2928 dass nur inne wieder auf Ihr Stich
8150 2744 9492 2930 Gedämern war diesa Tage die nur und
10038 2830 11376 3032 michgreift. Ist ist es lebstes Jahr Hüsse
8148 2832 9554 3030 merkte den Qualiter Nr. 3. Herkfeld nöthalt
10012 2904 11284 3132 feld gegangen und a ist dabei er be¬
8188 2934 9482 3142 still and geist Sie beantich. So there
10024 3022 11310 3224 Mitte-Vriellenpe gediehen; die Greniere
8220 3058 8922 3222 ath vt. Mr
10038 3134 11222 3398 was in Septembr. - Soll aber dieser
8912 3130 9326 3378 O’Berlin
