7960 4105
2816 798 3746 956 Berlin, N. 20., den 17.12.1901
2180 985 2347 1187 htee
352 1175 1964 1362 die jetzige Besetzung für
335 1293 1974 1466 Die zweymäßigste Strafe
2701 1297 3449 1454 Lieber Herr Schützler,
346 1414 1968 1570 haben wir bisher nicht vor.
335 1537 1318 1689 genommen.
2493 1495 3744 1672 ich komme heute urknels in Ihnen
429 1635 1772 1753 Sie selbst hutter ja auch s.
2482 1666 3801 1789 mit einem offenen und nachdrücklichen
435 1749 1803 1866 Gründe gegen die Besetzung des R. mit
2530 1756 3738 1876 Wort über die Frau mit dem Dalk.
454 1843 1037 1989 Rittner gebilligt!
2524 1870 3690 1995 Dus Stück ist pkt soweit protécret
508 1933 1731 2080 Braun kommen Sie? Glücken geissend
2530 1978 3771 2110 um einen Eindruck zu gewissen, und
2530 2080 3755 2222 diese ist bei uns allen ein zu
1522 2103 1887 2268 O Beahm
2545 2201 3646 2341 ungünstiger, dass ich es für meine
2528 2276 3773 2457 Pflicht halte, - Ihnen die Zurückreichung
2566 2405 3724 2530 des Stèches en empfehlen! Gebäud
2570 2507 3738 2618 ich nicht an den letzten Maslern
2576 2599 3726 2738 1 in denen Reichort den Rakenachtweg
2589 2726 3719 2859 übrigens sich gut angelegt hat, auf
2582 2811 3753 2949 der Röhne mehr und mehr betrekt.
2584 2920 3636 3070 habe, bin ik, und wie alle, an
2601 3026 3688 3174 der Möglichheit, die Frau m.d.D.
2620 3147 3755 3299 are nur mr cirer argen Ablehnung
2630 3228 3813 3363 an bewahren (an aufolg durcht Niemans)
4773 458 5104 585 1 1 1 1
4271 798 5943 891 den W noch nochmals erhe, eine besondere Bezeich¬
4307 862 5912 1031 mich (nur Muster im Groteske) zu finden.
4332 973 5877 1106 Me den Publihrn seyt: dies ist ein besonders
4332 1068 5866 1206 Fall und Stil. Sehr erhaat hin ich nach wie
4344 1177 5889 1314 we von den Lehendigen Henden“, die ich ebenso reif¬
4367 1279 5819 1433 in Mr Forn, we fein in sa Stemming finde.
4355 1372 5746 1518 drie hier der Inhalt, weil Meisterleiten ihn
4373 1485 5925 1604 Miteinander und Gefenständen an Einem entsprech¬
4377 1612 5814 1720 denken Moment wegen wertigt ist, schltt für
4379 1699 5771 1818 mich in dem pretisch Besten was ich von
4386 1776 4800 1910 Ihnen heure.
4392 1885 5758 2024 Und nun vorlegen Sie ist hätte, wesen
4384 1985 5825 2160 Vorschlag gut und eilig, und schon Sie mit
4404 2110 5773 2305 Olegenpresse uder Stieflieb Ihre Entscheidung.
4419 2189 5669 2362 H'or sche ich, ich kann nicht unters.
5265 2345 5864 2495 Hastik gewandt
5400 2516 5810 2664 Otter Berlin
4532 2651 5764 2824 Den Rahade als Nr 6 in sehmen
4586 2780 5623 2955 morde Ihnen wohl richt passen?
6208 406 6389 535 1,1
6085 725 7562 895 diese itwegung eine Folge durch Zustimmung
6127 837 7578 981 gehen wollen, oder ob Sie dich etwa entschlieven,
6137 945 7518 1075 früher hätte kommen, um selbst zu schon. Die
6158 1041 7524 1183 Löchste Perte da, Fr. n.d. D.3 ist auf
6170 1131 7537 1297 Freitig in der angesetzt (die Hücke hörte
6168 1237 7578 1412 auch geändert werden) Smahal ist heim
6193 1360 7591 1520 Paibe des Stiches regeschen, doch ließ sie
6206 1447 7620 1629 sich ansehen. - Ihr weiss wohl, dass es für
6233 1585 7632 1703 He in tisor wichruktsheit schon sein
6248 1678 7568 1799 würde zu kommen; dage wie viel Ihnen
6258 1753 7530 1912 diese Frage macht ist, haben Sie mir je
6300 1897 7380 2022 selbst schon öfter ausgesprochen!
6283 2003 7593 2116 Ob man evenkell an Stelle der Fran¬
6300 2087 7584 2224 m. d. D. den Supperspieler seken sollk,
6297 2210 7553 2349 vom sich auf 3 Stiche beschrieben,
6300 2320 7662 2462 bliebe natürlich Ihnen überlassen; ich wäre
6310 2405 7639 2586 for das xyz Letztere! Mtr hatt
6325 2534 7639 2670 mögten wir darüber ins Ilse gekommen
6337 2643 7622 2788 da der ganzen Tituation der Theaters
6352 2761 7616 2880 nach, und auch wegen des Erleites der
6347 2818 7601 2999 Trüsch, eine Versprechung des Termin
6372 2961 7595 3078 über den 6. Januar nicht mögliche möge.
6568 3061 7572 3203 Wegen der Litteratur bege ich,
6354 3142 7709 3309 Ihnen, nach unter dem Einkert der Böhne
