3965 4104
1563 386 1644 507 1,
1427 362 1506 509 1
2652 659 2851 809 245.
279 770 1807 924 gesprochene Wort hört und wie sich das
2157 746 2562 908 sing-Theater
2887 742 3643 936 Berlin WW. 40, den 19. 1 190.9
2103 833 2392 924 2 Direktion
303 881 1896 1090 Harspel présentate. im Fersten der Consorta ?
2131 906 2481 995 Dr. Otto Brahm.
354 999 1822 1154 Aufschich dürfte ich die Klemand noch
2133 978 2418 1171 Bib
338 1152 1890 1312 sicht vielieren dem to Emordia fällt
342 1251 1888 1443 wir sich, dass mich selbige in einem Vortrag
2584 1310 3067 1464 Lieber Freund!
344 1385 1852 1563 am Mich aufgehördert hat mit der
340 1514 1809 1712 ramatly’d anckme. - No also hat
2386 1577 3649 1723 on allem freut es nicht mal an
364 1625 1755 1822 Mari Iok hatte schon va Su jüngst
2392 1704 3684 1882 I have in him as het she schon
382 1759 1882 1961 dauch in fraßen, unterliess es ehe noch
2359 1811 3556 1977 lung nahmen &! Aber den Sie mit
396 1911 1858 2101 reçue chez Zusammenstellungs - nd Ielmin-
2392 1951 3621 2149 Herren das Ohren schlecht darin
380 2056 1822 2246 frage. Natürlich nicht ich das bestig¬
2406 2105 3564 2256 sind, das ist nicht schon; und
374 2179 1844 2396 listige Die gern haben und man konnte
2402 2214 3659 2394 dan Sie schon wieder mit Seis und
382 2333 1937 2555 saient aussi einiges Dechtslerich - Amstolirke
2406 2335 3649 2515 früheren Fortgehen hahetten, ist
394 2438 1751 2657 als damit zusammenspaaren – nur um
2428 2505 3556 2646 eriger dienst möchte, die wir
394 2594 1878 2796 Geduld and "spiel" tann minst ich Sie
2444 2640 3692 2800 am 15. Mai auf den Monit zum
390 2729 1921 2942 bitter da ich nach merschüster Voraus¬
2440 2750 3597 2938 Gustziel kommen: Inhaar Strass,
380 2851 1797 3097 sicht nacht heim Glik schaffen
2454 2891 3601 3097 natrurter. (Aarpos, habe Sie
388 3006 1832 3212 haink defa: wo beginnen jetzt den
2468 3043 3538 3241 das sicher nach fremden ehe
382 3150 1902 3378 I then I plus - with them stock after-
2479 3176 3665 3350 Hände kann wie nur daß das
