3957 4057
2586 594 2721 708 312
240 627 1762 820 Flüte ins jädiese - tärlichste Korn
2072 649 2511 806 Gesing-Theater
2782 672 3573 869 Berlin WW. 40, den 25. 2. 19 d.
1990 700 2076 818 te
1654 741 1862 853 elfte
2159 761 2338 842 Direktion
281 790 1913 932 geworfen hat. Heute, 14te Mänri und
2072 824 2422 975 Dr. Otto Brahm.
283 908 1799 1066 Ede, kann wir auf 3400. - Mein
287 1026 1726 1195 „ Frühjahr reise“ werd wol nach his
281 1176 1917 1363 Oorharr gehen, da ich durch den Semersian
2371 1170 3594 1394 Darke sehr lieber Freund, für
293 1292 1897 1461 noch sat sich, und ziemlich bei einander
2377 1341 3645 1512 Ihren herrischen Brief über den
295 1431 1842 1618 s'n." - Willisht deckt the Fran, we
2373 1481 3685 1675 Wwerk. Ihr habe mit Lagnipen
309 1571 1915 1742 ich hanlich grüsse, mal an der Cottap¬
2377 1616 3683 1770 geschen durch Ihre Prognose von
305 1656 1917 1899 Wohnungsfrage für nich. Mein Proprun
2371 1748 3606 1909 baldigen Verschwinden nicht an¬
293 1805 1840 2043 erweitat sich dadurch, dass mein stoffe.
2369 1882 3610 2027 traf; leider waren die Adlinat
297 1925 1734 2125 Mr Everspieler getilfe sich der mir
2375 1990 3510 2163 Berichte in negünstig, dass
328 2074 1878 2308 empladen hat and nithment; giage
2399 2116 3555 2306 sehrt ein Auffahrarg wil
311 2220 1868 2418 ich in die Pension wirde ich ihm he
2407 2259 3641 2420 nicht retsam wäre. Die Ver¬
305 2357 1878 2564 mit einwieten. im Sanatorium nicht
2389 2363 3527 2540 haupfey ctartel. Missi
482 2473 1844 2713 Einen vorsichtigen Vaterg mit B.
2379 2501 3612 2698 hat ich als nicht sehr an.
265 2603 1832 2831 Mr Medardis wirde ist Ihnen arreter
2414 2611 3571 2849 Riebend anwesen, dagegen hat
273 2696 1815 2967 leinem. Ich till empfähr Ihre gute
2397 2731 3592 2965 die Ehe möchte Knödel mit
267 2827 1844 3101 Mesnay in ihm tjch/res Sie schweren
2416 2886 3567 3069 mider Chasie ich befestigt,
281 2987 1854 3236 auf wiss beiden, können Sie getrostet
2422 3030 3559 3223 und es hat den Aarbein.
252 3065 1785 3398 of the Deed Hause trepea. Thesipas had it
2436 3112 3523 3305 als ob ich nie früh die
