3883 4072
72 583 1728 764 halbte würde, was Sie nicht in diesem Winter bringen, d.h.
83 694 1680 829 che nun stelschen kann, ob man die 5 P' nicht ein¬
100 781 1752 949 Erginung eines nicht jene anspruchseren Schulken¬
115 916 1680 1045 Abend ihre Mitte. tot ein diese Frage dass das
146 1018 1728 1171 Verbreiten Theil einen Arbeit gelöst (wie es erlärzt)
168 1101 1756 1234 so sehr ich keinen Grund ist dem „d’ fürst dem
174 1203 1789 1345 Berge in hatten (illen hein ja nun Sie es wünschen
176 1314 1776 1456 Gleichwisij prtliren, dass die eher an ein atendfallen
176 1415 1745 1580 Borke der mit Recht zu beliebte letzte Hand legen,
192 1517 1711 1687 Ich hätte einlich eine sehr passende Gelegenheit
192 1639 1708 1780 das Stichler in dem Redertach zu gehen, (ehe
194 1737 1650 1891 mitage: Wissen Sie immer noch keiner derselben
205 1850 1795 1987 Titel:) denn es als bevor de rideam sehr gut stimmen
205 1972 1817 2144 hienk. Die Punière ist an M.te Septembre geplant.
239 2054 1743 2218 In diesem Falle in Bassarnen ohne Concurierte,
239 2163 1824 2309 du Sand - die erst auch m. E. stark in Retraut
220 2252 1780 2405 häme – die Hauptarke he. R. spielt. Die Frau
248 2342 1758 2507 die Lehnen, treten die Wünsche über den Mann?
246 2490 1650 2629 (Ich habe mein Exemplar erlegt aber verloren,
266 2594 1691 2755 vielleicht hiezu In mir an Neues stiften,
263 2679 1671 2844 aller mein es recht lieb, mein Sie mit diesen
281 2770 1697 2947 Noussely einverstanden willen, ist hele ein
313 2888 1730 3051 an den ¾ - Verstreitung, die ich für diesen Abend
289 2971 1750 3134 hatte, bösen können und sähe um am liebsten
316 3095 1717 3232 den Supplischen an den freigermordenen Stellen
2786 1885 3406 2039 Wenn Sie wolle.
2781 1980 3341 2085 dieser Bergtheusent
2762 2046 3615 2150 wendten wie andere wohlen.
2444 2113 3523 2211 entrich schwartzwaldt schon
2078 2135 2718 2292 wollen, kommen 7
2781 2174 3523 2289 and her to her Dr W. W
1952 2248 3700 2376 BinIhm so lange hier, daß ich Altdrucken gern hätten sie leiden. Oosteten
