3960 4071
246 745 1884 966 wiederholen. Anste werden Sie nicht der Geste
246 854 1785 1050 am Iletz" sondern Sie hauen nach Bahr
248 976 1862 1170 (hr in meinem Entwurf dienst nach Ihnen
248 1123 1802 1313 kommt:) nicht, dies zur Allem, Sie wollten
336 1249 489 1331 medit
260 1263 1866 1449 sich, sie die offerirte Nr. 3 nicht sonstige
675 1389 1795 1533 Die Stück aber engleich für eine
246 1438 673 1575 entscheiden.
256 1509 1812 1674 bestimmter Termin acceptiren und nicht
283 1630 1814 1781 acceptiren, dem einen Teil alle Rechte
262 1777 1781 1923 ein entönnen und den andern, nämlich
281 1901 1888 2078 sich selbst, gar ke'n ausgerechten - das
283 2010 1798 2163 lebt ista die Stift.“ (da ich je un
293 2169 1841 2338 und get Bjørnsvaisch bei, das auf
326 2295 1853 2485 Weitdes.) Endlich um auch das noch in
332 2429 1870 2569 Tufen ist der Ihnen bereitliche Termin
322 2532 1806 2732 m. d. ein durchaus guter; Sie haben
355 2697 1934 2846 schon weibs Jahres mit den Almen festge¬
328 2825 1987 2976 hatten in dem ich der Anatol' hoch haben
345 2959 1946 3104 wollte, ich glaaten, an Unrecht – welche Sie
371 3073 1998 3267 demselben Fehl noch mal machen? Aber
392 3215 1874 3368 wie mein Gatt will (A.S.), ich halt
400 3314 1719 3473 sill. Sie hinne auffahren lassen.
2596 650 2770 790 278.
3467 755 3579 848 190....
2825 731 3267 902 Berlin WW. 40, den.
2029 762 2559 910 Tessing-Theater
2202 838 2377 914 Direktion
2124 900 2477 1038 Dr. Otto Brahm.
2986 943 3552 1145 Tegel 15.10.10
2571 1211 3125 1432 Liebe Freund.
2346 1397 3653 1587 die einen Rohrleger hatten ich Sie
2367 1579 3657 1731 richt (cher schon für einen Poeten)
2384 1715 3678 1847 etor Ihrem Meinngs rerksd than
2380 1828 3583 1987 doch nicht recht folgen. Mitte
2386 1948 3616 2119 Februar' habe ich Ihnen schon in
2396 2093 3556 2208 4. Oct genant worauf Sie am
2394 2192 3737 2355 6. ausz: „1 Oct. 15. Febr. accepter¬
2388 2332 3572 2491 ten. Dass ich habe nur als
2392 2446 3717 2598 Gewisserhaft - zureichderdtisches Inh¬
2852 2551 2947 2644 Febr.
2382 2584 3616 2732 jest den 18. bewissen, dann doch
2408 2695 3593 2840 hören Unterschied müssen. Und
2433 2825 3587 2990 dass der Dank möglich ist
2423 2966 3531 3114 Mann ist Ihnen, wie ich es
2433 3005 3770 3310 denals schon begründete, heute nur
