3845 4103
239 1155 1756 1294 den Kakadu" in München im
239 1280 1788 1460 März geben zu lassen, kann ich Ihnen
249 1379 1736 1560 nicht zurathen. Der Vorstand der
272 1504 1771 1651 Erinen Bühne ist mit mir darin
270 1611 1771 1761 nung, daß wir es für durchaus wich
267 1717 1688 1879 tig halten die erste Aufführung
265 1813 1541 2003 in Berlin zu veranstalten.
805 1960 1545 2097 Viehe herzliche Grüsse
1290 2072 1433 2171 sen
1350 2124 1628 2277 O ilahin
2596 790 3542 935 Berlin N. 20., den 20. J 1895
2480 1296 3235 1460 Lehr Herr Schützler,
2250 1543 3602 1736 in thc'le Ihnen hier met die Beschung
2275 1684 3405 1815 ohne Stiche mit, obgleich in den
2271 1794 3441 1933 fudther traurigen Tagen, die die
2300 1873 3505 2024 Jetzt erleben. The Interesse n'est
2304 2026 3405 2153 sehr dank feyer aus; die
2323 2132 3472 2256 Aufführung wurde ich verleiten
2362 2231 3438 2399 am 22. April herausentragen.
2358 2360 3497 2491 In Parcelsis Ill Kein Mn
2350 2453 3457 2611 P. Spielen, Nissen den Hyprien,
2356 2565 3391 2700 Dunont the Justine. in
2358 2677 3451 2814 Künch, Fisch der Wirth¬
2366 2771 3621 2914 Reise de Hure, Dunnet - He-
2370 2885 3443 3015 -aire, Reisenhofer - Lereada,
2404 2992 3573 3119 Sande - Kollin - Winterstein — den
2401 3063 3613 3231 Herzog; in der Gefiktin Fand
2416 3173 3555 3343 den Professor, Suram die Gg
