3961 4136
263 738 929 908 getn, besteht fort.
275 850 1849 1018 Ihr heute die Dienstag, Vorstellung der Letzte St
297 989 1776 1129 gesehen der Besuch war mittelget (1900)
308 1074 1788 1242 ald die Anfahrne besser als am Sonntag so
308 1206 1894 1343 dass ich das erpachne Gefühl articulte: der
318 1319 1904 1459 derrift is tüchtig. Dies bestätigte die Domel¬
320 1432 1908 1624 stags einnahme, the (inse. wtomemert. M. Envy
326 1546 1847 1695 2900 tating. And morgen. Sonnty wird an
342 1661 1889 1839 radikte Ausverhäuftheit in viel fehlen.
1275 1647 1653 1736 heure etwas
340 1756 1732 1916 Von habe Ehrhalt zu neuen Spielplen die
352 1883 1849 2072 vortrefflichen viel Stücherln fiefert ange¬
358 1985 1898 2165 setnt. - Ihr mthil über die arme Litterte
354 2076 1885 2284 hann ich frühst sich hetficiren; aber an
362 2199 1894 2377 dem Lebendigen Stunden, als ist nur zeit¬
354 2333 1819 2505 lich erster Nummer, hatte auch ist gern
364 2426 1825 2678 best. I’z wächte uns he die Wederholung
346 2535 1716 2703 entschieden besser, als in der Curale der
340 2634 659 2765 Prensure
370 2749 1790 2948 Fir Ihre guten und freundschaftlichen
399 2852 1853 3047 Worte duche ich Ihnen herzlich. Er darf
405 2956 1916 3162 Er mich vielleicht in der That eine Gewisse
437 3083 1906 3271 Literalität in Ausprache nehmen und accep¬
427 3184 1904 3372 Fire (deshath The Quittany gern, will die
2768 714 2893 835 96
2804 825 3735 975 Berlin N. W., den 19. 1 90 Z.
2640 1353 3356 1537 Licht Herr Seite.
2383 1596 3577 1746 der Vatry ihr Zet. St. het ist.
2395 1703 3552 1863 Ihnen gestor zugehen lassen. Das
2389 1819 3728 1995 Theator an da Wien est erwissen ander¬
2387 1920 3627 2078 wätig vorgehen worden, so dass ich mir
2387 2021 3739 2209 du neus Lorel sullen muss. In Frage
2381 2140 3648 2308 heiraten können keinank, Josefstadt,
2395 2233 3660 2424 Carl – R. Für welches wieder sie sie?
2395 2345 3692 2525 Mk ardant Eul. Th. auf als des
2116 2426 3627 2652 relatin mttolhaftsk. Reinend liegt nur
2420 2545 3621 2753 üble. Josef. ist zu heben, dan einer
2422 2652 3540 2856 Ortet dat kann in dechen ist.
2411 2761 3589 2962 Bis diese Grealfrage entblieben,
2409 2879 3595 3095 ist, hätte ich Sie, mannäglich den
2391 2984 3647 3184 Kahabe’ in an schon in lassen
2452 3111 3567 3291 in ihm Maaße ich das ganze
2466 3206 3542 3413 Persmal, in den Leb. St. von
