3849 4007
2528 676 2646 829 73
1886 709 2401 893 Pesting=Theater
2594 824 3440 944 BerlinenaW.40, den. /.9 90.5
2062 846 2233 932 Direction
1966 893 2337 995 Dr. Otto Brahm.
2106 971 2190 1084 *
2408 1250 2930 1424 Lieber Freund.
2138 1422 3497 1623 ich erfahre sein, dass Ihnen ein Brief
2172 1562 3506 1787 angenehm wir und das. In die Darstellung
2184 1658 3499 1851 des reçue & tâches au Lesing. Th. m'en
2202 1793 3447 1966 Auge fassen – aber nicht da ideellem wie
2227 1912 3389 2086 nicht der praktischen Sich habe Sie
2246 2030 3428 2227 meinen Vorschlag anders aufgefassen, als
2265 2121 3394 2322 a gennet in, wenn i/e goet sie
2287 2234 3553 2447 Comide can within Nankhorn terderer
2297 2339 3398 2543 lasser. Ma kommt es darauf in,
2315 2461 3475 2661 beide Stuche zu haben, und Sie, der
2347 2577 3504 2793 dieser Hausfreund mit zu viel Jahren
2376 2712 3469 2911 gelesen ist, wie er überhaupt herz¬
2344 2805 3369 3008 fremblek-Hochokoste Thätig war
2369 2930 3540 3099 (schöne Deutsch) Sie nicht mit einem
2386 3047 3514 3268 man Rechtsrah im anders gestim¬
2383 3171 3394 3388 an sehen. Empfinden Sie dies als
