3913 4088
194 825 1579 1016 mit der Stücken scheint mir auch
207 922 1584 1105 Jetzt noch der 2. eht: auf den
238 1075 1702 1223 sterken erster kriegt er einen relativen
249 1172 1651 1335 Stellstand, und maatstes Exponirende
280 1326 1617 1470 nach und Retardirende.
293 1404 1818 1609 Liebelei war das übelich und auf
314 1537 1799 1738 wort kam dann s'eglüßt sie schien
308 1664 772 1799 mitter that
342 1771 1560 1967 Ich werde rückste Tye mit
373 1881 1721 2083 Gepleuthor in Ampeerthal in-
403 2014 1782 2212 sammentreffer und da die Schön-
403 2134 1643 2307 frage it ihm distan. Etwas
428 2299 1797 2465 que Restientes kam in Man
447 2391 1630 2592 austweilen nicht sagen, dazu
439 2520 1721 2756 hen ich nicht allmächtig genug,
481 2684 1807 2868 es spreter en viele. Zufälle mit.
466 2786 1795 2973 Dis Gläske gilt für die Ein¬
504 2929 1822 3083 acta, die ich gern treuen treu
508 3024 1687 3216 werde: dan ich sie bringen
536 3157 1668 3338 und sie guter Zeit bringe
2718 612 2813 757 36
2638 723 3617 934 Berlin N. W., den 14. Aug 1898.
2225 1025 3635 1229 Herrn Dr. Arthur Schnitzler
2611 1166 3667 1343 Wien IX. Krankgasse 4.
2145 1301 3619 1487 Sehr geehrter Herr Doctor
2328 1489 3646 1664 Mir ist eine junge Schau
2062 1588 3673 1769 spielerin Namens Olga Bieder¬
2050 1738 3686 1889 meum zum Engagement ange¬
2033 1822 3667 2001 boten worden, mit der Angabe, daß
2041 1940 3684 2117 sie vom Ohnen empfohlen werde,
2014 2035 3673 2218 Sie würden mich deshalb sehr ver¬
2012 2147 3667 2311 binden, wenn Sie die Freundlichkeit
2024 2273 3671 2415 haben wollten, und darüber Aus¬
2010 2358 3703 2547 kunft zu geben, ob dies der Fall ist und
2003 2488 3621 2651 was sie mir etwa günstiges über die
1999 2581 3678 2756 Dame zu sagen hätten. Freilich muß
2014 2714 3673 2889 ich gleich hinzufügen, daß ich augen¬
2003 2815 3695 2986 blicklich mit jungen Weiblichkeiten,
1986 2929 3566 3087 vollauf versehen bin und nur
