4000 4089
865 381 1123 544 1.1. — 1.
288 692 1832 850 Um Ehegen kann ich nicht indetholes dass sich
300 832 1811 988 ander Stimmen für Ro regern und dass ich heffer
313 929 1857 1059 ist, a werde ich bessern. - Was glauben Sie den,
329 1044 1826 1167 sollte kann Ri. bestimmen, da en super, da ihm
369 1159 1776 1265 die Rolle einmal gegen den Stich geht? Un¬
371 1259 1869 1355 Ihrer schönen Augen will wird er es leider nicht
383 1371 1884 1484 than. Also which i she value, and wasde
394 1475 1873 1621 meine Hände in Erschuld. - Als Andresse zeigte
431 1575 1173 1709 Granenald his Bellin
1269 1696 1807 1840 Heubshan Yours
1488 1821 1623 1911 Mr
1588 1898 1703 2022 N
594 2113 1824 2244 Ri wäre jedenfalls um wehnsinnigste
604 2226 1824 2359 Dismetion auflehen; ob's hilft ist ae
629 2330 1082 2476 andere Frau
2586 613 2728 757 202
2105 681 2515 848 Tilsing=Theater
2715 700 3560 857 Berlin plW. 40, den 24.4 1906
2186 798 2334 869 Direction
2071 838 2445 952 Dr. Otto Brahm.
2578 1255 3011 1396 Lieber Freund,
2372 1461 3643 1598 ich halte es für ungehender unwahrschein¬
2380 1557 3612 1674 lich dass Re. zustimmt. Auch ist er er¬
2401 1678 3576 1798 mögen, dass mir Nein, da der Mitte
2419 1773 3624 1903 an Theataleste, alles ce beschweren Rez.
2422 1907 3605 2022 kehret werden dürfte, und dem wird
2440 2013 3584 2119 in der erse vastimmt! Liebe wir
2463 2111 3684 2228 es mir also. Sie zterliessen die Ansichte
2463 2220 3634 2365 lose ete flage; wollen die es doch thun
2463 2340 3614 2461 so minst it In sehr bitten, zu be¬
2463 2432 3568 2568 tonen, dass Sie ohne mich vorgehen,
2482 2551 3599 2690 und nach gegebenen Fales in die
2511 2678 3591 2809 Lop in adseken, dem Re: in sagen
2509 2766 3684 2922 der Tn auf eigene Furst geharauet
2503 2882 3635 3016 haben - das halte ich auf in Ihrem,
2522 2988 3628 3151 resp. in Interesse des Stoches für
2530 3130 2976 3287 absolet nöthig.
