3984 4103
306 803 1885 962 den reisheren Dresden - Eldens to retscherd
308 950 1857 1094 Vergnügungs wesenden nicht abermals in die
317 1052 1958 1239 Flovet an schlihen den ist for dus Housert
327 1212 1905 1377 Mfand brachte: glicht ihn’s nicht, den
337 1348 1864 1524 Philipp in parfahme and haar ich
308 1507 1924 1673 ihm mit guter Manier die Rolle ab.
335 1646 1937 1822 nehmen in werde ich das etagebot bis
222 1778 1912 1962 gete burchmen. In wisper hette ich Sce, ihm
367 1941 1935 2130 and weom meenen herter Dagh in rpus
335 2021 1727 2209 (Ich wolle sich sie natürlich rechtsitet wieder.)
384 2086 1696 2268 Die Preuicere soll an 23. sch.
356 2203 1935 2455 Nun eher gleich noch was dass ich Ihnen
354 2373 1956 2612 ahre I he the frap noch niet geschrieben
358 2484 1866 2742 hätte da es sich no um eine Ida
400 2629 1950 2878 handelt in der ik noch aarish homme
457 2744 845 2836 wahrscheinlich.
413 2798 1801 3044 Bei der étrangulpraten
421 2922 1908 3159 wollte es uns scheinen, als it Mezi
411 3040 1872 3295 hinte dem Hondert schlecht stände,
423 3235 1866 3406 ausser dem eher, wenn wir uns nicht
405 3344 1845 3455 illegt, als ob die Vorstellung beider
2570 388 2819 495 :t:v:
2855 384 3065 507 1,1
2536 706 2884 841 259260
2155 805 2593 948 ssing-Theater
2876 822 3643 998 Berlin WW. 40, den 5.12 190.9
2186 899 2411 973 Direktion,
2159 956 2507 1046 Dr. Otto Brahm.
2643 1369 3100 1534 Liebe Freude,
2321 1618 3589 1801 schönsten Dank für Briefe, Medardus
2335 1717 2689 1878 Telepann.
2337 1876 3717 2092 Mit der Meer- und dero Herr Hohe
2346 1981 3677 2193 steht im Tithe zu: ich habe Ihrlich
2369 2138 3673 2335 dem ehefalls untergelechten valorensen
2398 2251 3689 2427 Sohn Gebäude gegeben da nie in der
2390 2415 3702 2614 Auszuproh ave keinen grifbaren
2390 2534 3635 2727 Rindragh gephen hat. Ferner hat
2379 2671 3666 2878 die Rolle ein figulist geligneten
2383 2840 3694 3004 nekor Junge Wanns Rudaff a-
2371 2958 3756 3165 halten, als 2. Beschauf. wärst sich
2383 3077 3744 3281 Y. in etwas Guten aus zu minste-
2417 3241 3736 3404 ist auf Edth. nachrichter, schon ein
