3946 4088
1963 1104 2132 1202 1244 508
3346 1114 3513 1214 216
2709 1129 3260 1248 Epish marhritaelt.
474 1179 2136 1300 of Licht Freund, is ist sehr nett von Ihm zwar nicht
2704 1200 3509 1363 Dox dienatesse gehalten
458 1252 2088 1386 in ejuscher Breite, aber doch einnig - lapidde meiner
531 1338 2086 1444 an gedanken; weniger nett allerdings, dass Sie zu lert¬
2713 1327 3407 1478 Gut! Wort gerritnelt,
451 1367 2040 1545 2) Nachzug nedränstisch bleiben. Han der Verkehr
2727 1425 3390 1557 schriteln: geschickt:
493 1476 2094 1618 mit Hage da nicht aufstüteln? Marlin Sie doch
2732 1534 3288 1664 Künstler, die bilden
518 1572 2109 1695 eine Hette mit ihm, wie Kleist mit Zschokke (sass
520 1653 2048 1776 "composison). Allein ist sollte wohl liebe nicht von
2738 1624 3344 1754 Und gar nicht reden,
479 1676 2040 1871 Wetten reden? Glostet das ause was? - Ich gehe
2740 1728 3285 1860 Lietra du Wilden
454 1781 2132 1948 I is hente rase etwa 14 tt; yem Aufenthalt til Hauptman
2744 1822 3344 1950 Die Lap Samopoten
627 1889 2054 2019 der sehr fleissig ist, helgeland wirts, wohne ville,
2738 1940 3434 2063 Mehr noch: die zahmen¬
633 1963 2142 2098 Hauptm. Hamburg und bleiben dass bis 24. August 24
2765 2025 3426 2157 tran und infenen.
660 2065 2136 2172 Dann Berlin, mit tursend Masten. Wie denken Sie öne
669 2123 2071 2232 den Semmerln. Oct., vom? Den sollte man in einer
2771 2117 3342 2255 Herrn und Denen
648 2205 2013 2322 Dnachinstitutien erheten. Alles Gute bis ihre
2696 2197 3043 2335 Die Lahmer
3076 2266 3313 2353 wart —
3060 2370 3442 2514 Brahner
2734 2422 3225 2600 Auf deme: an
3087 2579 3465 2744 Dramer.
2508 2650 3016 2819 Feolgeland 9.8.17
834 3319 1643 3436 & Mr Spivak in
1687 3340 1776 3463 in
