4001 4104
416 837 1873 1008 geht wohl recht?) Da Ihm der Stückchen
446 962 1761 1100 wird den Geblikum so hoffentlich raschte.
449 1048 955 1160 dentlise worden.
455 1139 1917 1291 Die Folge erkännt sich an besten zu: Lehnung
467 1224 1797 1355 Stunden, Frau a.t. d. D. L.Edahr. Das
457 1302 1868 1482 aste ist das richtige zuligere Gäffungsstich
400 1395 1788 1544 um das mit reise der Fr. m. d. D., die sie
486 1479 1810 1675 viel beklaften ist, entglieder hange will.
611 1608 1762 1788 In den "lebend. St", deren Wirkung
477 1690 1815 1862 wohl zumert auf den Alten belehrt, scheint
469 1770 1773 1932 rit das Zeit Heinrichs, dass die Mutter
491 1879 1757 2048 nicht hatte, den 2ten erben, von unnötiger
511 1962 1857 2159 argen Hörte; wieder Sie nicht sagen müssen,
497 2039 1821 2221 dass sie nicht musschst gestorben ist, aber:
504 2133 1908 2323 dass ihr Tod einen Sinn hatte - das werde
517 2237 1793 2395 ich hwisen. Ohl etwas Ähnliches. Auch
493 2308 1831 2497 erlässt mit der Schlosssek hinricht etwas
482 2401 1735 2577 im Sande eines blossen Gespeths, ein
497 2495 1762 2666 briftige Arent des Abschlusses schien
477 2579 862 2703 ein nöttig.
493 2677 1797 2817 Das glösse Redenken – wie sehr verstärtet,
500 2741 1775 2948 habe ich bei der Frau in A. D. Am
493 2826 1759 3023 hier schönen wir die Worte des Resigir¬
522 2943 1890 3126 noch dem Tode des Limarden nicht gleich.
515 3014 1806 3190 lich und eine Retache seitig, die Sie
2801 707 3085 833 79 80
2823 808 3752 933 Berlin N. W., den 16 9 190
2670 1362 3361 1504 Liebe Herr Schütseln,
2514 1615 3425 1788 sich bin nicht angedattig!
2501 1748 3814 1884 Welmehr ich freue viel Ihrer Arbeits¬
2492 1842 3778 2006 last und dürfte der vorheissungsvollen
2501 1952 3341 2072 Nummer 5 den Dammen!
3081 2117 3597 2243 Harliste Gröne
3350 2239 3519 2333 Mrs
3326 2330 3705 2450 Otto Beahm
