7680 4136
694 445 934 584 :1
642 1622 2835 1926 mann durch..... Aufgabe Nr.... bezworten (von Worten Chifen) um Uhr
1770 1876 2016 1947 Text.
1341 1887 2425 2144 de berlin 7046 12 5 12 23 80.
937 2018 2627 2267 herzlichen glueckwunsch zum Leopoldstaedte
1284 2204 2084 2423 sieg = otto brahm.
6301 445 7232 634 1 1/2 1/4 „ —: „ „ 9, „
5998 451 6181 601 1 1/2:
5580 748 6550 918 Berlin N.W., den 1/2 1890
5476 1245 6241 1423 Lieber Herr Schützler,
5170 1483 6498 1650 bei der zweiten Lesung hat mir Ihr
5230 1617 6544 1764 Stichken noch besser gefallen, als kein ersten
5236 1710 6462 1857 Mal und ich habe viel weniger
5260 1838 6588 1986 Wünsche Ihnen meantrager, als ist anfangen
5271 1947 6569 2092 meinte. Der erste und dritte Art
5288 2057 6547 2201 sind schlekthin gelungen, der rittliche
5315 2155 6522 2289 hat seine Hohen (na scheint, das
5304 2251 6563 2420 septen Sie mir schon zu Wien, hier ist
5326 2360 6487 2502 an viel Hillstand and horses
5026 2371 5192 2518 15
5307 2466 6481 2638 Gesproce mit en wenig Contrissen
5320 2592 6519 2734 wie sie du Bühre wohl Markt.
5304 2696 6593 2849 Ain besser ist das gan im gernen
5293 2789 6618 2939 Hoch da Fall, und es ist sein Stil¬
5285 2903 6656 3054 wenschen, dass die Hirten und Thärfen,
5326 3013 6522 3160 die t'il Iitutinen agten hinter¬
5329 3097 6596 3261 angeschliffen sind; schon in 2. Mtr
