3914 4056
2541 725 2667 835 70
3262 791 3450 931 190
1986 773 2435 921 essing=Theater
2633 821 3118 939 Berlin plW. 40 den
168 827 1706 977 Elatz ist durch Klars nimmliches Gelder for¬
2095 891 2259 959 Direction
172 945 1712 1031 mehrte Mönk darstunterglich ich glück, sein
1992 947 2365 1037 Dr. Otto Brahm.
2137 1027 2219 1101 -x-
198 1031 1800 1157 wild in die Paaly bussen müssen. - Meine Aussehen
2808 1013 3380 1157 Kelgeland 20.8.05
2964 1111 3266 1236 villa blga
210 1099 1702 1238 vom 27. Juni, hatte ich ratürlich nicht vergessen,
228 1222 1708 1370 durke atd rhiesters for des clasisse bitst
272 1334 1774 1458 fielich sollen Sie ein guter Platz haben Ehe
2263 1324 3472 1456 Lieber Thend, ertschuldigen Sie, wenn ich
304 1430 1734 1584 wenn Ehre glückt wir die genaue Bestimmung
2299 1442 3496 1562 diese Zeit über ein verleiten Correspondent
324 1528 1698 1664 for the Russen rchent uit uor withmlish.
2313 1550 3464 1668 men. Ist lehte mit meinem Körper in Un¬
354 1642 1788 1794 Ich geh es trok Uhr wederhalten freundlichen
2315 1650 3484 1770 frieden, Marierbed konnte den Streit nicht
2325 1752 3476 1868 verklehten, er trach ihm, artiäretlich
354 1730 1698 1876 Hinweise auf die Neuhebühre einlich in
2355 1844 3490 1976 nich Hdpland aus, wo ich dem erste
378 1844 1782 1996 hier Weise auf, das "Spielschen" vom Bärn¬
2377 1954 3258 2073 welchen Sie das Wort, Genas.
425 1966 1722 2101 chou-Voureilsche sept mir: in etage en h.
2395 2057 3568 2159 Gestand ging mit ein Briefe Sudamens
455 2081 1674 2211 hatten und hoffe nun weit bald des
2419 2137 3605 2271 in den die erlängichte Mbeder Post
479 2181 1804 2329 reite Stocke (wie sich Hofmannstr. d schleibt)
2409 2247 3637 2381 mit dem Vermerk: abgereist wollen unter
513 2287 1702 2431 heben Sie ihm bitte vorgelesen zu ichst.
2425 2335 3578 2459 heint vaschen hatte. Hoffentlich ist
505 2405 1776 2559 in ahalten. The bleite his Freity Mitty
2443 2443 3340 2573 Ihnen dergleichen nicht veriert?
493 2513 1738 2663 his, the tis youky int. in Hanbry
2455 2567 3617 2689 Cresilie Adams est, falls s'est him
509 2611 1856 2755 Nohl de l'Orange, l'Europe, dans Berlin,
2475 2643 3671 2812 sächlicher Titel findet, der Ihnen zeigt,
557 2699 1836 2860 overlebt ist im August in der Spöttel¬
2483 2765 3675 2886 jederfalls einwands frei, wie alle Namen¬
583 2846 1884 2988 gasse; so luftig wie hier. Hurliske Grüssen
2479 2834 3653 2974 titel. Dass Sie sich berücken, die Dame
609 2938 1640 3150 auch für Nie Frau an Irem
2485 2946 3550 3078 ungescheidter zu machen, ist gewiss
2517 3036 3597 3148 Ent: Rittud - Albertus leuchtet
2551 3146 3663 3264 un möchst nicht sehr ein, ich mit
1650 3102 1812 3242 3
2557 3218 3590 3374 es aber z. Zt. erstmals rückzeiten;
