3951 4087
3501 387 3670 522 11 „ 11 „
2567 374 3262 556 febr. Cenni N. Mitt.
2577 528 2725 676 durch:
1929 462 2027 647 aus
1430 607 3152 852 berlin 71440 20 15 11/0 m = 1 um Uhr M. M.
1219 792 2831 990 gute aufnahme.ikritik geteitt
738 877 3155 1160 darstellung gefiel wann kommen sie? gratulire sehr zum
880 1059 2313 1326 wiener erfolg herzlich = brahm. +
1524 1282 1666 1471 14
2797 1436 3457 1612 Aufgenommen von U. B. L. g. Nr.
2093 1515 2379 1684 grumm
2794 1578 3472 1684 am 191.....um....Uhr....M..... Mitt.
2794 1662 2970 1750 durch:
2127 1672 2244 1744 aus
940 1634 3469 1939 berlin 84224 24/22 20 1 52 n = ƒ: aufgegebenan.......... 191.. um.. Uhr m. Mittag.
971 1926 2146 2071 dienstag 1757. gestern 2723.
858 2017 3325 2212 diese steigerung ist ungewöhnlich und verheissungsvoll.
936 2184 2998 2357 vorverkaeufe samstag sonntag gut erwarten she
996 2325 2175 2498 unbedingt. herzbich brahn +
2071 2505 2423 2624 Kreisamme.
2838 2545 2916 2668 un
1424 2523 3369 2938 berlin 9626 18 17. 2. 16 8 pfgegeben an   101 um... Uhr... M....
1222 2910 2850 3161 ja sonntag 5538 hoffe weiter gutes und
1279 2963 3410 3344 dasz die idloten nicht triumphiren herzlich brahm +
