3937 4104
2709 796 3640 962 Berlin N. 20., den 4. 11 190 1
2530 1340 3356 1489 Lieter Her Schnit ald
2360 1601 3559 1753 an Teitung sche ich ist der
2376 1725 3642 1881 Spenning eines Freideltägers entgegen¬
2378 1865 3568 1983 nehden ik se dhetten habe
2406 1959 3604 2087 werde, kann nur auch über den
2403 2071 3559 2219 Aufführungstermin reden, daher
2409 2173 3625 2337 schacht nie er sehr in der Luft.
2434 2266 3562 2453 Sie versprachen wir gedrückte
2430 2395 3515 2533 Exemplare an uitn 3 Stwke,
2452 2502 3480 2617 wie steht’s damit? Und mit
2445 2601 3504 2750 den kleinen Anderungen in
2445 2697 3393 2849 Sie in Ansicht stellten?
2426 2812 3458 2945 Auchdate scheint mir nicht
2467 2937 3642 3070 sehr charakteristesche, ich wünsche
2472 3025 3617 3158 Ia für den ein Wort, das den
2461 3148 3592 3277 gung eigenen Glumde des Heiches
