3965 4104
679 774 955 885 241
2201 779 3662 959 for den 1. April was ihr wollt (mit
1155 870 1350 963 245
2233 905 3702 1039 Dr L., M. und Gattin duret sie. Diese
600 887 952 1027 Brahn
2233 1024 3717 1189 Terrive hoffe ich wahrachme en hönnen
2244 1174 3597 1259 und möchte dann am 2. Fährl wärts
1625 1250 2096 1377 Berlin 27.3.09
2233 1272 3699 1405 fahren Chies voor Garda - See (Moran)
2260 1435 3645 1544 ist mir einhellhaft). Ich habe bis 12.
944 1498 2142 1616 Liebe Freund wurden Sie Last
2260 1525 3708 1668 er. auf etwas läge Zeit. Wir die Ihr
926 1612 2085 1746 haben sich nächste Woche in
2264 1642 3719 1755 Bide mit un der Partie sein? Vielleicht
2271 1762 3610 1885 Won auf Märken kammer? B.ke
953 1755 1557 1894 Gries in treffin
2303 1896 3725 2033 im schleichen weniglich telegraphischen
979 1892 2151 2036 Ich konste meſen Nieherchen ihr
2307 2012 3704 2194 Bychid. Hasliche Grüsse für jaune
987 2012 2177 2160 Inflaeren nicht nur Wien kommen.
2310 2105 2960 2253 I was on them
1000 2157 2120 2275 Im Anschluss an die Wiener Zeit
990 2259 2062 2396 habe ich mit Monnerd und
3080 2234 3553 2418 (Berlin
976 2394 2181 2557 der Löwen eine Wirkend Periode
2379 2399 3018 2538 In den Zelten 14
959 2521 2066 2647 merabrekt. Nun depesstirt mir
970 2640 2092 2766 M. den für nicht am 31. der
987 2727 2079 2869 Volness (mit ihm als 4) und
