4011 4089
221 796 1838 961 Sie mir bitte Ihre wenigen Ilire und
223 952 1896 1102 at wir us etwa treffen hinter. Ich hoffe
233 1084 1750 1244 auch gegen den IV. abreisen in einer,
269 1227 1809 1373 aber Riviera ist mir die besser weit.
258 1367 1846 1521 und ausserdem lieh ich sie nicht ( Sie
296 1523 1740 1652 also desto mehr, und ausserdem ist es
310 1636 1663 1811 defir wol aise schon etwas spät.
344 1780 1823 1973 Mit herzlichen guten Grüssen für
371 1913 777 2063 &c alle
1096 1957 1238 2084 in
1423 2109 1654 2263 R
423 2332 1880 2536 Wie habe ich so einlich aufgegeben,
440 2453 1765 2619 denke mich mit G. u. H. das bes
463 2621 1773 2763 getzt glaubendst ging, im Leide
486 2732 1905 2896 redlich er zähren. Ich rer eben nicht
506 2855 1609 3063 mit der Kindern; und Sie?
2630 740 2832 850 287.
2780 754 3544 915 Berlin WW. 40, den 1. 4 1911
2071 792 2498 923 sing-Chrater
1980 813 2073 967 ret.
2153 867 2332 961 Direktion
2065 936 2421 1038 Dr. Otto Brahm.
2526 1319 3057 1509 LehrFremt.
2394 1592 3622 1742 Herrings weiter Land ist man in
2380 1723 3555 1898 Ihrer Händen des meinige bleibt
2398 1832 3530 2013 Ihnen und ein Will aspat.
2409 2007 3530 2146 I h habe eene recht unlye
2434 2125 3544 2292 Zeit hinter nur, die Campage
2446 2261 3642 2423 Egen die Zustbarheitssteuer, von
2457 2392 3657 2571 der Sie, wie ich annehme, gelesen
2448 2513 3717 2709 haben; da sie gleichlich an enden
2465 2648 3563 2846 schirt – erkaufen, entwesen —
2467 2790 3705 2992 so erst es nur auf in mir: Auf,
2457 2892 3630 3119 flich hinaus ins wehr Land:
2469 3042 3674 3246 und ich denke an einiges Gries
2505 3130 3761 3351 aber auch italienische Gen. Sagen
