4018 4104
228 780 1773 925 frei und es wäre ihm sehr sympathisch mit
236 893 1832 1038 der Insinuray des, Medardas,, sine Wiener
258 1030 1848 1157 Werkstätten in vfliessen. - Ia, und das theidere
242 1147 1179 1294 my a I have selber syne
306 1273 1779 1429 Der Bahn von ein wertlicher, ungewühnlicher
310 1421 1769 1537 Cerfolg, med dus om Ihnen bewilligte halte
322 1523 1803 1668 Dutwerk Auffrkungen wird schon in dieser
337 1662 1793 1828 Arrche meicht sein. Hält die Wohnung an,
345 1809 1926 1965 so wird ich meine Dispositionen etwas küghen
349 1946 1922 2142 müssen, und den ehefel in März bringen
337 2059 1886 2247 Angenblichlich hängt ins der Himmel aller
361 2212 1983 2480 Prohnahts gegen, da wir an jedem Friedertegaben
385 2335 1862 2563 6 000 M eingenommen und auf diese Weise
425 2487 1852 2664 erfallen haben dass es selte Einahne
429 2630 1824 2829 stolherpt jicht. — Ihre Zusammungs¬
451 2789 1920 2970 würde seil. Schneeflagken, hat ich Her¬
447 2908 1916 3113 Lering mitgekilt. - Weshilb ein Dicaster
449 3075 1914 3262 eines Nicht-Schuhler besser zur Minni¬
437 3218 1886 3363 passion soll als zwei echte Schnikler
439 3335 1979 3446 ahte vermag mein Uitatemnastand nicht
3119 341 3500 506 1/1
2555 659 2914 792 263 262
2094 762 2553 909 essing-Theaker
2825 748 3617 913 Berlin, WW. 40, den 27.12.190 9
2206 854 2382 923 Direktion
2114 913 2466 993 Dr. Otto Brahm.
2549 1288 3077 1465 Liebe Freit,
2380 1537 3561 1660 Schleuthor sagt mir, dass der Ihnen
2388 1678 3524 1791 geschrieben hat und Sie bald in
2394 1805 3696 1916 sprechen hofft. Was jetzt danken Alfred
2392 1918 3728 2057 dem Wachläutigen beharrt werde schl'.
2396 2055 3625 2170 Ade Wien! hat er mir bei Meinl.
2412 2170 3683 2333 Schaden schon gesagt, un dem Siege
2404 2305 3683 2436 der V. Sie tun ihm mit Ihrem Ver-
2398 2444 3710 2585 lächten Unrecht, gern gewiss; d nur sel
2416 2565 3675 2706 die letzten Monate in der hochalster
2416 2672 3679 2833 Situation weil a aus Rachszug auf
2406 2809 3762 3004 Monkunden an der Schadeabsicht nicht
2424 2940 3720 3115 reden konnte, und deshalb, sagte er
2428 3071 3683 3224 mir, hätte er die liebe nicht ge¬
2474 3168 3726 3335 sprochen bisher; um also se. die Bahn¬
2920 3307 3593 3528 zurück, einen Spitz
