3994 4072
2587 644 2754 803 280
2727 733 3487 889 Berlin WW. 40, den 21. 11 1910
2031 737 2492 864 Besling=Theater
175 739 1743 939 am 3. kommen können, was sehr schön wäre
1961 807 2297 924 Direktion
2058 881 2404 972 Dr. Otto Brahm.
1375 871 1807 1050 Die Rechne
194 881 1373 1085 bald darf sie uns an sehen!
196 1002 1589 1200 Folge wird wie Sie es angehen, geschnet
760 1165 1811 1344 Mit hözlichem Dämmenkirchen
2513 1262 2974 1455 Luhr Freut
1274 1330 1437 1498 ti4
1412 1507 1531 1616 1
2315 1523 3569 1669 so leid es nir tat, muss il am
2297 1626 3443 1819 Dundsty doch fehle. Glade in
2297 1780 3587 1955 den Tafen wird es ist unsere Prohn
2313 1937 3464 2087 so weit sie dan ich dabei sein
2330 2058 3645 2246 niss (uder nächte); und trösten kan
2344 2194 3655 2390 nicht eher war, dan ich doch bei Ihnen
2344 2315 3495 2509 ein Lühe und druhn. - Ihrem
2346 2449 3561 2630 Werk etätel an 3. maß aus¬
2365 2637 3579 2787 setzen, entspreche ich natürlich; den
2390 2727 3493 2935 getten Gefahr, diesen geimpängten
2398 2879 3637 3067 Ehersel, diese Sie frölise
2435 3001 3655 3161 nicht ausgeacht werden. - Ihr nehme
2433 3128 3678 3314 aben sehr darauf Sr. wenn Sie nicht
