4003 4056
2246 341 2466 427 I
2705 608 2852 706 168
2131 661 2640 833 ssing=Theater
3452 741 3622 860 190...
2797 735 3216 886 Berlin N W. 40, den
2278 784 2403 845 Directi
2166 839 2530 951 Dr. Otto Brahm.
231 808 1754 984 Geeignetere’ sei, nun so könnte nun ja inne¬
2303 913 2391 982 -&
216 972 1793 1090 noch das Spielchen spielen: Verwahselt verwechselt das
2818 964 3691 1121 Villars sur Ollon 21.7.05
221 1043 1652 1170 Binnchen – und Sie behielten Ihnen guter Platz.
2993 1082 3312 1237 I have
314 1143 1727 1247 Ihr gehe reichster Tage nicht Agnaturdorf, im
323 1266 1729 1376 ich bis ca S. Juli teste, dann recht München,
2660 1303 3089 1431 Lieber Freund,
335 1366 1754 1497 von isten Georg H. und Bachheid schon will.
357 1456 1707 1597 (ich werde wohl Rath Schimpf aufführen)
2391 1480 3720 1664 Ihr Stich habe ich in Agn. noch erhalten,
382 1566 1664 1684 and die eho tirolwärts. Alles Gute
2401 1609 3704 1774 besten Dank! Ich finde es sehr fein und
394 1662 1833 1815 for Ia and the Ihren in Mr Sommerfriesse.
2419 1723 3716 1864 Klag, frölich von dem Geldmannschen Lust¬
1305 1786 1435 1923 Mr
2425 1842 3648 1999 spid sehr mit entfernt; mit ich frege
1417 1854 1586 1970 in
2444 1938 3575 2097 mich, ob nun es als Komödie nichtig
2438 2013 3732 2185 bezeichnet, die das hans d'erlefte Grund¬
2450 2142 3651 2293 noten besonders in Ausgarz so das
2464 2221 3632 2405 und schon genommen ist: hier verliert
2479 2348 3736 2503 ich auf die treffliche Milden -, pardon
2479 2440 3612 2621 Ontenburg zu sehr in eine geistreiche
2509 2579 3606 2726 Beschhaftigkeit. Sehr gut wird an
2505 2681 3614 2836 erste Mitschluss auf der Rühne
2521 2779 3565 2936 werhen; ob das Gänre ein Ausser
2513 2877 3604 3028 brüftiges Theiterstich ist, wie es
2513 2958 3685 3169 das Werk eines feines und geblinen
2524 3087 3646 3258 Geestes ist, mag die Dähnst
2526 3203 2750 3305 leben.
