3957 4057
180 646 1859 867 tag an die Kingpäter Str. zu bringen zu
222 793 1908 955 dass, sie auch jetzt nicht mit Parha han.
239 915 1715 1066 sicher han. (The Zestand est immer in
220 1041 1853 1238 schwankend wirdtes dass man sie als rohes
231 1127 1811 1347 Où estendre mais. - D'eau moment dans -
227 1301 1904 1492 nicht ist allein, sondern verschiedene Thehand
243 1387 1811 1601 entra et extra muros deschen – Th. est.
241 1545 1868 1752 wieder glaaten, dass die Marke Amtel
260 1641 1830 1862 in Contingtion, die Sie wissen, vorne¬
281 1794 1742 2000 sich in "Anatol" ist ein bekanntet,
258 1918 1912 2120 grosser Gefolg gewesen. Litteratur und die
269 2046 1773 2237 an kein, Hauben – Härke das letzte
248 2164 1895 2384 (Mal 11900) ist; it ist each he the
260 2315 1849 2546 Wienen nicht gewesen, die ich er. pöst
260 2445 1916 2659 heranziehen kann; und in der Litteratur
271 2592 1939 2814 his Monnard upon the famosen ble dis-
288 2695 1807 2949 Bassam; den heimessen (im Aigtel noch
319 2861 1773 3068 (eben iste selber). Ihr werde, aus
330 2963 1889 3234 allen diesen Gründen, die Sie hoffentlich
353 3146 1897 3341 milder stimmen, nun Mitzi an einigen
2644 573 2756 741 311
2023 638 2504 787 Hoffing-Theater
2772 630 3570 804 Berlincom. 40, den. 2, 2, 1912
2155 739 2332 825 Direktion
2069 787 2418 968 Dr. Otto Brahm.
2531 1119 3014 1333 Lieter Freund
2330 1347 3677 1545 In Mater ein grosses Wort gelassen.
2323 1505 3570 1696 Johamel' mehr soll Ihr Vorschlag
2317 1650 3679 1813 wert sein als meiner – nierte polle¬
2330 1765 3708 1967 tione? Sept. Lanterberg, the italienischen
2330 1897 3694 2151 Binhürfen (geht da nichts at?)
2346 2044 3711 2233 Aber die Litterator, die ich ja auch
2309 2160 3683 2384 liebe man sie in Aufschrung zwischen
2332 2323 3734 2516 einherkommt lint ich wirklich jetzt
2328 2441 3700 2636 nicht machen; Monnach der den Ele¬
2323 2586 3604 2747 mers schon märte, kann, proxxen
2346 2691 3612 2913 liegt mit Fuhr ein Bett; mit
2376 2812 3646 3045 der Türke habe ich um eine ewig
2372 2942 3646 3159 schon durch den Bette zu erfüllen,
2376 3100 3692 3343 erleibt, die Christiae des Stad
