3992 4056
1436 967 1583 1085 a
2546 905 3223 1069 Marienbad 4/8 00.
1081 948 1189 1073 H.
2196 998 2362 1127 169
1828 1009 1928 1110 B
270 1062 1706 1251 etwas marode hierhergekommen, wo ich mich
264 1154 1691 1314 in den letzten 2. 3 Ferienwesen bald
1882 1152 2324 1283 Lieber Freund!
1859 1220 3316 1440 Ich bin nämlich nicht ganz wohl und bediene
268 1243 1693 1430 zu erholm gedenke. Ich wohin Friedrich
1861 1334 3354 1515 mich meines Sie bestens grüßenden Brüder
253 1363 886 1565 Wilhelm Stiftung.
1855 1432 3291 1613 (thu ich auch) um Ihnen das Nöthigste zu
996 1480 1502 1621 Herztische Grüne
1870 1534 3383 1704 sagen. Der vorgeschlagene Titel wie sehr fein
1345 1610 1475 1760 Mr
1870 1621 3391 1787 wenn er nicht so complicirt auszusprechen wäre.
1440 1679 1772 1826 Brahm
1874 1754 3296 1882 und in der That den mitzelnden Populus
1870 1828 3366 1990 geverniren müßte. Die Petarburger gedulden sich
1872 1938 3399 2106 nicht noch ein wenig, bis Sie mit dem andern
1882 2036 3401 2183 Stück an den 10 nach gerückten Schluß gelangt
1884 2148 3279 2301 sind und wir die Vertheilung der Güter
1876 2270 3339 2416 zeithen hüben und drüben überschauen
1897 2339 3406 2497 können. Ueber die Möglichkeiten einer Volko¬
1882 2451 3432 2609 Theator Aufführung der Comidie, vermag ich mir
1889 2580 2770 2731 kein Urtheil zu bilden.
1888 2650 3435 2802 Es ist nur in der hohe von Villars auf die dann
1876 2737 3410 2903 nicht recht gut ergänzen, und ich bin gefern
2690 3223 2920 3320 F.T.
2932 3258 3516 3354 erknals ertreten.
538 3275 1841 3379 erwarten an dürfen. – Wie weit siegt Ihr
