4009 4103
2055 659 3687 804 derschien sich in Wien, als ist es nicht las fand
2061 761 3651 895 ich dertete Ihnen das durch einsteres Schulten an,
2082 859 3657 1011 glaaten ich zu lang gezogen und den Abend nicht
2090 965 3667 1097 so füllend; um bin ich aber auf die géniale
2068 1085 3584 1219 Idee gekommen, es sei vom Strisch-Kommt an
2090 1199 3630 1370 machen in drei knappen Akten, und da wird es
2120 1321 3740 1459 hat, fein, lustig wirhen. Bahr hat zugestimmt, und
2127 1445 3667 1575 würde auch Miesi ist grossem Vorzeigen sich
2120 1559 3706 1675 verbunden schee: riet nu die Not rhefft
2145 1677 3740 1846 selts eine Ehelefgesellen hören Te, schon Te, sondern
2137 1789 3700 1960 auch hie Sympathie; und wenn Sie alsen einver¬
2129 1899 3689 2096 standen sind, sie kann das Heil einen Lauf
2143 1982 3643 2208 nehmen sie in die Jahreswerde, dorte ich.
2289 2147 3716 2340 Ich freue mich schon zur darauf, bald das
2169 2232 3687 2440 Stich von Völsch Weiber en bekommen, und sie
2192 2334 3694 2548 den Sommer, wenn richt mit Ihnen leidel, so
2208 2493 3620 2670 doch mit Ihrer Kindeln nicht angelegen, in
2234 2609 3716 2808 bevöllich. Inzwischen, mit allem Grüssen der
2238 2670 3496 2896 Frenckschaft. for Sie drei bis vier
3278 2877 3449 2993 Mr
3333 2977 3535 3138 S.
2228 2998 3718 3205 Dache schon für den aushaalischen Beits¬
2232 3132 3706 3282 und den Poten-Amand, der sich meinen Gerdas
2224 3248 2981 3344 fast horener lässt
