3869 4088
336 718 1894 890 unterich sie diesmal fühlen würde, dass es für
366 840 1840 990 sie muß Sie viel gilt, – schon wie Gertz und
420 988 782 1076 sur M Aims
410 1046 1928 1162 Noch haben Sie mich in Ihrer Situation mit
442 1186 1928 1292 dem Bergtheuter um Rath geflegt – ja licht
470 1272 1916 1370 Fremd, he ist schwer rathen, who scheent is
490 1392 1982 1508 dus, Hl. wirklich nicht recht auf den
404 1522 1942 1628 Rehmarke gekennen ist und dass er demnach
452 1606 1956 1714 einen persie lissen Eindruck an dem der
470 1718 1910 1874 arten Auffilung noch controliren will.
478 1830 1916 1964 Brie viel das Rückgth, wie viel uns Vollrath.
524 1942 1916 2096 Ihnen werth ist eher, aus wissen Sie krei
2340 388 2442 478 111
2096 642 3650 800 Leitenschaft der Gestalt stilvoll herauslück,
2112 760 3710 936 mit nicht bekannt ist; wäre sie mit der be¬
2130 860 3694 992 haart und dreichbar zu würde mein Ernach,
2158 938 3740 1096 sie ha gewinnen g höchst unterteinlich daran
2174 1078 3780 1212 schulden, dass sie die kleine im Schausgewissen
2192 1166 3670 1312 Y'une nicht danktere Rolle n'eut sta-
2220 1282 3782 1416 nehmen würde! Diese Einigung ist schmeldich,
2260 1390 3770 1566 wie jeder Verricht auf das Vollkomme aber
2274 1492 3786 1644 ich sehe nicht, wie wir hier das Ideeil anlegen
2262 1580 3754 1760 heiranten? – Prahtisch angegeben, in der Och¬
2292 1726 3798 1882 womie des Stèches und des Aktes, hilte ich
2308 1842 3694 2000 die Gestalt nicht für sehr entscheidend.
2346 1942 3756 2124 die Wirkung alle Wiehr-Wirkung wird
552 2056 1454 2168 schliesslich beide als ich!
2368 2044 3830 2234 nicht am Oherst und einer Man ausgetan¬
580 2154 2006 2270 Iil hnte heute Gluge’s aht in der Neuen
2398 2164 3840 2326 als wa ich. - Nicht gern, ihr in Ermanpr
1758 2286 1884 2352 ganz
592 2288 1994 2442 Randshaus gelesen jud stehe noch get
2412 2284 3824 2476 lung besserer Möglichkeiten, flagt ich Sie
612 2400 2052 2536 unter diesem Indruder, der zum der Gestalt
2406 2396 3732 2564 also, oh wie es nicht mit der (schein)
2428 2498 3794 2648 schulenden und zu stimmtirenden) Schiff
646 2512 1978 2656 des Rekipus in unserredentlich storkeit
2446 2642 3780 2794 wapen wollen. (Tr muss dear doth Me
664 2646 1974 2768 est. Das Gasse rellicht kein so ein¬
2472 2710 3814 2914 Gleze dran) Sie hat freilich in Zin¬
666 2744 2048 2890 nötlicher Wurf wie Erlehten aber dort
2466 2832 3774 3024 Werspiel ins nicht Aftent, ehr sie
666 2900 2026 3000 e'n sehr erfreiender Ausdrach seiner
2502 2942 3854 3138 hatte, wie sich später herausstellig, damals
684 2984 1904 3132 mehrsenden und beifenden Kraft.
2506 3070 3744 3232 andere Dinge im Kopf, glaubte die
678 3136 1592 3288 Alles. Gute for 19 & 6
1638 3164 1944 3286 Heelst
2502 3154 3758 3348 volline Frau licht nehmen an dürfen.
1676 3272 1968 3412 im B
1708 3388 1906 3504 voir
