6966 4100
1239 889 2281 1094 Berlin N. 20., den 24. Jan 1896.
1082 1054 1457 1296 Herrn
977 1143 2325 1350 Dr. Artm. Schnitzler
1217 1280 2358 1455 Wien IX., Traurgasse 1,
756 1469 2327 1765 kehr geehrter Herr Doctor!
1078 1707 2382 1924 Die Direction zeigt Ihnen,
877 1856 2354 2045 ergebenst an, daß die erste
903 1953 2321 2178 Aufführung ein „Liebelei“
917 2063 2404 2291 für Dienstag den 4. Febr. in
949 2174 2432 2392 Aussicht genommen ist, und
953 2305 2408 2484 daß die ordentlichen Proben
965 2366 2354 2644 dazu jetzt beginnen. Sie
973 2513 2414 2746 Hofft demnach Sie bald hier
971 2611 2182 2861 begrüßen zu dürfen.
1364 2700 2394 2968 Hochachtungs
1489 2865 2319 3103 ergebenst
790 2946 1072 3194 Bushire
1020 2978 2489 3286 Deditsches Theater zu Berlin
1519 3202 2394 3498 pr. Mons Ehrlich
3335 949 4957 1114 über Unlärtsreiten der Fr. Sinne rasandt,
3389 1080 4931 1253 lich. Doch klecht Fr. 4. nur hörtere
3399 1175 4832 1364 Zeit fort, und ich bin Genoss, dass
3432 1288 4931 1447 wir das Stich – gegeheren Falls mit
3454 1406 4876 1580 Ritilfe der herrasster Vereine.
3468 1562 4393 1681 noch oft haben worden.
3456 1670 4900 1807 Gha dindt sich alles zu gern
3504 1779 4864 1942 und mindert ihre freundlichen Ge¬
3514 1914 4268 2047 sinnungen aufs Beste.
3504 2033 4776 2178 Sehr begierig bin ich auf Ihrer
3528 2152 4727 2297 nur Stich. Ich werde ihn ein
3538 2231 4943 2414 afriger Lera sie, und hein Kinder
3556 2376 4840 2529 minder. Vielleitet hinner Sie in
3444 2452 4907 2644 so düssel das jus prince urstig me
3556 2591 4870 2720 Adieu, lasser? – Ist wurde noch die
3581 2702 4890 2863 Hoffing usspecker, das Ihnen Ihre
3569 2821 4866 2978 ärztliche Pratis recht viel Zeit
3587 2926 4864 3079 lässt, das Stötz bald an Ende in
3587 3012 4939 3222 füllen; aber ich fürchte, die sehen
3623 3155 4882 3290 darin wieder eine zuvor Auspulungen,
3575 3250 4864 3405 in die meiner Kärnigkeit so für
3657 3357 4898 3504 fein lassen — daran unterdrücke
3708 3444 4848 3639 ich das liebe, und verbleibe mit
5717 985 6708 1134 Berlin N.20, den 22/2 1896
4993 1445 5162 1646 Pr.
4993 1588 5289 1791 Gauet
5378 1614 6494 1791 Raten Sie hartsten Dank
5025 1751 5195 1872 ing
5378 1757 6662 1940 liebe Herr Decn, für die Besch
5390 1910 6714 2053 and B.ld; leder him up I have
5378 2031 6637 2162 mein Conterfei nicht senden die
5406 2148 6650 2307 es verkauft ist. sobelt ich
5400 2279 6710 2420 mit wieder ein Sitzen konne hatt
5416 2386 6176 2521 ich die Schuld in.
5412 2507 6734 2664 Auf die Lestire in Sterben" freie
5436 2620 6692 2771 ich mich; die neue Nouelle in
5422 2728 6591 2879 da Fr. Behn habe ich schon
5443 2825 6704 3025 gelesen und ein wachsenk Ihnst
5434 2966 6438 3129 und Kunst darin gefunden.
5440 3097 6609 3260 Ziebelin nicht es folgesetzt
5436 3178 6613 3359 viel Freude; qua Casse hat
5455 3325 6577 3464 es allerdings etwas achgelassen,
5483 3405 6621 3544 dass ich eine stimmende Notiz¬
