4011 4089
965 829 1701 996 307 No number 906.
1506 1211 1861 1333 B. 24.1.12
710 1442 1872 1608 Lieber Freund auch mir ist das
718 1559 1991 1741 Protem des 15. Mai noch in Tramm.
728 1716 2047 1896 derstierch und ich war keine Zwischen¬
754 1863 1972 2002 viel dreiet das auch nach Ihren
765 1985 1972 2155 Zeilen mit als das Beste abheint.
772 2127 1903 2269 Mr Bessermann Sala-Schatten
761 2249 2038 2411 ist, fährt ich nicht in sprinsen
761 2380 1996 2513 sonst wäre frühst der Einsame
772 2482 1936 2635 Wy notzureichen. Nun, wie können
776 2597 2020 2745 Ja die Frage noch hier und her
776 2723 1940 2858 wiesen; jedenfalls befehnen sich
783 2817 1987 2976 wurde Würde in dem Rufe:
776 2930 1526 3082 hrt den 15. Mai.
2240 809 3697 956 Was heisst denn mein Allermattester,
2277 965 3737 1089 auf baldiges Wiederschen. Alle meine
2291 1076 3712 1211 Palse schlafen sie dem Gedanken dass
2326 1213 3765 1319 Sie sagen wollten: Wiederschen die Mirri.
2349 1324 3693 1450 Woltten Sie es seÿen. Oder wollten
2371 1448 3679 1574 So es nicht schon über kommen Sie?
2419 1552 3664 1717 du désir Une point hant'el
3260 1721 3391 1834 24
3324 1823 3754 2014 I Kighin
