3995 4103
790 369 970 550 11 „ 11 „
187 806 1817 985 zurücken für den Pupperspieler, dann wirds
222 911 1762 1075 gehen, er hat die gürtigen Aufschwurf
228 1036 1791 1200 Grenommen. Riehde erhärt mir die nämiglich,
148 1171 1748 1313 und als Rekenatter wird es nun so besser schon
306 1264 1799 1407 wenn d nur diese Eine Portion en votre
332 1397 1805 1536 denen hat. Lemnards Stichl Remiger
357 1565 609 1655 Daal:
392 1641 1881 1762 Im Freitocht werden wir alles wehrstelllichen
382 1778 1819 1887 keit nach kommen, abgeschlossen ist und
459 1897 1877 2039 nichts. Hoffentlich hat sich bis dehm
478 2025 1842 2137 aus Rien Plänen auch etwas für das
470 2137 1686 2289 hauptige Lesung - The entwishelt
232 2304 304 2410 w
478 2267 1797 2388 Frei Ihren Empfohlenen hätte ich indem
234 2439 318 2531 V.T.K.
513 2400 1887 2537 Verwendig, auch wenn ich seine Namen
509 2515 970 2632 lesen könnte.
542 2626 1867 2763 geben tragen werden nach, dass sie nicht an
312 2786 379 2882 ans.
556 2736 1938 2898 Auße der Schazergau, klinge durch Bevor¬
552 2855 1885 2991 eingang des Pupperspieles: un halte ihn
548 2958 2012 3075 Von die Bühne stärker wol er an ganzes Wich¬
568 3069 1973 3153 sal entfaltet. - Warden Sie den Ruf des Lebens
583 3151 1977 3253 an uns in Wien gespielt heilen wollen und den
601 3243 1965 3354 3. Aht, wie Sie mal sagten, unarbeiten? – Boch.
613 3319 1992 3438 man Kunstlerische Gefolg Kasse mittelstark.
613 3389 1860 3501 das ist der öltersslicher Theatermeister
1863 336 2004 486 1115
2983 365 3212 503 „ „
2142 367 2878 503 1 „ „ 4 „ —: —
1949 646 3561 880 fangestet; sobald sich die Frage gehliert hat,
1873 728 2152 810 dar Händen
1951 771 3606 970 erhalten Sie weitere Nachricht. Kommt der
2002 905 3559 1120 Dreyer p’t hee was, sa bleibt’s ditis den
2055 1019 3618 1196 die Stunden in rückster pielzeit kommen.
2855 1136 3001 1218 mehr
2080 1155 3495 1300 en Fuser würde es nicht gehen, weil die
2107 1298 3553 1448 Vriesch einen Werk von Monatsdank
2139 1430 3557 1563 antritt. - Beim Tupperspicht, bitt ist
2197 1561 3555 1711 See, es in belassen; wie
2209 1694 3629 1803 Bass. nicht um den Heinrich und nach
2228 1817 3649 1949 nicht an der Remiger, a wird immer
3091 1906 3460 1986 Radewecker
2275 1959 3670 2078 unterstattet.  Reicher  Hansdorfer, einver¬
2287 2068 3672 2205 standen: im Ühregen werd ich Ihnen
2312 2230 3647 2355 Wennen d auf ihnen – sit venia vorbe¬
2334 2369 2878 2484 wischen müssen
2923 2353 3717 2470 wenn I u ihn ferner
2367 2474 3620 2615 für Albert Candidiren. Ich habe
2390 2599 3655 2714 Faest in Ansicht zu meinen, der
2406 2736 3760 2888 viellisnt dem Lieblater etwas schuldig
2443 2853 3696 2999 bliche wird, aber sehr konnte ist;
2457 2991 3676 3093 in Satten was a appittilud.
2480 3091 3682 3245 Dachwäth zweifalls Freist. Den
2509 3225 3596 3335 Steelst melden wir noch etwas
