3992 4103
2964 366 3639 515 „ — „ „ —: —: „
2130 946 2432 1070 Beat
2701 929 2892 1076 237
226 1035 1890 1172 discution; noo man hab Rtschke bersten
2933 1052 3587 1178 BAD NAUHEIM, 28.6.08
2024 1066 2556 1232 HÖTEL HOHENZOLLERN.
248 1151 1840 1292 Termin: von Samstag, den 11. Juli et. das is.
269 1271 1863 1397 der späteste Tag an dem ich eintreffen möchte.
275 1395 1755 1526 is hain euch etwas früher werden, und
2325 1370 3610 1524 Liebe mit Ihnen in einem Hnde¬
269 1511 1836 1617 dem Fransche ist wol erst nicht auf. M
2329 1507 3604 1658 häuschen, als mit Galger in einem
310 1604 1844 1788 Strasse ader he diesem Herrn in Salaeg
2333 1635 3583 1751 paterin – das ist noe hier wee
298 1733 1902 1867 an schlafen. - Da that hier hat an meint
2356 1753 3587 1888 doe hentige Sonnertag. Demnach bitte
290 1853 1861 1979 gecheten étorta etwas auszunten nicht
2383 1861 3577 2018 ich Sie sie nicht in Ihrer Villa
327 1960 1803 2082 mich noch bis 7. hierbehalten? dann
2376 2022 3540 2136 oder sonst wo in Bambreis des
2089 2089 2190 2192 No 12
335 2068 1463 2188 komme ich ihr Münsten
1503 2078 1890 2221 Rheinrich
2383 2113 3533 2238 Seisarhofs zwei gute Zimmel an
354 2169 1875 2320 Hof in Ihnen. Die wandesteren Wälker
2364 2229 3645 2354 bestellen, wenn möglich nicht heide
362 2318 1927 2453 sind hoffentlich recht nahe? Ich frere
2376 2335 3641 2480 in einer Front liegenot, so dass man
2095 2465 2225 2627 xx
356 2445 1917 2590 mich sehr darauf endlich mal mit
2383 2451 3550 2590 die Charen von heiss und hält
377 2546 1882 2716 Ihnen eben eine Weile gut, und eine
2409 2567 3562 2718 weshselud geziesen kann, ehe
424 2666 1803 2823 Entre Gréle en somme en bleiben
2414 2701 3567 2850 neten einander; das eine soll als
2399 2813 3565 3014 soj. Talon in Kiesen. Preis à
1377 2842 1644 2956 Harlich
217 2838 1101 2973 Falle tragen en bestellen ist,
1613 2908 1815 3111 Br
207 2954 1031 3091 intcheiten Sie nicht ftell
3275 3318 3509 3424 -rent
