3938 4152
221 765 1880 871 allen aber wäre ich ausser Hände Ihrem Fransche
221 881 1820 1010 hier entsprechen und die von den Mutterlingk in
236 987 1878 1117 stellen. Der sche aus dem wirbsten Zuschen nicht
244 1082 1785 1208 wie durch auf Sie dröchen soll, todre Heute
259 1181 1833 1305 sint in der Fuhl von in der Rehandlungsart.
259 1281 1845 1423 mer Composition in willig rastieden dan ich
310 1394 1763 1537 Ihre Bedenken weder verstehe noch irgendwie
321 1502 1785 1638 theile Tollter Sie denoch auf Ihnen bestehen
333 1614 1876 1734 so hinnen und leide nicht einsammen kommen
348 1713 1732 1829 und die vzeilen schon Korgest, wenn er
356 1802 1887 1967 deshalb für heute auf die Grieschung der
374 1918 1907 2063 mitden Fragen nicht einigelt, had he ist
381 2044 1965 2189 viter diese Monsie - Frage nochmals äusserten.
645 2162 1841 2298 das geht sich, we sie richtig ahren,
401 2255 1905 2398 jetzt ganz gut, nur ein hissen angegriffen
389 2346 1820 2522 ben ich von dem heissen Gesicht. Die
403 2466 1909 2625 Angelegenheit von der In den Zipfelchen
426 2586 1814 2729 in Rückspest siehen, nimmt einen guten
447 2706 1825 2830 darauf und die hoffe in einer zu
457 2791 1765 2950 feind Zeit Ihnen, lieber Freund,
476 2907 1847 3070 Näheres anvom wählen an meinem
1127 3049 1711 3200 Hastier quissend
1355 3184 1516 3304 1ly
1473 3233 1897 3387 O’Brunn
2733 623 2871 724 113
3517 670 3624 782 190
2694 716 3256 850 Berlin, N.20., den
2830 861 3544 981 Karlsbad, Villa Charlotte,
3124 964 3358 1096 N. 7. v2
2493 1274 3147 1415 Lieber Chur Schütteln,
2323 1469 3668 1643 also the fragl. Brief have the restt achatten
2323 1599 3641 1732 welke das Theater befragen; was Ihnen Hofm.
2327 1686 3511 1833 etwa gesagt hat, han auf ein flicht
3006 1717 3089 1771 nur
2342 1781 3498 1932 Remerharg moindestti zweckgehen vor.
2348 1878 3459 2029 aientia Testure and went in
2360 1992 3467 2127 wundlich, jedenfalls ist es belegt.
2367 2083 3424 2249 Dun ich gern an die Rentive gehe,
2358 2207 3372 2338 sh die Filspa-Fuge gelöst schl.
2373 2303 3413 2462 dass ich die Insendung mit alle
2394 2377 3356 2540 gut zu gestalten suchen würde,
2383 2472 3242 2640 Ihnen zu hartte geschrieben
2389 2594 3422 2764 wie ich glauth, deutlix ganz;
2406 2687 3438 2840 es also hil und niederholen. So
2402 2793 3422 2954 sche ich ausrux der ausfü¬
2379 2886 3331 3033 Aennerung in dor Frugen des F.
2387 2987 3411 3130 losiger und von allen Dursten¬
2394 3103 3422 3238 ich den Rittner für den ungelegen¬
