3990 4087
287 782 1860 903 in Gedankenarst wohl bleiben bis wir der Ort
325 889 1909 1026 gefaßen haben, wo wir dass ohne brecheart oder Berg
323 994 1919 1129 ohne durch ein Frässer, das allen tief, getrennt in soll
323 1089 1832 1240 die Excellen Dinge durch Welt, bis auf sei so
351 1182 1875 1349 weit das... Wenn alle Tane reissen, gehen wir
354 1293 1980 1458 an Raht wieder auf den Sammlung, meinen Sie nicht?
366 1364 1862 1543 Freit’ste werden Sie, von Ihr Wieder Brief in
368 1464 1871 1642 Kraft bliebt, bis dahin nicht das kleirste
384 1594 1832 1770 Zwischenspiel aufgeführt habe; aber trän¬
398 1703 1844 1850 schon, wenn. Ihm hoffe noch immer, dass das
410 1818 1816 1953 Altenhag – Thoch mit der Lehmervolle
428 1913 1955 2105 lebendig wird; sie den jungen Mann hekommen
442 2016 1976 2188 Sie Waldschäte sind so sie mehr un minder
440 2127 2008 2301 risses Mädel die Geist, die ein gesundes Patent
448 2252 1992 2394 est hährt und gerenisse — Hie, was willst
469 2355 780 2452 in mehr!
475 2420 1927 2640 Wenn Sie Brandes wiederischen, grossem Sie
511 2578 1830 2735 che esen schrieben. Ich lese eben sein
489 2638 1963 2848 Ihrenbüchlein mit gerntem Interesse. Sigerd
483 2780 1957 2977 I. und sein Mutter haben wir eine Goldere
497 2858 1917 3050 Dose des Alten gestiftet, die bis zuletzt in
495 2973 1895 3198 einen Gländer nach; es freut nicht sehr. -
527 3099 1899 3276 Altes Gute Meer lieben Frau; und em¬
545 3208 1891 3361 pfehlen Sie nicht nach dem Wohlwollen des
539 3291 1755 3422 Maister Hini bitte. The O Beahn
2608 673 2784 814 206
2161 725 2557 897 sing=Theater
3371 743 3592 891 (90)
2753 776 3232 911 Berlin plW.40, den
2279 838 2392 923 ection
2111 907 2487 1028 Dr. Otto Brahm.
2824 1000 3571 1151 Noordough, Holland.
3010 1145 3549 1250 Kurhaus. 8.7.06
2634 1376 3101 1559 Lieber Freund,
2468 1578 3686 1743 Ihre Karte tief und gerade am Tage
2489 1695 3604 1810 der Abreise von Berlin, um ich eine
2497 1792 3586 1917 Furnished in aller Schallighet
2501 1891 3737 2068 einige Regierungsgerhäfte abdigt hette.
2499 2026 3670 2165 Das Schlefungen fürchte schon, und sie
2513 2123 3610 2268 laante die Hochny an die Ostsee
2523 2208 3616 2349 nicht, plategreifen, wie man zu
2535 2319 3709 2481 selin segt. Hier bin ich von 4 Tage
2559 2426 3705 2592 firte es ganz schön – ihr Helgelt
2565 2525 3719 2676 est which; and we steint es right un
2559 2624 3684 2786 fernliegend, dass ich zugeführt in der
2576 2717 3739 2878 Zeit, an Ihr, in Wien insgegehret, Repor-
2563 2832 3646 2965 toir Mgh vorsch in The Nine
2571 2933 3725 3076 leine. Dort sich wie Sommerfeh¬
2569 3002 3731 3179 plan hat etwas von der Beweglichheit
2596 3135 3715 3280 der Beiladtschule; und so willen wir
