3943 3929
2572 600 2714 748 189
2004 676 2508 847 Fesling=Theater
2696 698 3545 861 Berlinrich NW. 40, den 14 12 1905
201 678 1802 859 stellte ich die mit eine Frau Herrn-Hafnern.
2159 774 2251 845 Dire
2052 841 2438 943 Dr. Otto Brahm.
207 809 1751 975 ein, die nich etwas Katharinische nänethik, ist
201 931 1810 1081 biss sie lebsten Sonntag das Reutenkeilen spielen.
237 1053 1753 1208 und fand mich in der Meinig, so hin die
291 1180 1759 1298 sich, die wir Marter ziemlich bestärkt. Wie
2566 1164 3054 1370 Liebe Freund,
323 1280 1832 1388 werde sie die Rolle studiren lassen und dann
339 1404 817 1503 weiter leisten.
2297 1453 3639 1635 danke & him for the tiflye; arsh'ik
363 1501 1806 1707 Von Zwiscraspiel ist leider nichts Gutes ptr
2323 1605 3601 1733 glaube nicht, dass der Märzler auf meinem
409 1619 1866 1800 Casse in melden. Das Logenpattchen findet
2323 1707 3673 1884 nichsten wir überrichten Wege sie begegnen
415 1739 1840 1912 vergnügen daran und kommt, das andere
2331 1832 3531 1996 wurde. Es schänt sie besonders in der
433 1816 1800 2028 bleibt aus. Nix zu wollen beden, leidst.
2343 1940 3599 2115 Spache zu sehen wir bistdich geworden,
425 1968 1826 2167 Den endgeltafen Ruf schichen die nur
2341 2076 3535 2251 dan ich auf seine Wiederfastchauf
465 2115 1824 2305 wohl baldmöglichst. Mit Hauptmans
2355 2193 3537 2357 richt in hoffen mahl, die uns. Oh
482 2219 1878 2436 Pippe daher wir wirken 19. u 27. damit
2339 2311 3633 2478 Sie Raplad? Sie haben nicht nicht.
498 2389 1896 2584 Waarsankommen, dem nachdem Sie glichte
2343 2432 3700 2604 um meinen Rath gefragt, als-stundige
542 2510 1796 2698 als Nächster. - „ können sie noch wien
2341 2550 2538 2664 ist.
562 2636 1719 2793 soll wohl heissen vom Gestspiel?
2355 2674 3629 2833 Sonoff hat noch nicht getracht;
592 2763 1224 2923 Hin ich verschriebt.
2375 2785 3667 2943 n'offentor liest et dans Bush' schrieb nur
628 2901 1782 3090 Harliste Grim fie Sie, Frau
2405 2895 3675 3088 Cigiret hiratsch auf eine Nachfrage
2426 3035 3615 3168 Ich werde nun verliegen, dass er eine
620 3033 1918 3234 Alger nur den siegsten Herr Schütteln
2434 3124 3661 3304 Erklärung betrifftet! — Königte
1262 3194 1627 3320 von Brenn
1675 3256 1812 3421 15
