6691 4200
1344 1484 1580 1631 Text.
829 1565 1813 1791 Se beslin 9 No6 22 1 25.=
434 1763 2468 1978 — wollen sie uns ihr schauspiel llebelei zur auffuel-
492 1935 1758 2123 atschen theater fuer nachste sa.
4555 730 5696 898 Berlin N. 20, den 16. Februar 1895
4088 766 5745 1179 Herrn Dr. Arthur Schnitzler,
5100 1045 5549 1195 Wien IX
5072 1169 5638 1344 Frankgasse 1
4608 1319 5717 1550 Sehr geehrter Herr Doctor!
4281 1501 5770 1674 Mit bestem Dank für Ihre freundliche
4286 1623 5712 1796 Antwort sende ich Ihnen beifolger
4317 1732 5750 1917 gleich den ausgefertigten Vertrag
4299 1836 5785 2009 über "Liebelei". Die Aufführungs¬
4314 1948 5752 2143 Frist habe ich dann nicht nach ihrem
4286 2062 5783 2252 Wunsch genauer bezeichnen können
4312 2194 5732 2361 weil es mir unmöglich ist, für die
4317 2313 5793 2463 künftige Sachen jetzt schon die allge¬
4324 2402 5765 2600 meinen Dispositionen und die Reihen¬
4334 2534 5742 2734 Folge der Verpflichtungen festzu¬
4334 2638 5765 2843 stellen. Doch werde ich gern darauf
4347 2805 5714 2985 bedacht sein, Ihr Stück so früh, als
4347 2945 5765 3135 irgend thunlich herauszubringen.
