4009 4103
1888 965 2038 1082 251
1394 952 1740 1115 Bresen
2260 1051 2807 1159 BAD NAUHEIM, 3:7:05
1267 1097 1804 1192 HÖTEL HOHENZOLLERN.
1870 1403 2364 1551 Liebe Freund,
1513 1630 2903 1753 man hoffe ich Sie also in gatt Rah
1531 1727 3003 1890 in E sitend and de Trearry in Frearde
1553 1875 2934 2003 des Medardus nicht allen schmkalich beide
1566 2000 2915 2130 empferdend. Mich freets sehr, dass Sie zu
1577 2093 2935 2238 ralscherke Fausichtes beim P.Y. Lehr,
1579 2247 2930 2353 mögen sie rotat und näher kommen.
1582 2335 2983 2487 von ihm ist es gewiss richtig, die Wien
1602 2439 2888 2604 Werde den Wieder zu zeigen am 8.
1622 2571 2996 2712 Kam schon sein, dass erdurch der Käntz¬
1619 2659 2943 2835 hie der Annahme mitspielt; und soll deren
1613 2805 2934 2950 dans M. spielen ? Gerich?? - Ick hier mit
1613 2906 2987 3058 K. wie Sie jetzt schon wissen, nicht einig ge¬
1637 3016 2946 3146 werden — d. h. Sie warster es ja eigentlich
1632 3095 2978 3267 von in meinem Gastspißungen — a vollte
