4015 4087
2631 602 2755 714 192
214 696 1725 870 als das Ungeth im Ritter und einen viel
2002 677 2514 843 Pesting=Theater
2699 685 3555 839 Berlin plW. 40, den 12. 1 90 6
2172 764 2330 851 Direction,
216 781 1808 932 ausverworbenen Lienterit den im Rosen¬
2055 839 2446 943 Dr. Otto Brahm.
230 907 1902 1073 „montag”, gere gut heiligt. R. werde sicher
2220 909 2303 1051 *
272 1005 1889 1186 sehr unlustig an die Rolle gehen was äusserem
293 1100 1858 1296 Quinten, wo mehr da Passivitst des Zünf¬
2568 1200 2988 1343 Lieber Freund
322 1252 1783 1393 lings, der in allen Herrn ührtlich die
363 1347 1781 1507 unite Himme hat. – Eryen we larpa
2340 1408 3621 1547 &c Pippa soll am 19. indest tarum
392 1485 1767 1597 Proben ist Fr. Mais noch nicht eines
2357 1520 3648 1657 und macht viel Plage, entschuldigen
397 1595 1840 1730 Vorsprechen gekommen ich hoffe, es geht
2406 1659 3619 1750 ¼ also, wenn ich nicht zu rück
415 1717 1771 1869 am Monty, - Ich will nun 31, auf
2419 1763 3542 1896 und so unsfehrlich antworten,
438 1844 1817 1977 eine Neuverstädtung vom Brandsholen
2438 1873 3509 2008 hann wie Ihre Unpauld es
469 1933 1831 2085 inhalten, dann am 1. Febr mit dem
2448 1991 3542 2124 würcht. (Oder schon we: Ihre
469 2062 1779 2215 Ref beginnen. - Dle Besitzung im
2450 2097 3644 2261 legréféle très begeerde). Glück
507 2190 1948 2319 Quaren théte ich Ihnen noch rechteert.
2465 2226 3716 2375 licherise hat der Fall Walsch zu
3752 2284 3876 2373 to the
521 2317 1794 2448 im Anstholung der Rollei, mit
2487 2346 3665 2489 gade gezeigt, das man leys ein
2473 2469 3725 2595 age am Fiel kommt! Mat hat
1084 2454 1595 2587 A. T. y trenl'est
1545 2527 1705 2645 Nn
2469 2533 3773 2716 ich im nachhiedenen Titen betracht
3793 2651 3910 2761 came
1563 2629 1783 2797 18
2494 2651 3797 2815 ihmme atr Ihrem Gedacher Rittner
3791 2763 3893 2917 lieu
2506 2786 3687 2944 die Rabe spielen zu lassen, nicht
2510 2836 3783 3027 rüher. Mr. erreist Max Fr. Toht
2531 2984 3797 3154 gut aufgehoben der eine hützte Fegel¬
2550 3089 3800 3324 hat in Nürfrau viel besser aussicht,
