3840 4087
2636 610 2800 704 218
234 671 1800 803 a ierts Rudenbekendes hat: und ich
2018 698 2508 840 lessing-Theater
2814 690 3559 879 Berlin WW. 40, den 22.10.1907.
2180 794 2338 878 Direktion
246 798 1712 926 hoffe nicht u utdreupen, dass er heim¬
2096 858 2447 961 Dr. Otto Brahm.
308 905 1741 1039 Trugbild" ist. Falls Sie mir Ihr, von
320 1030 1819 1168 Hege approbirtes, heimes grosses Stich für
2621 1110 3104 1242 Lieber Freund
353 1170 1872 1262 diesen, auf dem 19. Nov. projectirten Abend
380 1301 1884 1383 in Betrut  ziehen will ich gleich
2377 1316 3635 1457 Ihr Brief ist mir vielfsch äfrentete
369 1396 1718 1525 sagen, dass der vielplichte Basermann
2381 1455 3570 1607 Gewesen nicht nur durch eine halli¬
384 1500 1862 1605 von 12. - 15 Nw. herleibt ist demnach
2400 1564 3588 1687 claptischen Reise sine schöne Aus¬
398 1609 1901 1767 eine Mitwendung nicht, aber auch kennen
2395 1673 3615 1827 fehrlichkeit, hier nicht ich nichts
411 1745 1890 1847 möglich wie - lassentlich gerugt nicht
2383 1780 3586 1934 streiben) - aise sein juhr Humor
470 1856 1841 1970 schon dieser Umstand im alle meine
2398 1905 3606 2048 spricht mich an, würde Gold¬
497 1958 1839 2104 Hoffangen auf eine Schitsbische
2400 2020 3643 2168 man et in super, and lässt nich
526 2083 1650 2219 Unprende schieten en lassen.
1732 2102 1886 2225 Wenn
2410 2135 3623 2282 x fach bedenden ihn - den Humor
538 2217 1831 2328 Ich hein neues Stück zum Hinnerk
2432 2246 3641 2430 nicht den 15, - auf dem Fisterberg
542 2324 1872 2447 tringe dan michte ich eines wählen
2412 2385 3512 2514 jetzt nicht geniessen zu sollen;
567 2461 1761 2551 den ist als Schloss des Abends
2397 2492 3506 2625 leben Sie ihn etc. bitte – den
575 2572 1893 2728 empfiehlt deshalb und wie wegen
3085 2617 3190 2732 1 g.
2373 2634 3613 2820 Gennor, nicht den F. - auf, bis
577 2660 1837 2841 des B.-Nrlechs) welke ich von
2397 2769 2907 2907 Yr Reinsate
612 2798 1893 2944 Ihren cidderen Verstlichen ernächst.
2408 2900 3639 3052 Nun zum Gerdift, mein Herr
612 2913 891 3028 absehen.
942 2927 1726 3054 - Da Sie ist dem
2441 2995 3608 3173 Den Himmeln schicke ich Ihnen
628 3038 1888 3180 Roman nen, so weit sind steht
1213 3134 1422 3227 strincken
2469 3124 3553 3297 So werden sich zu wenigen, dass
655 3155 1815 3290 Ja doch dem neun, Drane dat
