3863 4105
307 734 1917 878 ein 5. hat ich nicht die wie es wol zu bestreffen,
331 806 1837 964 wie gleich aber dass nur Friese von Hist aus¬
343 930 1929 1077 se einmal wiederlicher lesen könnte, wängstliche
345 1023 1911 1173 Illusions- Meil sind wir doch reistet, die am wenigsten
367 1123 1839 1281 (gl. das lige Gespräch vom Spevorgung einer)
383 1213 1917 1387 Für mich schönt mir Rechte- und da zuge¬
393 1327 1933 1520 alles an haben, wert hein ich sich nicht vorstellen.
389 1448 1564 1626 - Vatry sende ich Ihn die Bahn
435 1532 1899 1754 Den Medardus lamer Sie nie ist zugehen, wenn
455 1656 1221 1831 a wahr in Form est.
439 1782 1903 1967 Noch ein Geschöftchen hättt ist vorzurklichen.
453 1849 1919 2069 die Dinge im Septembre Hände seu kann
453 2001 1887 2169 mit der Orloff etc und Ludweg u Referen als
461 2077 1851 2266 Dienstlaußem Beirat, an man so sagt. H
475 2173 1804 2388 möchte denn, d.h. davor, die Gefahrten,
513 2292 1945 2516 leben, wenn möglich mit Sand. u ist ange¬
537 2382 1951 2619 beschlich nicht wol, bis daher ehe hoffentlich
547 2484 1929 2715 auf Posten. Bitte sich empfand en schreiben,
547 2613 1923 2863 at Ia ad Mffahrny, met 3 o/a Tertiens
555 2731 1514 2943 Gustemann (Hunde hriegt 827)
547 2805 1873 3072 Es fest sich sehr, den es der Kreu in
575 2963 1911 3190 Erst geht und ich würde gemehrte das
579 3068 928 3228 Allerbeste.
293 3164 1117 3358 Hein Medardes – Notiz gelesen;
1199 3144 1311 3278 vnd
303 3256 1097 3406 meine Seele wärz nicht, an den
1329 3206 1484 3348 M
303 3328 1189 3515 weg, den sie gemadet sehr bedecken.
2208 678 2386 830 Sr
2737 696 2941 830 255
2183 788 2645 952 sing-Theater
2899 786 3657 952 Berlin plW. 40, den. 190
2081 850 2444 956 L2e Direktion
3334 898 3429 1035 r
2173 934 2536 1049 Dr. Otto Brahm.
3012 1083 3625 1267 Helgtind W. 9.09
2647 1305 3108 1512 Lieber Freut,
2434 1540 3695 1738 die Miare durch ich mir zu besetzt, die
2440 1646 3723 1837 In den Fichd spielt vielleicht stieler, oder
2444 1764 3693 1939 Ferest? Ich hat das Bek nicht hier, werde
2450 1873 3671 2043 nicht rückpüßen in Palin, erhin ich ein
2440 1957 3721 2169 etwa 14 Tage könne. Ihr darbe wol, dass
2456 2059 3727 2276 wir mit Mirni vollassen – es sei den, dass
2460 2149 3236 2340 de Troter anderes lehlen.
2464 2268 3715 2470 Mit der atel waren wir also in Ord¬
2460 2398 3745 2580 ung. Es ist möglich, das ich die Auf¬
2452 2472 3739 2695 holung. Ende Novembre müsse, das wäre
2482 2590 3657 2777 also Ihrer Wünse der Wähnenschaft
2470 2685 3733 2893 nekommend; jedenfalls sollen die Stärke
2486 2799 3693 3012 are on the last house in the frere
2484 2905 3691 3106 nicht auf die Vorstellung, bepasse nicht,
2492 3016 3717 3226 eshalb an das ist liegt gemacht
2484 3118 3671 3294 heit. Den Wochen der Freiße und aller
2486 3218 3653 3406 5 Wochen wert ich, in Auge behalten
