3938 4152
2017 626 3681 848 Den Xury hiert Rass. wohl spielen, auch Sonnt¬
2031 781 3629 947 stieff, die Rentin die Thiessk, aber im leistet mir
2039 893 3565 1055 den Felibbe? Ich habe da eine ganze Mann
2033 1005 3610 1171 engafert, Stieler heisst er und ist begebt, obgleich
2054 1100 3610 1262 "Nastfolger Hehns" aber der ist Inhaussamst
2070 1206 3507 1349 und ob ihm zu Graatwortenprælles in
2081 1299 3575 1474 abschbarer But enentreren sehr dahin. Wenn
2091 1428 3617 1577 shatter. The near gedicht? Bass? The glaube
2097 1486 3590 1670 bestimmt, dass es mit ihm rückt geht. No aus
2095 1625 3614 1782 einlicher Wärme und Wichheit und Frieden¬
3223 1641 3447 1728 lyv is here
2099 1718 3569 1884 schaft ist die Gestalt her spielen, und das
2091 1818 3672 2000 s'int gue de Diege, die R. aok n'e offertat
2106 1932 3625 2087 Ich hätte Ihnen also nur retten, an warten
2126 2035 3556 2213 und sich mit meiner ehrlichen Geklärung
2137 2133 3581 2334 en begnigen – natürlich nicht ad caludes
2145 2249 3569 2450 quaecensi dass ich noch sehr freuen wirdes
2145 2352 3527 2568 Ihnen das Strük aufzuführten, sobald
2149 2460 3546 2698 ich eine Flippe in Schreck heh,
2145 2599 3575 2781 geht das aber nicht nur haben die etwa
2157 2694 3511 2912 schon sich dem Lourenfeld raschlieben,
2133 2817 3610 3026 So wurde ich Ihnen den Dennen Müchen
2126 2926 3664 3136 med Elles Gute wirken so mag ansichtsvoll
2151 3038 3646 3227 von dieser Gattrachner die B's aufs Theilen¬
2116 3117 3697 3335 als entre den stellen, aus halten Haal von N.O.F.
