3784 4028
218 742 1823 907 dertisches Deferer erheure ich neidlos er; ehr
242 837 1785 997 ich hoffe, er wird aber konnte sie und zur
252 931 1779 1121 Fellem wird man dan nicht an arg wünissen.
388 1067 1815 1235 Bei dieser Fülle Minstlärter Aufgabe, die
282 1165 1823 1333 was in the reksten wasser gesetzt haben
300 1277 1865 1461 Degen soll am 22 steigen – wird ich um
318 1399 1789 1553 den Grunding leider kommen; vielleicht dass
336 1495 1865 1683 Ist Sie aber in Mien in Wien sche. Derke
358 1615 1715 1785 schönstens für die Ansichtshaften den
374 1699 1853 1909 Freunden und Stamm, und ich hoffe. Ihr
394 1805 1867 2115 There must as not so. In diesem Time
408 1963 1879 2211 grüsse ich Hersmütter, Mutter und Kind
538 2103 895 2261 antworten.
1047 2113 1187 2321 Mr
1275 2251 1519 2442 Pr
2672 638 2844 770 225.
2119 720 2530 879 sing=Theater
2714 754 3558 909 Berlin pl. W. 40, den 14.2.190 6
2179 813 2347 911 Direction
2055 879 2454 999 Dr. Otto Brahm.
2602 1233 3132 1387 Lieber Freude,
2313 1473 3562 1627 ich fende es höchst hegreiflich, dass
2331 1601 3562 1741 Ihr mit dem in vorgenommen Ruf¬
2363 1679 3650 1861 andst die Burg bedecken wollen, und
2365 1831 3562 1989 ich hätte in Ergebung ins Parte,
2387 1951 3618 2109 an 1t jährige, bemerkt: für nicht ist,
2416 2069 3620 2199 es in März oder selbst den frey April
2399 2137 3590 2327 nach Zeit, und ich noch gar nicht
2397 2289 3326 2452 festen Vortrag für Wir recht.
2408 2371 3604 2570 Wir haben jetzt Let. Hausen mit
2379 2482 3584 2694 Thal des H. Kiskirender justirt
2406 2646 3690 2794 und dabei erst die Gerichte zu ert¬
2397 2752 3696 2962 geführt dan war, trotz sehr erfolgte
2397 2838 3586 3050 Freiße des Diensschweises auf
2399 2980 3488 3146 mit dem Stchen noch keine
2389 3054 3346 3232 kennen konnten, an 3. Milz 27/3.
2414 3196 2762 3374 konnte sämt.
