3976 4168
433 912 1755 1033 Mutter an das andere maßen nicht liegt, es
466 1015 1748 1135 nur, so wird es im hederseitigen Interesse
484 1096 1643 1245 (überschen T'e das Art nicht!) sein
490 1205 1615 1320 jetzt nicht an den Schiede zu gehen.
517 1269 1709 1397 I'm hoffe aber sehr, dass es uns mehr
531 1389 1615 1478 nisslingt, dass Ihr selbst sich die
544 1474 1702 1589 Wolstellung, nebst Ruplaels Thabe.
564 1568 1663 1668 meare ansehen und dass wir dann
571 1661 1666 1761 das Wätde verabreden. Jetzt einen
567 1738 1737 1896 Termin in nennem and en fixiren,
587 1856 1768 2002 hat doch wenig Zweck, ich gleich
608 1948 1671 2086 I have  gereigend betont in
617 2053 1632 2168 haben, dass ich den allerbesten
610 2134 1766 2286 Willen die Aufführung habe. Auf
646 2248 1719 2371 wegen Ihnen eigenen neuen Kirches.
645 2355 1709 2468 nicht dem der Schleier nicht
651 2440 1747 2576 allen nahe sittlich kommen dürft.
649 2531 1774 2708 müssen sich doch die Zeitbestimmung
663 2657 1232 2775 auch offen lassen.
666 2736 1770 2860 Die Heins- Himme begreife ist, aber
687 2836 1702 2947 ich halte doch die Tr. fie besser
692 2924 1835 3014 weil sie durch ihre Individualität der
3667 2868 3756 3004 be
3570 3193 3729 3300 witt
