4004 4087
2019 805 3558 944 die Deposition, aufgeht noch nicht meinen
2017 896 3562 1065 Gefehl unnötig unständlich und bequem;
2040 1019 3431 1190 der Schaden wäre aber leicht zu beleben.
2063 1156 3533 1308 Bregen der Delucationen lassen Sie hoffentlich
2084 1289 3587 1443 mit ich reden, der fortwährende Nuben würde
2098 1414 3621 1568 grabe in diesem Stüglen rekte fatal unabresten.
2107 1522 3573 1745 th lisse, wenn ich A.J. wie I, II, IV, V, &
2109 1660 3629 1865 in selben Garten toel spielen. Wenn schon deren
2132 1789 2414 1911 schon.
2138 1911 3617 2148 Ich denke Ende Juni oder Anfang Juli also
2134 2036 3635 2258 en nécessa wolle, früh Morges nach Wien,
2138 2194 3643 2423 en kommen. Treffe ich Sie die – wohnten ich
2155 2285 3594 2535 haldigst Nachricht erbette - so bleibe ich
2155 2477 3639 2672 bes eine Nachmittag, an dann bergerf in
2177 2573 3602 2783 fallen. – Wenn Keinsers Zustand mich
2188 2745 3592 2934 duk or iset bald auf den T. kennet,
2188 2878 3729 3076 - worüber ist Sie glückfalle mir an werden
2215 3020 3579 3192 hätte - nicht ich ihn auch besorgen.
2238 3130 3596 3352 Glänlich, mit allen guter Chusse für
2242 3238 3594 3435 der Kirchen Ihr alte Verehret (B)
