3981 4103
381 868 986 974 doch nicht ein.
401 947 1944 1062 So wandelte sich vielleicht, dass ich dem
389 1054 1997 1207 Aithar so viel drines Zeug schrieb. Des
403 1197 2022 1336 womt ake daher weil ihm einmal leiten muss,
448 1348 1389 1447 wean ik an ihn denke.
444 1451 1774 1602 Ihr kann aber auch sehr durch sehr
512 1596 2048 1778 Viele gute Grasse Ihnen und den Körtern¬
1226 1774 2050 1942 Ihr aufrichtig angeheme
1510 1921 2036 2091 Otto Rechnung
3049 387 3196 497 " " "
2136 720 3777 906 war man der zur Träger der Hauptkabe, er
2144 884 3262 1009 sich mir nicht empfohlen hat?
2173 1023 3681 1134 Nach Wien kommen und nicht, es wäre ein
2196 1132 3636 1234 Gansch Roman in Wichlen, weshalb sieht.
2198 1252 3804 1389 Und da neben ich Reichsicht auf Ihre Nam¬
2206 1379 3841 1539 denen ich die schönste Sommerarholung wünsche.
2235 1512 3700 1641 Dass wir uns in dem nächsten Monaten
2218 1623 3622 1776 schon ist nun wol leider ausgeschlossen
3256 1780 3544 1909 Heinlich
3346 1907 3487 2024 Br
3405 1983 3560 2157 1
2695 2224 3395 2386 Liebe Frau blga,
2402 2417 3659 2601 es wird die unser Freundschaft
2400 2562 3814 2703 heinen Abbruder für das ich den von
2425 2685 3835 2834 Ihnen gegengerichteten Wunsch der hohen
2431 2762 3755 2926 Fran, die um Lili, Heine und deren
2449 2897 3829 3078 Eltern, Familie, Freunde die Meurkheit
2460 3041 3734 3196 und die Ihnst sich so verdient
2447 3155 3829 3315 makte, nicht erfüllen kann? In ein
2496 3276 3841 3421 Adel- und Achtmattet wird die Weise
3078 3401 3732 3601 re saitemtte schon
