3976 4168
323 752 1874 915 ohne Bedenken über die Besetzung der Beutüre selbst,
343 855 1792 999 theile ist nicht; trok meister Einwärde, die um
337 977 1940 1103 rungen kann ist m. z. doch die Th. eine der besten
261 1013 421 1158 in Decr
411 1043 616 1105 Arnland
411 1077 1840 1212 Inhändigen Darstellungen der Rolle. Aber ich habe
365 1140 1886 1316 sich wie vor Bekerten für den Flipper und eine
383 1268 1908 1441 in markel Hinsikt für die gesammte Instenirung.
399 1374 1800 1503 wie haben den Itil für diese Aufgabe nicht zu
393 1457 1888 1629 sind wie sie einweines, das brauch ich nicht
399 1569 1898 1717 est auszusprechen, med deshalb abheent es nach
419 1663 1836 1828 als für beide Thode vernänftig, abenwarten
425 1764 1834 1920 we mis die – viel leitere – Aufführung der
413 1832 1838 2026 Monna Varen, geliegt die ich nun mehr in
445 1928 1866 2153 du Zet om 10. Octobre etc in lepe gedenhes
477 2028 1543 2171 wie sich die liebe mitsh den stelet,
467 2068 626 2167 st ct
704 2103 1802 2275 man siebt möglich, diesem Vorschlag
480 2163 1860 2365 unzustimmen? Nachdem aus 9 hujk so lange
494 2261 1906 2448 zet die geruht hat, was meinen Ihnen
480 2379 1800 2546 und Monate wertens rassellegen? Das
484 2474 1888 2648 Ixiller-Theater länst Ihnen gewiss niet my
514 2592 1942 2741 and éren Excellers Gevian hinnen Sie davon
504 2654 1964 2857 koste nicht erhoffen? Vielleicht fragen die darüber
502 2799 1860 2947 mal jemanden, da die Wahiltnisse heimt
488 2921 1944 3092 und doch grössere Gerartung der Unbefangen
496 2995 1968 3216 heit hütet als ich. Aber willernt hier, oder
520 3120 1902 3278 Philipp Heim etc. Dass Limerf Ihnen dann
538 3212 1896 3367 ogmpathischen Eindrath gemeint hat, peut
2068 449 2678 610 Votre très fusse, jusqu'à l'aigre
2805 1023 2941 1144 117
3094 1224 3563 1376 Berlin 25.5.02
2546 1461 3551 1599 Liebe Herr Schützler 9br Brief,
2556 1579 3539 1691 der mich bei neind Ankunft in
2566 1645 3569 1774 Berlin in freindlich begrüsste, het
2572 1737 3639 1902 und hiemlich viel Kopfkirchen abge¬
2590 1846 3571 1984 nöthigt. Ihr Tage freudig ja: in
2612 1940 3700 2087 gher schrift mich beim Umwege 1504 ev.
2632 2024 3645 2149 in begleiten; in dem schnellen Fort¬
2644 2129 3655 2251 schreiben Ihnen neuen Arbeit; an den
2642 2185 3688 2347 Teststillinger into the Nicht-A'his
2660 2281 3684 2420 l. schleit von Yplich med M. A.
2668 2414 3692 2524 von der ich nur wünschen, Sie hätte
2692 2474 3698 2612 sie früher gemacht. Sie wären dann
2694 2558 3678 2704 unhe meniger nam, gewesen. Auch
2692 2654 3629 2781 dass Mann. V. lernte in spieler
2706 2739 3645 2877 ist, als der Gebäder, stimmt mit
2706 2831 3657 2963 ich heh es ja vom selber ausge¬
2723 2921 3617 3040 sprochen und deshalb gemeint:
2729 2995 3595 3122 Geleugt aus das eine, zu
2733 3080 3545 3176 leinen wie uns besseren
