3920 4056
2547 634 2673 766 181
1987 733 2481 885 Lessing=Theater
213 735 1820 900 empfinden unter denen die (mehr Episadische)
2670 759 3525 908 BerlinenaW.40, den 27.1.1907
2155 836 2318 904 Direction
246 881 1866 958 der Katharina die frapparteste nach zwingen.
2051 887 2415 989 Dr. Otto Brahm.
171 960 1833 1100 Ickenfalls trifft der Verwerf des Noellistischen der Fr sich mehrten.
281 1013 681 1131 ste ist.
1232 1024 1806 1121 and an chesten hn.
281 1098 1847 1236 In wat der Freund, das urtheilende Tider
2528 1176 2984 1313 Lieber Freud
171 1191 1820 1358 I am dine dine Sie ergeben haben; der zur
161 1310 1791 1482 1/5 Ruhl schwiesene Director schweigt - by
2293 1405 3597 1566 bester Dank für den Ruf des Lehns,
186 1440 776 1618 auf Wit des
2334 1556 3537 1680 ich habe erst den 3. Aht aus dem
182 1564 1826 1719 Die Duisellung der Schiskusche des Zwischen¬
2338 1665 3498 1808 das Ganze noch einnet gelesen und
204 1680 1824 1845 2) Spiels hier Nachtve wirkt schl überzeugend;
2349 1781 3444 1930 mich in den stilloren Gang ins
345 1804 1880 1954 dieses Verhalten nennt men kort etwa, et
2355 1895 3498 2051 Neuen nicht ohne einen gewissen
361 1940 1872 2093 lehren. Die Mittheilung, der ist noch nur
138 1919 316 2101 to be
2388 2002 3548 2165 Rach und Zway gefunden. Sie
169 2093 262 2214 —
371 2070 1837 2186 gegangen hin stammt von einem Wohl¬
2396 2124 3548 2289 fragten nich s. Zt., wie ich nie
386 2161 1888 2357 erfahinter pues Ihises ind voor jedenfalls
2402 2262 3566 2388 den 3.ht dächte und ich est¬
402 2280 1288 2448 echt in jedem Tinn.
2410 2369 3533 2507 warte nn: henghe mehr acten
431 2384 1909 2551 Hoffertlick haben Te vor der Fülle that
2406 2481 3546 2642 was die Marie erlangt, dem Stet
419 2557 1742 2677 theateilschen Erlehren sich noch in
2417 2609 3597 2737 des 1. und Insonders des 2. Altes in
438 2664 1932 2827 tirken geläftet - doch nicht so gründlich
2421 2708 3605 2885 der lehleften Rest und dem Dr. W.
454 2807 1890 2922 duo. Ie iset en. Lust hätte, es nach
2437 2815 3686 2997 der Gürtungs zi her. xxx
466 2904 1919 3040 dem hestorischen 12 Oct. mit mir nochmals
2450 2931 3533 3104 ihr dies Retenken weg, so wird
444 3036 1828 3209 in th an? Ich werde gern noch ein
2429 3054 3595 3174 man die Schönheiten und Fein¬
487 3160 1826 3310 hast schine Habt tage respecielen
2446 3164 3624 3300 heiter auch diese Herrn dankbar
493 3259 1762 3418 Auf Wich Aschen, wiesse ich in 14
