3981 4103
2781 783 3715 920 Berlin N. 20., den 6. 1 v 190
1225 872 1494 933 * * * *... * *
387 888 547 956 ouvoir
345 939 1875 1124 nicht ist zu sehen, wie sehr ich Ihretungen
371 1076 1899 1193 diesen Unfall bedeinde, da auf sie nicht
375 1160 1886 1290 häuslich und praktisch betrüblich ist:
568 1271 1869 1406 Heste im 1/2 6 wollte Hafenenschal
2617 1286 3412 1427 Lieber Herr Schützler
368 1370 1857 1455 Zu mir kommen und wir werden vielleicht
499 1465 1770 1617 we't hinais falain, on Ia my
2429 1503 3692 1623 die Direktion des Deutschen Theaters
448 1572 1747 1714 Iilm nurkommen. Ihr rastirdige
2456 1633 3764 1800 nämlich ich, hat gar heim Erklärung
484 1684 1758 1795 Sie aber noch noch wenn es geht
2469 1739 3694 1869 isten den Theil d. B. abgegeben.
503 1781 1617 1869 Sonst nehmen wir wohl den
2482 1857 3789 1998 wie wir mein Secretia rextrigem
514 1869 1753 2012 mögigen Abend zu Anosicht, der
2503 1964 3806 2084 erzi het, hat der Holz hoch ergeblich
547 1958 1732 2130 auf zu unafenliche Weise
2517 2054 3589 2219 in Auftrage des Trealenreigers
564 2090 1307 2254 frei geworden ist?
2505 2156 3740 2294 + clephinirte angelegt, ob das Stücke
1093 2195 1753 2353 Henlk geissend
2513 2275 3679 2402 von uns abgelehnt se- Meines
1434 2299 1594 2471 Mr
2541 2370 3593 2503 hat darauf erwiedert, dass
1509 2393 1846 2583 O’Brahin
2543 2475 3730 2616 ihm principiell untersigt sei, über
2528 2568 3760 2724 gut eine des Rectors Aus¬
2536 2663 3719 2810 lau ofte an gehen; auf die weitere
2534 2743 3661 2913 Frage, oh da, Ihr hin uns
2549 2890 3757 3042 er Aufführung können werde, hat
2553 3000 3623 3115 er gesagt, darum sie ihm nichts
2543 3075 3694 3214 Achant. Was M. H. aus dieser
2541 3195 3751 3347 Mitteilung oder vielmehr wisst.
