3932 4104
1568 443 1822 572 11 " " "
366 731 1712 860 aust du „Hundi“, An 31st herke ist
395 842 1848 957 Dürgers Er unterzulich von asten Mal zu
428 932 1684 1074 geten und michk Paracelsus, als
445 1056 1782 1183 Ichlassstich achtagen: heilte auch tieffiel
478 1157 1027 1284 in Neen Gegen
1017 1266 1603 1398 Haater grüsend
1313 1387 1494 1486 Mr
1393 1474 1826 1599 O Berlin
591 1669 1782 1780 tübrigens winnest das Besch. das ich
609 1780 1892 1871 his auf Weitärs behalte von Druck¬
628 1871 877 1980 Fehlan
2124 729 2433 848 Tutdesres
2130 827 3690 971 Dort Sie wollen an mir nicht Kritch, sondern
2159 932 3596 1056 einen praktischen Rath. Wenn Sie sich nicht
2182 1031 3645 1153 nur Forma in Cessiy - “Th’ entstiessen hinnen
2190 1128 3678 1255 bleibt wohl das Schausziehans des nichst
2217 1186 3651 1356 und gleich der neuernimmt der Tissensein¬
2243 1299 3589 1439 heit diese Dichbey stets hadden wird;
2274 1393 3660 1529 die bieden Münner hönnen gewiss dort an
2299 1492 3707 1632 Besten gespielt werden. Fulda, den ich Ihnen
2316 1587 3622 1725 in Wien als Einzlicher heute, ist wie es
2338 1698 3600 1809 Wint jetzt etwas vastimmt gegen die
2348 1782 3602 1929 Leuk, wch eine ihn frage bei ihm (d
2377 1904 3571 2011 ist in Sanatorium Martinsbrunn
2363 1976 3647 2147 the Moran) haar je niets schaden;
2381 2089 3540 2231 sonst wie wohl das Einfachste, sie
2410 2167 3579 2315 liessen das Stich durch Amtsch ein¬
2408 2276 3487 2425 reiten - falls Sie sieht erziehen,
2404 2375 3577 2548 es ist nach der Dienst Aufführung
2392 2457 3624 2624 für Berlin fortangchen, da gerde für
2416 2562 3559 2715 dieses Werk aus de l'ehe Resident
2414 2672 3515 2826 nicht in etwas steiniges Bruder an
2427 2776 2857 2867 sin & reint
2410 2865 3604 3019 hvor rüster schon lugsam für Wien
2416 2964 3651 3089 und ich freue sich eine gute Zeit
2431 3067 3731 3203 dort mit Ihnen an vorlehnt. Freiwild
2445 3135 3746 3303 bleibt auf meine Prageram, vielleicht
