3965 4104
801 834 1873 980 dun man in Abonnement auf
302 867 760 1008 Glücken, Tu,
306 969 1869 1084 am Herrn Egelas hoffern sollte. In Berlin
329 1107 1078 1218 hat sich das hiebet.
347 1198 1830 1368 Frau Olja, die ist henl'st grüsse, geht es
362 1331 1255 1456 hoffentlich wieder besser?
382 1458 1945 1594 Ihm dache bis N. hier en bleiben; der Aufent¬
359 1561 1814 1699 halt sagt mir sch etc, die Katane ist,
392 1697 1867 1834 im Abmarsch, und ich bin besser bei
413 1820 1826 1962 Krege, genand: the Fusse and sonnen.
423 1962 1319 2103 freudigt als in Tis.
2639 709 2830 856 247.
2218 809 2644 953 ling-Theater
3539 822 3629 924 190
2931 834 3360 949 Berlin UW. 40, den
2116 904 2477 1006 Le Direktion
2206 965 2570 1072 Dr. Otto Brahm.
2997 1214 3434 1356 Gries 10.4.09
2434 1475 3627 1627 Liebe Freund ich las heute Ihnen
2440 1633 3605 1734 Brief am 28. März nochmals durch
2549 1754 3632 1873 man kam das offenbar gar nicht
2475 1879 3613 2007 oft genug - und fand dass ich
2469 1996 3632 2124 9 heure noch auf die Frage: I laine
1393 2093 1857 2222 Geregst mit
2475 2122 3588 2247 night geert watst hah. En ist
1089 2200 1890 2366 aller Guten Wünschen
2481 2257 3668 2372 freilich nichts Bestimmtes darauf
2479 2381 3613 2498 un antworten da noe cin gepi
1487 2389 1695 2563 16
2492 2500 3755 2623 Teitge Geregtheit tes jetzt existirt
2496 2621 3703 2754 susammen ankommen; eine Form
2512 2738 3716 2888 dafür soll erst en rechste Zeit
2498 2882 3703 3017 bezahlt werden. - In kommen ein
2506 2991 3769 3143 15. Mei ces Strars – Therke,
2529 3136 3644 3291 Ist frere nicht dann an Ihn
2508 3260 3829 3443 Arbeiter aus Währe hören an diesen.
