4003 4056
2680 587 2839 686 "
2680 705 2791 833 167.
2681 763 3530 930 Berlin plW. 40, den 21. 6 190. 5
2072 788 2481 940 Ising=Theater
2029 883 2317 977 Direction,
2046 954 2429 1071 Dr. Otto Brahm.
2201 1047 2297 1102 - &
2587 1228 3073 1383 Lieber Freud.
2376 1496 3658 1596 an Ihrem Brief habe ik gern erfahren
2393 1589 3634 1674 dan Sie ist ihrer Comédie so gut wie
2417 1706 3696 1819 fertig sind; anderes erfahre ist weniger gerne
2451 1770 3679 1922 Dass wir uns wieder nicht treffen können.
2421 1903 3676 2042 geist mir leid u (die Ansicht auf Selzberg
2478 2011 3692 2133 ist will in hinder Seiten habestimmt)
2467 2115 3690 2209 und dass Sie von den zwei Stichen mit
2489 2208 3690 2313 deren Sie die Saison verschien wollen,
2499 2317 3771 2425 mit nur eines anvertrauen wollen bedancken
2507 2416 3680 2520 ich nun so nicht als Sie sich bei meiner
2515 2521 3652 2612 einwahrt, in Wän in Ostern des
2539 2616 3688 2729 Gegentheil bestimmt versprechen. Sie
2552 2747 3781 2844 sagten damals, wollkommen spontar met
2566 2838 3752 2950 gare deutlich, den Sie (ein doppelt
2576 2939 3720 3062 geöttetes Hans, ewei Stücke ungleich
2611 3044 3824 3154 nicht uhnreichen wollten, und ich quittirte
2622 3122 3824 3261 dies darhand und wir sehr gelehrt.
2644 3210 3759 3351 Wenn Sie nun ich weiss nicht mehr
