4001 4057
2071 309 2163 459 3
2593 703 2739 830 167
1913 951 3294 1067 Vollten Ia bis aber nicht wollen mit
1833 1020 3403 1170 und s. Zt. Her Bissammen in ein welche,
801 1041 953 1149 165
1989 1127 3364 1274 so gebe ich ihn war ich kann, retälich
1997 1248 3196 1370 den gemeinten Mlach tachwilligst.
1282 1278 1758 1401 Berlin 18.5.05
1926 1340 3366 1463 Frl. Iihra hat ich also gehört und
1930 1454 3296 1584 I gave kept afarder nor is & she
615 1471 1797 1612 Leiter Freund eine kindende Zusig,
1909 1524 3319 1692 I gleich ist für den nachderesche Ge¬
627 1600 1700 1727 beim nächsten Gustspiel den G. W.
1954 1620 3441 1776 schmich in zuisser Mädel. Ausserdem
660 1715 1731 1825 In Spielen kann ich Ihnen leider
2005 1735 3437 1915 heft ich in Folge andere Conterstin
672 1797 1753 1940 letzt nicht gehen und näge ver¬
2081 1811 3407 1952 vielleicht doch keinen rechter Plik
696 1893 1823 2024 sprecher que ci là -- en. Ici ainsi
2112 1938 3398 2106 fie sie – will ehr nicht verreden, dass
694 1991 1725 2137 ge sind nicht mein und Ihr
2126 2044 3353 2198 ich nochmal, früher nicht später, auf
699 2108 1797 2239 Fall. Denisch möchte ist Ihnen
2145 2186 2741 2296 die wirkkönne.
719 2239 1797 2354 um überlehren getan, ob nicht die
2157 2268 3273 2386 Ich bin – sot einiger xxx auf.
3595 2327 3698 2411 and
711 2325 1854 2466 Ihnen in Wien gebetene Geleperheit
2178 2360 3341 2507 in Verhandlungen über das Deutsche
717 2411 1803 2561 Ihr sehen wir Ende d. D. offen¬
2194 2454 3370 2612 Theaft hinzugrathen, deren Ende
1542 2501 1813 2575 (1. Henr. ca)
744 2548 1848 2663 in hatten nach deren ergeren
2223 2579 3423 2727 aus verstiedenen Gründen zu Appr.
744 2622 1813 2768 fen wäre; ich glück ein solches
2243 2686 3425 2804 blich nicht abzuschen ist; deshalb
756 2741 1846 2862 todiretigtes Vorsehen läse auch
2280 2782 3429 2911 sind aus eine Sommerfährliche
2284 2870 3431 2997 herte ganz rehelhaft; etter bald
778 2845 1436 2989 in them interesse.
45 3835 338 3943 u
