3994 4055
943 1131 1109 1244 152
1384 1461 1825 1568 Berlin 3.4.04
742 1673 1917 1803 Lieber Herr Schüteln wenn ich Ihnen
751 1808 1784 1930 bester über den Einsamez Weg
766 1932 1891 2039 in Wien nicht geschrieben habe, sie
788 2041 1974 2179 gerich es, weil nicht die Beschimp¬
790 2159 1865 2256 flust nicht hier werden wollte.
810 2266 1924 2389 In elstel Linie : Bassermann ist
823 2347 1838 2494 übel mit dem Hülse Man
847 2474 1965 2607 und soll ein liegere Sommer¬
843 2572 1963 2712 unter halten der wird-vielleicht.
839 2697 1919 2827 auf 8-10 Tap mit einz W.
841 2812 1976 2937 kommen, ehr dann auf Mlach¬
860 2926 1941 3046 sehen. Die Ehmann mir ich
2017 1053 3483 1207 in Bohs lassen mehr Rose Berust
2031 1161 3515 1303 - und Ritter sticht for Iullen in der¬
2081 1280 3548 1415 er ist, sind rassevatet mitzamsten und
2138 1328 3528 1520 gut willig ist de du en n'est en hrieger
2142 1467 3565 1613 Nun hat einige Hofmeister den Julien
2162 1601 3445 1720 (schunden he ihr, weind in
2184 1692 3555 1851 Vertretung gispielt und sehr anständig
2175 1760 3529 1928 aus der Affaire gehögen; also für die
2181 1891 3443 2017 wieder Première werden indel Sie
2231 1994 3472 2146 noch in diese Besetzung sonderlich
2247 2087 3529 2262 est finden. Deshalb schiet noch
2249 2184 3446 2376 am Geräthenster, den Eins. W.Y.
2269 2288 3528 2485 für die unerste Weise wenen bem
2295 2428 3446 2570 hope a Aussität en nehmen
2297 2537 3511 2692 was been Reicher Mr Dular for
2288 2668 3572 2843 formiren könnte. Auch Rose Brück
2327 2804 3506 2910 soll eventuell 1905 in was in
2308 2898 2982 3052 Ar. Gespielt werden.
