3996 4057
330 597 1955 765 Lande des Erzialisten-Konglesses. Ernäge
311 713 1978 896 ich von die anwandertlichen Schwierigkeiten, die
332 830 1917 1011 die Besetzung und Einstredigung dieses Verbes.
343 957 1974 1127 verdursacht, so muss ich, mit dem allerleh¬
322 1060 2016 1295 haftester Bekanden, an dem Entschluss kommen,
334 1201 1999 1404 auf die Aufführung in verrichten — wiederstens
345 1339 1987 1552 so lange, bis die Wirkung auf demjenigen
351 1449 2014 1669 Boden in dem das Stich wurrelt, sich stark
353 1568 1924 1802 quay erwieser hat, um mie Bedenken
368 1697 1943 1888 en widerlegen. Und sch gern würde ich
383 1812 1960 2035 wenn Sie das Ytich bis dahin für Berlin
366 1905 1926 2151 noch nicht nachher, haten zur Première
381 2039 1939 2313 oder einer Widerkolny nicht Wien kommen
378 2155 1865 2378 -denn dass es dort den Züsse und
402 2296 1865 2527 die Eersur passirt, nehme ich noch
427 2443 1829 2647 immer als Gewiss an. - Hehn Sie
406 2546 1470 2750 schon was gehört von W.
418 2670 1983 2904 Meene, Bonfey en Burghcahr
452 2809 1865 3049 est ein reines Märchen. Ges liegt
477 2906 1892 3168 nicht das Aller mindeste vor, von
481 3044 1934 3265 meiner irgend verechtigten Seite, und
2702 601 2866 761 319
2096 671 2632 837 lessing-Theater
2920 736 3713 875 Berlin WW. 40, den 19.9.1912
2197 826 2548 982 Dr. Otto Brahm.
2622 1154 3160 1339 Licht Freund.
2412 1417 3726 1606 Ihr Stich habe ich nun gelesen, und
2401 1547 3648 1732 von Giedruck der Vorlesung hat sich
2407 1661 3719 1840 nur im Gesentlichen widerholt: ich
2428 1789 3730 2004 erkennte die vertreffliche Menschen¬
2430 1903 3776 2136 rehildering, dem guten Ban, der famosen
2430 2018 3656 2208 Dialy, ehr leider auch das in
2409 2140 3703 2334 Freundartig des Miliens von Neuen
2430 2300 3755 2481 das für eine nach deutsche Hörerschaft
2435 2430 3742 2647 Ihrer Eingängige der Vorarsserungen.
2437 2527 3652 2727 Die Berliner zu dersche Ause sind
2441 2651 3650 2868 nicht verfolgt, sie dominiren; wir
2430 2798 3652 3007 sind nicht katholisch – ich auch
2458 2914 3730 3156 richt - und so wird die Ausgang¬
2443 3036 3728 3271 sollt des Stiftes und sein Vorlauf
2445 3141 3585 3335 Sie uns weniger fesseln, als im
