3871 4121
125 754 1776 867 anischten, was Sie in desen in dem Maapl eines
1210 832 1425 895 sonderly
160 846 1789 990 passenden Darn-Hiches wohl nicht, zu bekännern.
156 932 442 1052 Herkt.
181 1039 1659 1179 Ritter ist nun auch so wie rächsichtet.
195 1132 1758 1257 Hahn Sie hier in Basselmann gestrieben! Ex¬
201 1234 965 1360 hat mir nichts reiher.
222 1339 1421 1452 Was nicht und reus Lustspiel?
236 1444 1760 1581 Gahr F ist art an Freund Goldmans.
265 1551 1694 1696 des Neldstæs, Feilleton recht erbaut?
279 1643 1754 1803 Die Lebendiger Stunden wissen heute Kasse
294 1776 1670 1900 M. 2200 auf, ist gleich in der 31 ver¬
333 1869 1779 2007 stellung; wie streitete ihnen die Rechten und
374 1988 1717 2126 schen: klar, heer. Der Südchenam geht
380 2101 748 2193 sell stark.
374 2202 1723 2331 Wissen Je dass Ihleuthde von ein etc.
378 2290 1606 2450 sicht, Hichfelds Meiffihrung in
396 2403 1719 2545 leisten einste getreten ist nach, Berlin
417 2499 1590 2662 abwater will. Dins Wasser auf
417 2627 1740 2777 The Mible getriche hatend, begrösst
442 2717 801 2857 Yzhnlk
982 2803 1138 2929 Mr
1154 2881 1583 3052 Mélant
1199 3358 1530 3539 us dem
2635 729 2771 836 100
2612 797 3557 971 Berlin N. W., den 25. 2 1902
2485 1232 3255 1419 Pieter Herr Schützler
2243 1542 3559 1696 ich hätte die schöne Absicht Lieldes
2241 1637 3465 1832 und Kalnde in März zu bringen.
2261 1774 3450 1941 nach den für den 1. März verbieteten,
2278 1863 3442 2060 Drejerschen cinalitän; nun hat mir
2313 1978 3489 2142 da das tücherte Glätteis die ehr¬
2321 2083 3491 2251 same Tullitin in Fall gehärt.
2317 2191 3434 2374 dadurch schwoll nicht zu deren
2315 2284 3448 2483 Fuss, sondern aus das Meers an
2310 2423 3395 2594 Hindrissk, mit ihnen ein armet
2317 2514 3376 2731 Director (wille sind sie Ochsen
2329 2660 3522 2834 sagt its ingresse) in himppen hat
2364 2742 3428 2937 Premiele muss auch ohne werden
2354 2855 3475 3077 die Trihn auf Wlert, aber die
2370 2974 3452 3155 raldem Zeit nicht auszukbar,
2364 3068 3557 3274 für Liebelei, nachdringende Antchen,
2364 3159 3520 3372 (Hilckfeld, Recting) weisen jaumeend
