4035 4088
903 705 1614 813 (on a Marie-Seite)
350 783 1993 908 riskts  st offlish -rene enthalten de etufey in
379 879 1905 1020 genieren; während da der Lieutenartssche
391 992 1977 1147 nach dem Knell und Fall der Obersten - Fa¬
391 1119 1971 1270 nilie in schnelles Erde und ras nie vor
418 1258 1920 1405 ministers with arbetit: for ou layes
447 1360 1948 1543 Resoradez est angezichts du Tisse héa
440 1481 2016 1664 Ramm, die neae Wenday in Mr Tyschologie
473 1600 1916 1754 des L'erkrents m feu s'e an sich
473 1741 1932 1887 so wegt für mich den Narethol des
461 1856 2004 2018 verehrten Schlosses nicht auf; und was
473 1973 1985 2114 Marie Anleyt so heren sie ja im 3.Aht
518 2100 2028 2270 alles syer - siehe oba. Mein Ahtschlass
549 2194 2006 2372 bliebe also Y. Gz. rha: „Totenblass was
576 2344 1993 2483 nahig; ster diesem stammen Moment
574 2454 1614 2633 lien ihr den Verharg sichan.
606 2575 1918 2764 Ein Zusammentreffen in Mai here
594 2731 1946 2866 Wien and sicht grede gav nn
606 2838 1961 3020 derüber. Ihm sie mir bitte, wenn
617 2930 1993 3143 du dit afillet ist, The praneu
637 3059 1897 3280 Gläne. Alles Yuk for Te
629 3190 1993 3407 Beide und dem Herrn Hein' Voigt
2655 662 2831 793 230
2188 744 2614 889 ssing=Theater
2811 752 3673 920 Berlin XV 40, den 9.4.1901
2274 836 2432 912 Direction
2180 901 2549 1031 Or. Otto Brahm.
2721 1235 3282 1420 Pieter Freut.
2067 1502 2196 1604 S.S.
2442 1506 3727 1698 ich dache vielmehr für das ausführte.
2430 1684 3655 1832 lische Telegram mit den Ruf.
2471 1823 3743 1959 Meine Neigung um Reimund klech¬
2495 1955 3747 2094 gemässigt; und pkt schreibt mir
2508 2069 3733 2204 auch der Hertags üster der blauer
2489 2172 3721 2323 Mans, das Thierlein stelle ist
2499 2291 3743 2456 so mantel etc, dass or es in Mei
2487 2403 2592 2475 wie
2508 2442 3737 2586 votre höpfer lassen is. xxx
2526 2559 3786 2776 also wohl wäre dieses heiß sehr
2508 2692 3596 2876 spiel idee endgeltig einsorgen.
2112 2698 2272 2909 2e
2532 2813 3700 2983 sehr der Ruf: weil ich daher
2520 2938 3673 3110 und so viel sagen: von Sie den
2542 3061 3792 3221 neuen Schloss des II. Aktes in dritten
2065 3116 2309 3276 &c
2540 3143 3764 3362 erzählen ließen, würde da sonst gar
3372 3298 3589 3444 to
