4001 4087
668 319 886 443 C.
243 790 1782 912 Weder idall noe politisch hem doch das
257 890 1772 1049 am wesentliche Bedertung für Sie sich, trok
1271 1011 1752 1127 Und gegen die
259 1033 1291 1151 des "besonders guten Antrag.
255 1141 1758 1265 Werkappelung ist irgend jemand haben Sie ich
261 1259 1762 1397 so immer gerehrt: (H. als Dienstcher sehr
1043 1341 1209 1420 Anton
259 1381 1762 1518 schweren, nach meiner aufzustüre aufgebauten
251 1508 1714 1622 Kenntniss.) Auch wissen Sie mehr als ich
249 1608 1758 1738 um nächsten Spielpll des Less. – Th, wenn
255 1736 1744 1901 Sie die Repartriabilderung, insbesondere reden
243 1829 1804 2003 Neuple, rt in stasden. Ihn das sich, dass
249 1967 1666 2133 sich da sehr wil die Platz für die
243 2089 1847 2244 moralisfrée Dame finden wird, sie es ist
259 2208 1839 2340 a then under much [illegible] in thine, adu
257 2338 1738 2468 in einer anderen Contenation. (Auch eine
283 2422 1702 2617 Verhindung ist Bahl's zu hirzendem
283 2548 1807 2743 Fürstern ist mir durch den Ferienkopf
271 2693 1790 2857 begangen). Und wenigt getanen Ritter:
291 2821 1903 2995 wir Eine Mizz: hat will sie getrauchen.
477 2983 1887 3160 Wir werden Sie marsichtlich am Montag
311 3056 1895 3276 den 24. um ein Mittagsmahl bitten. (1 1/2 Uhr
930 3204 1450 3400 Hanlde C.H.
2655 668 2801 776 291
1913 726 2426 888 lossing-Theater
2725 746 3481 846 Berlin WW. 40, den. 1911
2107 800 2272 884 Direktion
2007 866 2360 972 Dr. Otto Brahm.
2913 922 3517 1099 Femming 12.7.11
2318 1241 3601 1385 Liebe Freund, ich sollte mit Die Wehr¬
2314 1383 3577 1520 für Wien freigeten und besprüche das mit
2324 1490 3495 1616 Rittand; ich betonte du ideellen,
2336 1590 3581 1706 aesthetischen und itztischen Seiten dieses
2330 1702 3595 1837 Problens er aber sagte, als weit rechtet
2332 1807 3499 1947 Reelist war: waren das; wenn nur
2344 1939 3541 2065 Die Wehr hat, giebt man sie nicht
2342 2057 2494 2133 her.
2344 2137 3547 2282 Die Notenwendung zu ziehen, islos¬
2336 2280 3585 2388 lasse ich getrost Ihrem regen Geiste.
2372 2372 3565 2494 - Ja, Sie haben mich verstanden;
2332 2482 3623 2623 wenn man einen Schützler hat, hält
2326 2613 3515 2761 men ihn fest mit zähren und
2330 2711 2627 2841 Klaren.
2320 2819 3637 2987 Nun kam ich ehr doch als raver¬
2312 2959 3589 3116 besserlich enthässig Individuum, nicht
2314 3068 3677 3222 verstorben, die andere Seite der Medaille
2320 3190 3547 3300 an Schuslin. Was gewonnen Sie?
