<?xml version="1.0" encoding="UTF-8" standalone="yes"?>
<PcGts xmlns="http://schema.primaresearch.org/PAGE/gts/pagecontent/2013-07-15" xmlns:xsi="http://www.w3.org/2001/XMLSchema-instance" xsi:schemaLocation="http://schema.primaresearch.org/PAGE/gts/pagecontent/2013-07-15 http://schema.primaresearch.org/PAGE/gts/pagecontent/2013-07-15/pagecontent.xsd">
    <Metadata>
        <Creator>prov=READ-COOP:name=TrHtr:version=2.1.0:model_id=51170:date=25_07_2023_23:33</Creator>
        <Created>2023-05-02T07:44:45.180+02:00</Created>
        <LastChange>2023-07-25T23:33:06.811+02:00</LastChange>
        <TranskribusMetadata docId="1416705" pageId="54950721" pageNr="175" tsid="130849372" status="IN_PROGRESS" userId="64420" imgUrl="https://files.transkribus.eu/Get?id=ALOVXRDMWYMBGSBGFAPWZSIN&amp;fileType=view" xmlUrl="https://files.transkribus.eu/Get?id=KUMMBOIPZFGTACCCXRJWUNEQ" imageId="44454447"/>
    </Metadata>
    <Page imageFilename="1416705_0175.jpg" imageWidth="3997" imageHeight="4055">
        <ReadingOrder>
            <OrderedGroup id="ro_1711829689654" caption="Regions reading order">
                <RegionRefIndexed index="0" regionRef="tr_3"/>
                <RegionRefIndexed index="1" regionRef="tr_2"/>
                <RegionRefIndexed index="2" regionRef="tr_4"/>
                <RegionRefIndexed index="3" regionRef="tr_1"/>
            </OrderedGroup>
        </ReadingOrder>
        <TextRegion id="tr_3" custom="readingOrder {index:0;}">
            <Coords points="170,314 1800,314 1800,1885 170,1885"/>
            <TextLine id="tr_3_tl_1" custom="readingOrder {index:0;}">
                <Coords points="456,483 493,466 509,450 523,452 541,432 562,432 574,418 594,412 600,401 624,397 614,335 582,339 560,326 543,345 531,347 472,304 442,290 424,292"/>
                <Baseline points="447,364 492,382 537,388 582,394 627,397"/>
                <TextEquiv>
                    <Unicode>"F."</Unicode>
                </TextEquiv>
            </TextLine>
            <TextLine id="tr_3_tl_2" custom="readingOrder {index:1;}">
                <Coords points="158,916 604,874 722,923 1024,910 1367,850 1788,876 1790,807 1652,772 160,821"/>
                <Baseline points="170,874 179,874 223,871 268,871 313,874 358,874 403,874 447,874 492,871 537,871 582,868 627,868 671,868 716,868 761,868 806,865 851,865 895,862 940,859 985,859 1030,853 1074,853 1119,853 1164,851 1209,851 1254,851 1298,848 1343,851 1388,848 1433,851 1478,848 1522,848 1567,845 1612,845 1657,845 1702,848 1746,851 1791,853"/>
                <TextEquiv>
                    <Unicode>bliche noch Papperspieler für der Gerichten, Eide¬</Unicode>
                </TextEquiv>
            </TextLine>
            <TextLine id="tr_3_tl_3" custom="readingOrder {index:2;}">
                <Coords points="180,981 351,1032 525,971 673,1014 1099,959 1204,1020 1289,973 1796,937 1654,886 693,947 588,902 330,959 182,914"/>
                <Baseline points="191,976 232,973 277,973 322,976 367,976 412,976 456,976 501,973 546,970 591,967 636,964 680,967 725,967 770,967 815,967 859,964 904,964 949,961 994,961 1039,958 1083,958 1128,958 1173,961 1218,961 1263,955 1307,955 1352,952 1397,952 1442,952 1487,952 1531,949 1576,952 1621,952 1666,955 1710,955 1755,958 1800,958"/>
                <TextEquiv>
                    <Unicode>habe sie den ungerichten Abend, den ich er schon</Unicode>
                </TextEquiv>
            </TextLine>
            <TextLine id="tr_3_tl_4" custom="readingOrder {index:3;}">
                <Coords points="195,1095 428,1081 519,1125 602,1095 708,1125 781,1091 1150,1097 1176,1093 1176,1004 777,1046 697,1004 570,1048 509,1020 399,1046 195,1026"/>
                <Baseline points="206,1066 250,1068 295,1071 340,1074 385,1074 429,1074 474,1074 519,1074 564,1071 609,1068 653,1068 698,1068 743,1068 788,1068 833,1068 877,1068 922,1066 967,1063 1012,1063 1057,1063 1101,1063 1146,1066 1179,1068"/>
                <TextEquiv>
                    <Unicode>in September vereistelter wollk.</Unicode>
                </TextEquiv>
            </TextLine>
            <TextLine id="tr_3_tl_5" custom="readingOrder {index:4;}">
                <Coords points="203,1172 629,1219 1233,1164 1764,1198 1764,1129 1510,1081 850,1144 653,1103 203,1135"/>
                <Baseline points="214,1167 259,1167 304,1167 349,1170 394,1170 438,1173 483,1173 528,1173 573,1173 618,1170 662,1173 707,1173 752,1170 797,1170 842,1167 886,1164 931,1164 976,1164 1021,1161 1066,1161 1110,1161 1155,1161 1200,1161 1245,1161 1289,1161 1334,1158 1379,1161 1424,1158 1469,1158 1513,1158 1558,1161 1603,1161 1648,1164 1693,1167 1737,1170 1770,1170"/>
                <TextEquiv>
                    <Unicode>Aus diesem Grunde wie es nicht sehr underricht,</Unicode>
                </TextEquiv>
            </TextLine>
            <TextLine id="tr_3_tl_6" custom="readingOrder {index:5;}">
                <Coords points="217,1269 594,1269 706,1332 1476,1259 1740,1306 1770,1200 217,1237"/>
                <Baseline points="229,1254 274,1260 319,1260 364,1263 409,1263 453,1266 498,1269 543,1269 588,1269 633,1272 677,1272 722,1272 767,1272 812,1269 856,1266 901,1266 946,1266 991,1266 1036,1263 1080,1263 1125,1263 1170,1263 1215,1263 1260,1263 1304,1263 1349,1263 1394,1260 1439,1257 1484,1260 1528,1257 1573,1260 1618,1260 1663,1263 1707,1263 1752,1269 1776,1269"/>
                <TextEquiv>
                    <Unicode>wenn Sie schon jetzt für könte. die zwei Sächelben</Unicode>
                </TextEquiv>
            </TextLine>
            <TextLine id="tr_3_tl_7" custom="readingOrder {index:6;}">
                <Coords points="235,1381 537,1373 687,1417 1446,1360 1748,1391 1748,1324 1658,1294 1569,1344 1389,1296 622,1348 235,1277"/>
                <Baseline points="247,1367 274,1358 319,1361 364,1358 409,1358 453,1361 498,1364 543,1367 588,1367 633,1370 677,1373 722,1370 767,1370 812,1370 856,1370 901,1367 946,1367 991,1367 1036,1367 1080,1367 1125,1370 1170,1370 1215,1367 1260,1367 1304,1367 1349,1364 1394,1364 1439,1361 1484,1358 1528,1358 1573,1358 1618,1358 1663,1352 1707,1355 1752,1358"/>
                <TextEquiv>
                    <Unicode>echn, du faire quin cinq un geheure Rechne les¬</Unicode>
                </TextEquiv>
            </TextLine>
            <TextLine id="tr_3_tl_8" custom="readingOrder {index:7;}">
                <Coords points="264,1508 434,1466 622,1506 1178,1460 1634,1486 1784,1464 1784,1389 1478,1448 894,1385 746,1448 651,1409 266,1427"/>
                <Baseline points="274,1472 310,1466 355,1463 400,1463 444,1466 489,1466 534,1469 579,1469 624,1469 668,1466 713,1469 758,1466 803,1466 848,1466 892,1466 937,1466 982,1466 1027,1466 1071,1463 1116,1460 1161,1460 1206,1460 1251,1460 1295,1460 1340,1460 1385,1460 1430,1463 1475,1460 1519,1463 1564,1460 1609,1460 1654,1460 1699,1457 1743,1451 1788,1454"/>
                <TextEquiv>
                    <Unicode>sehen würde, die unsäre nur mit einem neuen (oder</Unicode>
                </TextEquiv>
            </TextLine>
            <TextLine id="tr_3_tl_9" custom="readingOrder {index:8;}">
                <Coords points="304,1569 501,1622 590,1567 1744,1577 1744,1521 1385,1535 1336,1490 967,1549 304,1519"/>
                <Baseline points="316,1558 361,1555 406,1555 450,1558 495,1561 540,1567 585,1567 630,1567 674,1570 719,1570 764,1570 809,1570 853,1570 898,1570 943,1573 988,1573 1033,1573 1077,1570 1122,1570 1167,1567 1212,1564 1257,1561 1301,1558 1346,1561 1391,1561 1436,1564 1481,1561 1525,1561 1570,1567 1615,1567 1660,1567 1705,1567 1749,1570 1752,1567"/>
                <TextEquiv>
                    <Unicode>alten) Thikler ausgestattet Alsich bestattete.</Unicode>
                </TextEquiv>
            </TextLine>
            <TextLine id="tr_3_tl_10" custom="readingOrder {index:9;}">
                <Coords points="296,1683 560,1725 754,1671 985,1697 1448,1654 1764,1697 1766,1622 1470,1630 1265,1581 876,1646 645,1602 298,1634"/>
                <Baseline points="307,1654 352,1657 397,1657 441,1660 486,1663 531,1663 576,1663 621,1666 665,1666 710,1666 755,1669 800,1669 845,1666 889,1669 934,1669 979,1669 1024,1666 1068,1666 1113,1666 1158,1663 1203,1660 1248,1660 1292,1657 1337,1654 1382,1654 1427,1654 1472,1654 1516,1657 1561,1657 1606,1660 1651,1660 1696,1663 1740,1666 1770,1669"/>
                <TextEquiv>
                    <Unicode>Da die Lenk immer gleich ein Entweder - Oder</Unicode>
                </TextEquiv>
            </TextLine>
            <TextLine id="tr_3_tl_11" custom="readingOrder {index:10;}">
                <Coords points="341,1752 576,1800 1121,1762 1227,1817 1365,1762 1742,1788 1725,1703 1393,1746 1174,1687 845,1748 341,1707"/>
                <Baseline points="352,1749 397,1752 441,1758 486,1761 531,1764 576,1764 621,1767 665,1767 710,1767 755,1767 800,1764 845,1764 889,1764 934,1764 979,1764 1024,1761 1068,1761 1113,1758 1158,1758 1203,1758 1248,1755 1292,1758 1337,1758 1382,1761 1427,1761 1472,1761 1516,1761 1561,1764 1606,1764 1651,1767 1696,1770 1740,1773 1746,1776"/>
                <TextEquiv>
                    <Unicode>witteln, so würde der Saisontegan nicht den</Unicode>
                </TextEquiv>
            </TextLine>
            <TextLine id="tr_3_tl_12" custom="readingOrder {index:11;}">
                <Coords points="339,1871 649,1920 1146,1861 1746,1896 1746,1811 1604,1792 1296,1845 1144,1780 1062,1839 803,1811 547,1849 339,1804"/>
                <Baseline points="349,1848 394,1857 438,1863 483,1866 528,1866 573,1869 618,1869 662,1869 707,1872 752,1869 797,1869 842,1869 886,1869 931,1866 976,1866 1021,1863 1066,1863 1110,1860 1155,1860 1200,1860 1245,1860 1289,1860 1334,1860 1379,1866 1424,1866 1469,1866 1513,1863 1558,1866 1603,1866 1648,1866 1693,1869 1737,1875 1749,1875"/>
                <TextEquiv>
                    <Unicode>Eindruch gestellt werden: Schm. giebt plet am</Unicode>
                </TextEquiv>
            </TextLine>
        </TextRegion>
        <TextRegion id="tr_2" custom="readingOrder {index:1;}">
            <Coords points="379,1905 1899,1905 1899,3417 379,3417"/>
            <TextLine id="tr_2_tl_1" custom="readingOrder {index:0;}">
                <Coords points="367,1967 558,1967 714,2019 1237,1967 1719,1987 1693,1932 1369,1955 1253,1882 1170,1952 738,1902 610,1955 367,1904"/>
                <Baseline points="379,1955 424,1961 468,1964 513,1964 558,1967 603,1970 647,1967 692,1967 737,1970 782,1970 827,1973 871,1973 916,1973 961,1976 1006,1973 1051,1973 1095,1973 1140,1973 1185,1967 1230,1964 1275,1967 1319,1967 1364,1970 1409,1970 1454,1970 1498,1970 1543,1970 1588,1973 1633,1973 1678,1979 1722,1982 1725,1982"/>
                <TextEquiv>
                    <Unicode>the son Nines. Ish have I have n'akt sign</Unicode>
                </TextEquiv>
            </TextLine>
            <TextLine id="tr_2_tl_2" custom="readingOrder {index:1;}">
                <Coords points="373,2076 626,2066 809,2131 953,2078 1206,2084 1316,2155 1486,2084 1740,2096 1740,2046 371,2023"/>
                <Baseline points="385,2054 429,2057 474,2060 519,2063 564,2063 609,2063 653,2066 698,2069 743,2072 788,2072 833,2072 877,2072 922,2075 967,2075 1012,2078 1057,2081 1101,2081 1146,2078 1191,2078 1236,2081 1280,2081 1325,2078 1370,2078 1415,2078 1460,2078 1504,2075 1549,2078 1594,2078 1639,2078 1684,2081 1728,2087 1743,2087"/>
                <TextEquiv>
                    <Unicode>wie wederweitig (eile schilhaft) wir solche</Unicode>
                </TextEquiv>
            </TextLine>
            <TextLine id="tr_2_tl_3" custom="readingOrder {index:2;}">
                <Coords points="395,2176 655,2232 791,2188 914,2224 977,2178 1448,2180 1533,2214 1713,2178 1713,2131 1650,2127 1379,2125 1326,2163 1050,2125 730,2159 450,2098 395,2123"/>
                <Baseline points="406,2155 450,2161 495,2164 540,2167 585,2170 630,2176 674,2176 719,2176 764,2176 809,2176 853,2176 898,2179 943,2176 988,2179 1033,2179 1077,2182 1122,2182 1167,2182 1212,2185 1257,2185 1301,2182 1346,2182 1391,2182 1436,2179 1481,2176 1525,2176 1570,2176 1615,2173 1660,2170 1705,2173 1719,2170"/>
                <TextEquiv>
                    <Unicode>Oberaufungen sind, aber da man leider nicht</Unicode>
                </TextEquiv>
            </TextLine>
            <TextLine id="tr_2_tl_4" custom="readingOrder {index:3;}">
                <Coords points="414,2305 1845,2299 1845,2238 1798,2228 414,2218"/>
                <Baseline points="424,2248 468,2254 513,2257 558,2260 603,2266 647,2266 692,2269 737,2272 782,2272 827,2269 871,2272 916,2272 961,2275 1006,2275 1051,2278 1095,2278 1140,2281 1185,2281 1230,2284 1275,2284 1319,2278 1364,2281 1409,2278 1454,2278 1498,2275 1543,2272 1588,2272 1633,2272 1678,2272 1722,2272 1767,2275 1812,2281 1851,2287"/>
                <TextEquiv>
                    <Unicode>in der Weltz signeten darf – on es wurden</Unicode>
                </TextEquiv>
            </TextLine>
            <TextLine id="tr_2_tl_5" custom="readingOrder {index:4;}">
                <Coords points="397,2390 1105,2380 1243,2429 1602,2370 1800,2399 1800,2334 1563,2358 1415,2309 1200,2370 1073,2315 989,2362 939,2321 395,2307"/>
                <Baseline points="409,2352 453,2355 498,2361 543,2367 588,2370 633,2370 677,2370 722,2370 767,2367 812,2367 856,2373 901,2376 946,2379 991,2379 1036,2379 1080,2379 1125,2379 1170,2382 1215,2385 1260,2385 1304,2382 1349,2379 1394,2376 1439,2373 1484,2373 1528,2373 1573,2373 1618,2370 1663,2370 1707,2370 1752,2373 1797,2379 1806,2379"/>
                <TextEquiv>
                    <Unicode>schön ist, wie in Röhne – sondern in der</Unicode>
                </TextEquiv>
            </TextLine>
            <TextLine id="tr_2_tl_6" custom="readingOrder {index:5;}">
                <Coords points="422,2512 823,2482 1166,2528 1458,2492 1837,2526 1835,2461 1738,2413 1506,2455 1344,2415 1093,2457 933,2405 779,2445 699,2405 649,2441 612,2407 422,2425"/>
                <Baseline points="432,2463 477,2472 522,2475 567,2481 612,2481 656,2481 701,2481 746,2481 791,2481 836,2484 880,2487 925,2487 970,2490 1015,2493 1060,2493 1104,2490 1149,2493 1194,2493 1239,2493 1283,2490 1328,2490 1373,2490 1418,2493 1463,2487 1507,2490 1552,2487 1597,2487 1642,2487 1687,2490 1731,2493 1776,2499 1821,2508 1839,2511"/>
                <TextEquiv>
                    <Unicode>Avelt lebt on sind sie leider zabereisten.</Unicode>
                </TextEquiv>
            </TextLine>
            <TextLine id="tr_2_tl_7" custom="readingOrder {index:6;}">
                <Coords points="448,2591 1713,2630 1713,2545 1563,2579 1296,2542 904,2573 681,2512 448,2528"/>
                <Baseline points="459,2579 504,2579 549,2582 594,2585 639,2588 683,2591 728,2591 773,2594 818,2597 862,2594 907,2594 952,2594 997,2594 1042,2597 1086,2600 1131,2597 1176,2597 1221,2597 1266,2594 1310,2594 1355,2594 1400,2597 1445,2597 1490,2600 1534,2597 1579,2597 1624,2594 1669,2597 1713,2600 1716,2600"/>
                <TextEquiv>
                    <Unicode>Mein Duert wolte deshalb, nach der</Unicode>
                </TextEquiv>
            </TextLine>
            <TextLine id="tr_2_tl_8" custom="readingOrder {index:7;}">
                <Coords points="485,2709 1845,2731 1845,2654 1632,2636 1413,2684 1083,2628 833,2678 667,2613 483,2615"/>
                <Baseline points="495,2681 540,2681 585,2687 630,2687 674,2687 719,2693 764,2693 809,2693 853,2693 898,2693 943,2693 988,2696 1033,2699 1077,2699 1122,2702 1167,2702 1212,2699 1257,2702 1301,2699 1346,2699 1391,2702 1436,2702 1481,2702 1525,2699 1570,2696 1615,2696 1660,2699 1705,2699 1749,2702 1794,2702 1839,2705 1851,2702"/>
                <TextEquiv>
                    <Unicode>R. - Seite, den Sie, – wenn sich die über¬</Unicode>
                </TextEquiv>
            </TextLine>
            <TextLine id="tr_2_tl_9" custom="readingOrder {index:8;}">
                <Coords points="497,2792 667,2883 781,2804 945,2851 1547,2804 1843,2826 1843,2782 1774,2757 1344,2784 967,2741 894,2778 845,2733 740,2776 495,2737"/>
                <Baseline points="507,2782 552,2788 597,2791 641,2797 686,2800 731,2803 776,2803 821,2803 865,2806 910,2806 955,2806 1000,2809 1045,2812 1089,2815 1134,2815 1179,2812 1224,2812 1269,2812 1313,2809 1358,2809 1403,2809 1448,2809 1493,2809 1537,2803 1582,2803 1627,2803 1672,2806 1716,2806 1761,2809 1806,2809 1848,2815"/>
                <TextEquiv>
                    <Unicode>lamung der Stücke an ihn nicht vermeiden</Unicode>
                </TextEquiv>
            </TextLine>
            <TextLine id="tr_2_tl_10" custom="readingOrder {index:9;}">
                <Coords points="523,2897 714,2936 831,2903 939,2952 1285,2911 1405,2970 1630,2901 1835,2907 1835,2865 1768,2845 1632,2845 1586,2883 1425,2841 669,2883 594,2826 523,2847"/>
                <Baseline points="534,2887 579,2890 624,2896 668,2899 713,2902 758,2902 803,2902 848,2905 892,2905 937,2905 982,2905 1027,2908 1071,2908 1116,2908 1161,2911 1206,2911 1251,2911 1295,2911 1340,2911 1385,2914 1430,2914 1475,2911 1519,2911 1564,2902 1609,2899 1654,2896 1699,2896 1743,2899 1788,2902 1833,2905 1839,2905"/>
                <TextEquiv>
                    <Unicode>lässt, - sie bis zu reetesten, bis wir</Unicode>
                </TextEquiv>
            </TextLine>
            <TextLine id="tr_2_tl_11" custom="readingOrder {index:10;}">
                <Coords points="529,2995 740,3045 1882,3055 1879,2942 1575,2934 1502,2980 1235,2968 1196,3003 1107,2954 874,2993 693,2974 598,2911 529,2928"/>
                <Baseline points="540,2986 585,2988 630,2991 674,2997 719,3003 764,3009 809,3015 853,3015 898,3021 943,3024 988,3024 1033,3024 1077,3027 1122,3027 1167,3027 1212,3027 1257,3027 1301,3030 1346,3030 1391,3030 1436,3024 1481,3021 1525,3018 1570,3015 1615,3012 1660,3015 1705,3015 1749,3018 1794,3024 1839,3036 1884,3048 1887,3048"/>
                <TextEquiv>
                    <Unicode>mit wieder dienstel abend zu Stuhl kamen</Unicode>
                </TextEquiv>
            </TextLine>
            <TextLine id="tr_2_tl_12" custom="readingOrder {index:11;}">
                <Coords points="566,3110 714,3151 929,3132 1075,3203 1249,3157 1825,3173 1823,3102 1681,3116 1551,3072 1178,3106 1054,3043 878,3086 710,3047 566,3082"/>
                <Baseline points="576,3096 621,3099 665,3105 710,3108 755,3114 800,3117 845,3123 889,3126 934,3129 979,3132 1024,3135 1068,3138 1113,3138 1158,3138 1203,3144 1248,3144 1292,3144 1337,3147 1382,3144 1427,3141 1472,3141 1516,3138 1561,3138 1606,3138 1651,3138 1696,3138 1740,3138 1785,3144 1830,3144"/>
                <TextEquiv>
                    <Unicode>und bis wir ihr neues, geehrtes und</Unicode>
                </TextEquiv>
            </TextLine>
            <TextLine id="tr_2_tl_13" custom="readingOrder {index:12;}">
                <Coords points="588,3252 740,3238 809,3278 906,3248 1024,3285 1109,3260 1261,3311 1391,3260 1815,3305 1813,3228 1713,3208 1427,3230 1168,3173 1089,3214 929,3149 586,3191"/>
                <Baseline points="597,3221 641,3221 686,3227 731,3230 776,3236 821,3242 865,3245 910,3248 955,3251 1000,3251 1045,3254 1089,3254 1134,3257 1179,3260 1224,3260 1269,3260 1313,3263 1358,3263 1403,3260 1448,3260 1493,3257 1537,3257 1582,3260 1627,3260 1672,3263 1716,3266 1761,3272 1806,3278 1818,3281"/>
                <TextEquiv>
                    <Unicode>abendfullendes Lustspiel anwürdigen</Unicode>
                </TextEquiv>
            </TextLine>
            <TextLine id="tr_2_tl_14" custom="readingOrder {index:13;}">
                <Coords points="588,3431 720,3400 779,3426 880,3380 1068,3406 1478,3360 1894,3406 1892,3331 1772,3297 1681,3321 1401,3278 1119,3317 1010,3276 920,3325 584,3268"/>
                <Baseline points="597,3344 641,3347 686,3350 731,3356 776,3359 821,3359 865,3362 910,3359 955,3362 1000,3362 1045,3362 1089,3362 1134,3362 1179,3365 1224,3365 1269,3368 1313,3365 1358,3365 1403,3365 1448,3362 1493,3359 1537,3359 1582,3362 1627,3365 1672,3365 1716,3371 1761,3377 1806,3383 1851,3395 1896,3407 1899,3407"/>
                <TextEquiv>
                    <Unicode>leiten. Das würde also - bei der Wothen¬</Unicode>
                </TextEquiv>
            </TextLine>
        </TextRegion>
        <TextRegion id="tr_4" custom="readingOrder {index:2;}">
            <Coords points="1940,329 3535,329 3535,965 1940,965"/>
            <TextLine id="tr_4_tl_1" custom="readingOrder {index:0;}">
                <Coords points="1932,472 2007,456 2048,472 2105,444 2159,450 2186,422 2208,434 2238,410 2324,436 2401,428 2399,326 2324,335 2259,373 2212,343 2167,349 2133,328 2117,343 2072,310 1985,333 1926,324"/>
                <Baseline points="1940,379 1985,382 2030,394 2075,400 2120,400 2164,397 2209,397 2254,403 2299,406 2344,400 2388,397 2406,394"/>
                <TextEquiv>
                    <Unicode>1 1/2 „ „ —: —:</Unicode>
                </TextEquiv>
            </TextLine>
            <TextLine id="tr_4_tl_2" custom="readingOrder {index:1;}">
                <Coords points="2646,748 2664,750 2672,744 2693,752 2707,744 2719,754 2733,748 2751,758 2776,756 2770,671 2757,675 2735,667 2717,677 2701,667 2697,673 2662,677 2642,687"/>
                <Baseline points="2654,731 2699,734 2744,737 2779,740"/>
                <TextEquiv>
                    <Unicode>159</Unicode>
                </TextEquiv>
            </TextLine>
            <TextLine id="tr_4_tl_3" custom="readingOrder {index:2;}">
                <Coords points="2092,856 2180,825 2212,831 2242,805 2346,831 2382,825 2453,862 2508,837 2502,768 2476,770 2459,754 2425,768 2344,724 2265,734 2222,758 2200,750 2157,772 2084,752"/>
                <Baseline points="2102,824 2146,818 2191,815 2236,812 2281,815 2326,815 2370,821 2415,827 2460,842 2505,853 2514,859"/>
                <TextEquiv>
                    <Unicode>ling=Theate:</Unicode>
                </TextEquiv>
            </TextLine>
            <TextLine id="tr_4_tl_4" custom="readingOrder {index:3;}">
                <Coords points="2660,920 2695,941 2759,920 2834,963 2999,880 3145,896 3246,870 3386,894 3420,864 3530,890 3532,805 3406,809 3303,760 3104,829 3053,801 2928,841 2662,831"/>
                <Baseline points="2672,886 2684,883 2729,880 2774,880 2818,880 2863,877 2908,874 2953,871 2997,871 3042,868 3087,871 3132,868 3177,865 3221,865 3266,865 3311,862 3356,862 3401,862 3445,862 3490,862 3535,865"/>
                <TextEquiv>
                    <Unicode>Berlin N W. 40, den 2 9. 6 1904</Unicode>
                </TextEquiv>
            </TextLine>
            <TextLine id="tr_4_tl_5" custom="readingOrder {index:4;}">
                <Coords points="1975,900 1987,898 2019,916 2025,912 2032,914 2034,910 2044,916 2056,916 2054,789 2044,789 2030,799 2019,799 2007,809 1997,805 1973,809"/>
                <Baseline points="1985,880 2030,880 2060,883"/>
                <TextEquiv>
                    <Unicode>28.</Unicode>
                </TextEquiv>
            </TextLine>
            <TextLine id="tr_4_tl_6" custom="readingOrder {index:5;}">
                <Coords points="2129,906 2155,902 2165,908 2171,902 2190,908 2210,896 2240,910 2299,888 2321,894 2324,856 2301,850 2295,856 2283,845 2240,860 2212,847 2202,854 2178,845 2163,850 2159,845 2147,856 2131,852"/>
                <Baseline points="2140,883 2146,883 2191,883 2236,883 2281,880 2326,880"/>
                <TextEquiv>
                    <Unicode>Direction,</Unicode>
                </TextEquiv>
            </TextLine>
            <TextLine id="tr_4_tl_7" custom="readingOrder {index:6;}">
                <Coords points="2064,983 2107,967 2176,977 2222,961 2234,969 2273,951 2372,971 2431,963 2433,912 2354,894 2311,906 2295,892 2234,914 2192,898 2165,910 2147,900 2115,918 2068,898"/>
                <Baseline points="2078,955 2123,955 2167,952 2212,949 2257,949 2302,946 2347,946 2391,943 2436,943"/>
                <TextEquiv>
                    <Unicode>Dr. Otto Brahm.</Unicode>
                </TextEquiv>
            </TextLine>
        </TextRegion>
        <TextRegion id="tr_1" custom="readingOrder {index:3;}">
            <Coords points="2332,1323 3690,1323 3690,3228 2332,3228"/>
            <TextLine id="tr_1_tl_1" custom="readingOrder {index:0;}">
                <Coords points="2520,1395 2646,1391 2688,1409 2727,1391 2780,1409 2832,1389 2999,1401 2997,1306 2877,1300 2838,1279 2761,1330 2739,1314 2709,1332 2662,1330 2563,1289 2518,1310"/>
                <Baseline points="2532,1373 2576,1373 2621,1376 2666,1379 2711,1385 2756,1388 2800,1385 2845,1385 2890,1388 2935,1388 2980,1388 3003,1388"/>
                <TextEquiv>
                    <Unicode>Lield Frend</Unicode>
                </TextEquiv>
            </TextLine>
            <TextLine id="tr_1_tl_2" custom="readingOrder {index:1;}">
                <Coords points="2321,1608 2861,1608 3084,1681 3201,1616 3633,1636 3631,1577 3447,1529 3057,1577 2958,1535 2826,1581 2747,1545 2321,1551"/>
                <Baseline points="2332,1594 2376,1597 2421,1603 2466,1606 2511,1609 2556,1609 2600,1609 2645,1609 2690,1609 2735,1609 2779,1609 2824,1612 2869,1612 2914,1612 2959,1615 3003,1615 3048,1615 3093,1615 3138,1618 3183,1615 3227,1615 3272,1615 3317,1612 3362,1612 3407,1618 3451,1618 3496,1621 3541,1621 3586,1621 3630,1624 3639,1624"/>
                <TextEquiv>
                    <Unicode>habe Sie besten Dank für M Einzeln</Unicode>
                </TextEquiv>
            </TextLine>
            <TextLine id="tr_1_tl_3" custom="readingOrder {index:2;}">
                <Coords points="2328,1715 2899,1758 3295,1729 3475,1778 3625,1738 3625,1661 3289,1715 3218,1673 2847,1701 2719,1650 2591,1689 2326,1658"/>
                <Baseline points="2338,1696 2382,1702 2427,1705 2472,1707 2517,1710 2561,1713 2606,1716 2651,1719 2696,1719 2741,1722 2785,1725 2830,1728 2875,1728 2920,1731 2965,1728 3009,1728 3054,1728 3099,1728 3144,1728 3189,1728 3233,1728 3278,1728 3323,1728 3368,1731 3413,1731 3457,1731 3502,1731 3547,1728 3592,1731 3630,1728"/>
                <TextEquiv>
                    <Unicode>auf meine Wünsche. Ich sitze um seit</Unicode>
                </TextEquiv>
            </TextLine>
            <TextLine id="tr_1_tl_4" custom="readingOrder {index:3;}">
                <Coords points="2354,1823 2526,1839 2599,1890 2697,1839 3118,1835 3262,1873 3674,1845 3629,1788 3248,1776 3124,1811 2903,1770 2804,1817 2514,1794 2427,1734 2352,1766"/>
                <Baseline points="2364,1806 2409,1809 2454,1812 2499,1815 2544,1818 2588,1824 2633,1827 2678,1824 2723,1827 2768,1830 2812,1830 2857,1833 2902,1833 2947,1833 2991,1833 3036,1833 3081,1833 3126,1836 3171,1836 3215,1836 3260,1836 3305,1836 3350,1833 3395,1833 3439,1833 3484,1833 3529,1836 3574,1836 3619,1836 3663,1839 3678,1839"/>
                <TextEquiv>
                    <Unicode>Donnestag in Berlin wieder, schande nich</Unicode>
                </TextEquiv>
            </TextLine>
            <TextLine id="tr_1_tl_5" custom="readingOrder {index:4;}">
                <Coords points="2350,1934 2814,1930 2897,1987 3031,1936 3647,1967 3645,1886 3506,1873 3013,1918 2905,1879 2632,1910 2439,1849 2348,1875"/>
                <Baseline points="2361,1917 2406,1917 2451,1917 2496,1920 2541,1922 2585,1925 2630,1928 2675,1928 2720,1928 2765,1928 2809,1931 2854,1931 2899,1931 2944,1934 2988,1934 3033,1934 3078,1937 3123,1940 3168,1940 3212,1940 3257,1937 3302,1937 3347,1937 3392,1937 3436,1940 3481,1940 3526,1940 3571,1943 3616,1949 3648,1949"/>
                <TextEquiv>
                    <Unicode>redlich mit Morgen- und Abendproben</Unicode>
                </TextEquiv>
            </TextLine>
            <TextLine id="tr_1_tl_6" custom="readingOrder {index:5;}">
                <Coords points="2376,2019 2889,2078 3051,2062 3199,2105 3272,2072 3443,2107 3591,2088 3589,1999 3329,2036 3262,2003 3177,2042 3124,2011 2376,1979"/>
                <Baseline points="2388,2009 2433,2015 2478,2021 2523,2027 2567,2033 2612,2033 2657,2036 2702,2039 2747,2042 2791,2042 2836,2045 2881,2045 2926,2048 2971,2051 3015,2051 3060,2054 3105,2057 3150,2060 3195,2060 3239,2063 3284,2063 3329,2057 3374,2057 3418,2060 3463,2063 3508,2066 3553,2072 3595,2078"/>
                <TextEquiv>
                    <Unicode>und heneide da wenig freie Männde</Unicode>
                </TextEquiv>
            </TextLine>
            <TextLine id="tr_1_tl_7" custom="readingOrder {index:6;}">
                <Coords points="2407,2137 2587,2202 2638,2167 2861,2159 3076,2198 3201,2165 3532,2196 3530,2111 3390,2088 3272,2137 3070,2094 2993,2141 2851,2080 2664,2129 2405,2076"/>
                <Baseline points="2418,2126 2463,2129 2508,2134 2553,2140 2597,2146 2642,2149 2687,2152 2732,2155 2776,2155 2821,2155 2866,2155 2911,2155 2956,2158 3000,2158 3045,2164 3090,2164 3135,2164 3180,2164 3224,2164 3269,2164 3314,2161 3359,2161 3404,2161 3448,2164 3493,2167 3535,2170"/>
                <TextEquiv>
                    <Unicode>die auf Balkonen in die Wilder¬</Unicode>
                </TextEquiv>
            </TextLine>
            <TextLine id="tr_1_tl_8" custom="readingOrder {index:7;}">
                <Coords points="2417,2244 2770,2287 3153,2269 3394,2319 3597,2281 3595,2216 3319,2200 3224,2259 3068,2204 2640,2236 2502,2176 2415,2194"/>
                <Baseline points="2427,2227 2472,2230 2517,2236 2561,2242 2606,2248 2651,2254 2696,2254 2741,2260 2785,2260 2830,2260 2875,2260 2920,2263 2965,2260 3009,2263 3054,2263 3099,2269 3144,2269 3189,2272 3233,2275 3278,2275 3323,2272 3368,2272 3413,2275 3457,2275 3502,2278 3547,2278 3592,2278 3601,2281"/>
                <TextEquiv>
                    <Unicode>blicher und mit lebener Impe in</Unicode>
                </TextEquiv>
            </TextLine>
            <TextLine id="tr_1_tl_9" custom="readingOrder {index:8;}">
                <Coords points="2443,2358 2780,2372 2843,2423 2954,2374 3009,2405 3645,2390 3643,2328 3587,2313 3353,2305 3230,2348 2737,2336 2638,2289 2443,2307"/>
                <Baseline points="2454,2341 2499,2347 2544,2349 2588,2352 2633,2358 2678,2361 2723,2367 2768,2370 2812,2373 2857,2373 2902,2373 2947,2373 2991,2373 3036,2376 3081,2379 3126,2379 3171,2382 3215,2385 3260,2385 3305,2385 3350,2385 3395,2385 3439,2385 3484,2382 3529,2382 3574,2382 3619,2382 3651,2382"/>
                <TextEquiv>
                    <Unicode>die Wärsel gehen. Dass Ihr Last¬</Unicode>
                </TextEquiv>
            </TextLine>
            <TextLine id="tr_1_tl_10" custom="readingOrder {index:9;}">
                <Coords points="2457,2488 2542,2467 2924,2526 3062,2480 3323,2514 3366,2549 3435,2516 3554,2538 3550,2439 3491,2427 3094,2447 2984,2419 2879,2447 2705,2405 2455,2411"/>
                <Baseline points="2469,2463 2514,2463 2559,2463 2603,2466 2648,2466 2693,2472 2738,2472 2782,2472 2827,2475 2872,2478 2917,2475 2962,2475 3006,2478 3051,2478 3096,2481 3141,2484 3186,2487 3230,2490 3275,2490 3320,2493 3365,2493 3410,2496 3454,2499 3499,2499 3544,2499 3556,2499"/>
                <TextEquiv>
                    <Unicode>I’hiel in get fortskrodet, freut</Unicode>
                </TextEquiv>
            </TextLine>
            <TextLine id="tr_1_tl_11" custom="readingOrder {index:10;}">
                <Coords points="2463,2605 2583,2583 3072,2640 3240,2620 3370,2686 3544,2650 3540,2577 3475,2559 3426,2591 3240,2563 3100,2593 3027,2547 2899,2581 2672,2526 2459,2528"/>
                <Baseline points="2472,2564 2517,2570 2561,2576 2606,2582 2651,2585 2696,2588 2741,2591 2785,2594 2830,2594 2875,2600 2920,2603 2965,2606 3009,2606 3054,2606 3099,2609 3144,2612 3189,2615 3233,2618 3278,2618 3323,2621 3368,2624 3413,2624 3457,2627 3502,2627 3547,2627"/>
                <TextEquiv>
                    <Unicode>nicht sehr; und ich möchte für</Unicode>
                </TextEquiv>
            </TextLine>
            <TextLine id="tr_1_tl_12" custom="readingOrder {index:11;}">
                <Coords points="2445,2705 2877,2721 2958,2776 3092,2774 3139,2737 3216,2778 3287,2741 3558,2766 3552,2656 3256,2719 3001,2640 2883,2670 2500,2636 2443,2666"/>
                <Baseline points="2457,2681 2502,2684 2547,2693 2591,2699 2636,2702 2681,2705 2726,2708 2771,2711 2815,2714 2860,2717 2905,2723 2950,2723 2994,2729 3039,2732 3084,2732 3129,2735 3174,2735 3218,2738 3263,2738 3308,2741 3353,2741 3398,2741 3442,2741 3487,2744 3532,2744 3562,2744"/>
                <TextEquiv>
                    <Unicode>hente i.e. nal frupa, in aller</Unicode>
                </TextEquiv>
            </TextLine>
            <TextLine id="tr_1_tl_13" custom="readingOrder {index:12;}">
                <Coords points="2459,2812 3120,2883 3546,2877 3542,2824 3469,2814 3394,2830 3309,2794 3195,2822 3051,2790 2974,2814 2828,2759 2662,2792 2453,2731"/>
                <Baseline points="2469,2788 2514,2800 2559,2806 2603,2815 2648,2818 2693,2824 2738,2830 2782,2830 2827,2836 2872,2839 2917,2842 2962,2845 3006,2848 3051,2851 3096,2854 3141,2857 3186,2860 3230,2863 3275,2863 3320,2866 3365,2866 3410,2869 3454,2869 3499,2872 3544,2872 3550,2872"/>
                <TextEquiv>
                    <Unicode>Oile oh Sie in e'nd heurtest</Unicode>
                </TextEquiv>
            </TextLine>
            <TextLine id="tr_1_tl_14" custom="readingOrder {index:13;}">
                <Coords points="2463,2944 3477,2993 3621,3037 3684,3011 3680,2942 3560,2924 3285,2958 3159,2901 3003,2940 2658,2869 2583,2901 2459,2879"/>
                <Baseline points="2472,2920 2517,2926 2561,2935 2606,2941 2651,2947 2696,2953 2741,2956 2785,2959 2830,2962 2875,2965 2920,2968 2965,2971 3009,2974 3054,2974 3099,2977 3144,2977 3189,2980 3233,2980 3278,2983 3323,2986 3368,2988 3413,2988 3457,2991 3502,2994 3547,2994 3592,2997 3636,3000 3681,3009 3690,3009"/>
                <TextEquiv>
                    <Unicode>en versendenden Notis ihr nach</Unicode>
                </TextEquiv>
            </TextLine>
            <TextLine id="tr_1_tl_15" custom="readingOrder {index:14;}">
                <Coords points="2480,3090 2802,3084 2970,3126 3153,3090 3550,3116 3546,3062 3374,3088 3234,3045 3157,3059 3005,2984 2737,3031 2634,2987 2474,2984"/>
                <Baseline points="2487,3030 2532,3039 2576,3048 2621,3054 2666,3060 2711,3066 2756,3072 2800,3075 2845,3078 2890,3078 2935,3084 2980,3087 3024,3087 3069,3090 3114,3087 3159,3090 3203,3096 3248,3099 3293,3099 3338,3099 3383,3102 3427,3102 3472,3105 3517,3105 3553,3105"/>
                <TextEquiv>
                    <Unicode>supurantes Pragramn ut</Unicode>
                </TextEquiv>
            </TextLine>
            <TextLine id="tr_1_tl_16" custom="readingOrder {index:15;}">
                <Coords points="2478,3205 2597,3179 2832,3226 3098,3210 3203,3270 3327,3220 3617,3230 3613,3153 3572,3143 3485,3183 3378,3135 3272,3171 3199,3118 3059,3171 2991,3110 2656,3139 2474,3106"/>
                <Baseline points="2487,3159 2532,3162 2576,3168 2621,3174 2666,3177 2711,3183 2756,3189 2800,3192 2845,3192 2890,3198 2935,3201 2980,3203 3024,3209 3069,3206 3114,3206 3159,3209 3203,3209 3248,3209 3293,3209 3338,3212 3383,3215 3427,3215 3472,3218 3517,3215 3562,3218 3607,3218 3622,3215"/>
                <TextEquiv>
                    <Unicode>diesen Thich (Titel?) in mehr</Unicode>
                </TextEquiv>
            </TextLine>
        </TextRegion>
    </Page>
</PcGts>
