4145 4056
267 747 1737 929 Das Nähele können wir wohl mündlich
278 866 1776 1058 durchsprechen, diese die unter Freÿen die
312 1025 1884 1158 Ihr intelts rechter Brief erführt. Die freue
323 1147 1803 1290 sich sehr, der dass sehr einige Tage ent-
374 1268 1699 1386 Ihnen in seinem er sich hoffentlich
404 1362 1944 1548 gicht nis auch der Himmel gepresstecken.
429 1503 1860 1646 Ed Sincerly wie sit reeet vielleieet
441 1613 1840 1770 schlefte ich ihr kann bis ihm mit
445 1733 1466 1878 eine Pflicht nicht zeit
1031 1889 1878 2029 Glastide Grisse for die
1013 2019 1754 2148 Reide und im Gutes
1025 2166 1492 2307 Diederschen.
1474 2287 1641 2428 Mr
1564 2389 1731 2546 10
2668 661 2826 768 182
2148 743 2548 886 sing=Theater
2732 760 3583 931 Berlin pl. W. 40, den 5.10.1905
2207 833 2364 919 Direction
2105 894 2477 1011 Dr. Otto Brahm.
2250 976 2338 1098 -*—
2358 1296 3591 1480 Liebe Freund der Herrn und Dr. y
2374 1460 3526 1599 seiner Indernamaufführung
2395 1584 3634 1717 mag es entshaltigen wenn ich auf Ihr
2409 1660 3677 1813 18 Seiten nach Auswieder Zeilen ant¬
2426 1801 2640 1886 mark.
2438 1907 3687 2060 Ich freue nicht den Ruf des Lehens
2458 2034 3681 2164 aufführen in hönnen, in dieser oder
2470 2144 3718 2285 einer doch etwa noch an gewesenden
2481 2242 3608 2401 andien Form. Die Gareitie, die
2497 2354 3665 2528 th frilest nate anden nay
2493 2509 3700 2652 setzungen nebst, halte ich anfieht,
2511 2632 3685 2787 and selle alor somik in that
2503 2740 3616 2883 Disposition - uor bitte ich Sie
2505 2850 3779 3024 nicht – geschienen Falles – in den Termin
2491 2964 3724 3142 fragen ein gewisses. Entgegenkommen
2503 3114 3624 3242 zu deressen, sofern ich in die
2511 3209 3789 3352 Laß können sollte, dieses im Maaßen
