3865 4104
109 798 1528 959 Upe die schöne Pom höbe ich iset zu
117 918 773 1070 Minuste contraventes.
141 1031 1556 1155 We are est may Eperlistes in halber
164 1136 1676 1307 Ich haben in den Meynastinung mit
160 1225 1588 1377 ¬blex tia Tritsel, heffe da Mioort
186 1362 1608 1503 abniesen mehrt auf Helptend. Lacht¬
209 1454 1550 1610 is Ia richt in tereter Nassae left
224 1584 687 1706 in wippe?
220 1671 1716 1853 Ich nichte zum von Ihrem afahren, wie sich
252 1798 1635 1945 liste die Ferichtigen in Wien sich in den
250 1872 1701 2079 Gustspil der Reiment stellen? Wenn
265 2026 1657 2195 Bátine Bächte sind zu videspeitern, den
290 2137 1223 2289 am gar kein Bild leicht.
286 2214 1599 2419 Die Hoffrau wirke ich Ihm wirk¬
303 2337 1669 2510 den Polstii, um Sie ihn nicht bericht¬
325 2470 1648 2628 behalte ich noch und hoffe, dass Sie ihn
331 2555 1597 2722 riss in Raht ableben. Ihn werde ca.
342 2647 1563 2858 den 26. August wieder in Berlin sein,
344 2790 1569 2955 A messe très dehier stets Dr. Thesta.
724 2974 1366 3115 Merker Ge’s geti
1157 3100 1588 3243 Hentrich Sr
1368 3191 1689 3379 O’Bielman
2572 690 2686 818 59
2570 794 3091 926 Berlin N. 20, den
3110 944 3343 1087 ville.
2668 943 3072 1074 Helgalert,
2869 1055 3426 1251 Gäthe 19.7.89
2453 1411 3157 1561 Liebe Herr Schützler
2241 1674 3514 1846 für zu erfährten Bericht darle¬
2265 1800 3437 1972 of Tho rhiestens. Es scheint mit,
2278 1923 3480 2088 dass is in withlise en den Zeit
2295 2054 3462 2209 wir, den Wieder des richtige
2306 2143 3493 2316 fesante Jubde Thessor ce reçu
2329 2280 3431 2406 und ich werde diese lüggehegt
2331 2393 3588 2566 Idee in für 19 or cragiere rufelen.
2453 2517 3561 2651 The Brief on Hayen.ichtwe
2331 2607 3446 2765 Schreibchen geändert, an die
2363 2732 3567 2886 Wilfahr mit seine Nieder nahricht
2382 2835 3603 2972 und, und ohne weitere soll ich nicht
2374 2920 3559 3093 rühde/ Adresse von Ihm zu sehen,
2384 3021 3386 3174 est, wenn a, weil verteil
2380 3151 3113 3294 hat, ich verzeigt
