3871 4121
313 714 1769 844 Nun die Reise die Sie vorhalten und des
2063 735 3551 933 mit Basseman – Wlemens werden wir also
312 857 1805 993 schon jetzt etablirte Gerdelsigstem erwarten
2107 873 3657 1049 fertig worden, für den Limerde leichtet et
344 962 1858 1118 Stadt und Land bereide ihr Sie; dieser
2119 1000 3502 1130 mit absolut nicht ein. Dasen Hahn
354 1078 1788 1200 Könnte liegt schwer auf mir (wann ist es
2146 1091 3671 1267 nicht zieht hat ich Ihnen ja wiederholt
370 1175 1927 1335 das Acta -) und ich wollt es wäre Schlafers
2173 1186 3282 1337 gesagt; wahrseitste Kugestel
395 1291 1718 1409 zeit. Was macht denn eigentlicher der
2179 1314 3609 1473 Nthigens entbinde ich Sie jetzt von den
399 1368 1695 1554 liebe Hage, es schwegt ja in siehen
2200 1422 3615 1598 trefflich grühten Schweigepflicht betr. des
418 1494 733 1620 tungen.
2225 1538 3673 1712 Rastspiels.ut hat ich sich in Anfangs
1053 1606 1652 1755 Haslich grössend
2243 1652 3665 1832 tage geint, de est c'est une lendemain plus
1395 1753 1523 1869 Mr
2233 1800 3620 1950 [illegible] am 16. Mai. Das mit dem Gefen¬
1442 1846 1827 2001 Otte Bealein
2254 1912 3574 2070 n't que Bewenthen wollen wie aber doch
2256 1991 3622 2159 festhalten, nicht wahr? - Auf des Grau¬
2272 2119 3580 2283 Schauspiel bin ich fréliste weniger neu.
2270 2219 3624 2407 Titif, als auf die andern schöne Iesen
2285 2353 3560 2521 (Anl. des Romers, si enghiersig s’est
2322 2454 2997 2610 wer "Ochsen" nicht
2328 2570 3628 2723 Denken Sie, ich bin Sie den Ihren
2307 2659 3589 2844 holl absolut nicht auf den Verkauf
2322 2754 3537 2943 Gehmmen. I plerthe tak iin shin
2343 2875 3543 3042 rührt sich empfohlen. Begreifs, wie
2359 2995 3456 3141 mann. Shee seyt etc zu gesezt?
2345 3082 3526 3259 Alle Directoren sind w. Natürlich
2349 3218 3373 3338 mit Ansechne von Schleuthoff
1465 3379 1647 3506 am
