3790 4104
290 751 1852 959 Als auch bin ich mit dem Danken nicht
317 908 1819 1054 forty; die Heylsätte hiemit nach, die
315 1044 1778 1177 Makenny, die ich Ihrer Spindigheit
340 1118 1708 1291 gegenähr dem klinpelnden Neumann
356 1241 1826 1432 shulke! Wenn ist sehe, Sie thun recht
377 1383 1710 1494 direr, so spartenisch zu denken, so
395 1496 1778 1663 worden Sie meinen: ich bin perteisste;
414 1601 1875 1745 sich seyn es schor doch. Dieser Gsereftl.
436 1694 1815 1873 haher kan vielleist durch Glück
451 1782 1733 1972 Gefolg habe (heim Rector ist ja
443 1933 1832 2104 alles möglich,; durch eine zulbevorste
457 1988 1309 2163 Truitigkeit sicher niet.
477 2155 1842 2301 Sie sind aber ein flässiger Herr, das
494 2270 1739 2381 mass ich sagen. Und das alles neben
506 2338 1854 2482 da aufreitender Praxis (ich meine
525 2429 1747 2591 als Aert). Ma wird es natürlich
539 2542 1694 2696 das Liebste sein, wenn ich alle
562 2630 1673 2809 Ihre Stücke a man Häusl
548 2746 1714 2896 bekomme, us ist sehr ihnen
568 2851 1801 3032 mit gespannten Erwertung und
580 2976 1842 3135 dito Glahn entgegen werden Sie
593 3067 1877 3248 sich nur bald an des vomxer¬
611 3139 1850 3340 iss, wenn ich betten kirftié
2964 2254 3046 2371 8
2538 2213 2639 2371 bre
2680 2270 2803 2402 nicht
2367 2359 2857 2528 rich Chim.
2155 2367 2320 2482 the
2818 2431 2908 2583 pr
2087 2445 2513 2600 Martino di
