3806 4103
894 1754 1414 1844 Berlin, den 7.3.07
834 1828 1165 1901 W. Luisenplatz 2 m
265 1814 622 1909 Dr. Otto Brahm.
275 1920 1518 2064 Liebe Herr Schützler, ich habe Ihm
282 2038 1524 2154 Brief dem Ende zweise erst heute mögen
304 2132 1520 2234 im Bureau nachfänden, sonst wäre ich
310 2220 1532 2315 Gehn gekommen. Wir werden uns also
320 2289 1487 2405 leider tiefmal nicht schon ich fahre
308 2375 1487 2456 Ahends naer Meran, allein ich morgen
326 2430 1442 2526 den Dammmer hatten werde. Hüssel
402 2513 1344 2607 grossed Mr Otho Mahon
2648 712 2738 818 24.
2562 767 3531 928 Berlin N. W., den 8. Mai 1901
2297 936 3564 1169 Lieber Herr Dr. Schmitzler
1930 1002 2056 1161 F.
2370 1185 3527 1363 Es ist mir eine herzliche
2018 1312 3517 1503 Genugthuung zu sehen, daß
2007 1418 3556 1589 Sie meine Speizathie für Ihre
2022 1538 3472 1689 Person ebenso erkennen wie
2020 1622 3570 1805 ich sie fühle. Meine Anfrage an
2009 1742 3586 1909 Entrich wegen Freuwild war
1989 1877 3590 2044 freilich einstweilen nur eine vor¬
2001 1954 3572 2146 läubige, da ich mit dem Dispositio
1981 2075 3546 2252 nen für das Gastspiel noch nicht
1985 2175 3535 2297 im Reinen bin. Sollte es mir
1989 2295 3588 2485 möglich erscheinen, das Stück zu
1979 2366 3601 2595 mier Zeit die Ihrem Wunsche ent¬
1977 2507 3592 2689 spricht, herauszubringen, so wer¬
1983 2609 3621 2803 den ich nicht verfehlen, mich deshalb
1995 2715 3609 2925 noch einmal an Sie zu wenden.
2428 2827 3348 2980 kochachtungspoll
2195 2895 3605 3152 deutsches Theater zu Berlin
2754 3064 3144 3262 O Beahin
2395 3246 2868 3405 Viele Grüsse
