4035 4088
699 663 1331 831 1 P.M. C
207 767 1740 969 Künstlortheaters zu sehen — alles hier
209 916 1449 1064 Prapst, wie der Direkter sehr:
232 1008 1792 1217 Bitt seper i.e. mit, wie der Fällliche
279 1190 1730 1275 sich weiter entrichdt. Und nehmen
302 1310 1356 1461 Y'r heralische Grüne Uns
2573 694 2734 806 231
2794 810 3551 959 Berlin WW. 40, den 22.4 190.5
2073 810 2480 947 sing-Theate,
1986 874 2304 961 Diektion
2042 942 2408 1033 Dr. Otto Brahm.
2552 1232 3061 1414 Lieber Freund,
2321 1548 3582 1690 herte schient endlich die Sonne mal
2329 1653 3569 1796 wieder, (che Feier der Wieder erp¬
2340 1740 3524 1936 nahme der Lehr Stunden und sie
2356 1860 3610 2048 wird hoffentlich auch nach Währing
2387 2003 3612 2174 Meyer must his Fran Olga and
2375 2118 3548 2280 I have the schayfer yeis to
2368 2226 3544 2381 vertretten. Schön wir's, mein
2393 2350 3664 2530 mit uns in Mai treffen hiertes,
2387 2453 3610 2658 da m wieder herum; ik
2377 2577 3540 2776 derche daran im unsern Grund¬
2372 2709 3627 2920 Gasttagen weg, am 8. Mai nach
2368 2823 3650 3017 M. en faheur, dahin, wo Sie sind
2373 2955 3515 3110 in Bagern nur Gebehängst
2389 3061 3598 3236 und dem Mitte Mai an den
2410 3168 3480 3344 Dörffung. Mr. Meinzener
