4003 4056
84 772 1589 930 was die Besetungsfrye act betrifft, so gete ich
97 890 1574 1029 ohne Weiteres Ihnen in dass Eteile bis Fran¬
133 1004 1564 1122 Agnes an allerbesten aufgehoben wäre, und
154 1118 1554 1242 dun die Dastellung dieser Rolle wohl nach
179 1234 1633 1334 wegeltiger ist, als die des Amadens. Denach
190 1337 1720 1444 beriffe ist, auf wenn ich richt Ich wiee, sondern
200 1414 347 1480 andite
223 1463 362 1532 ein
354 1419 1688 1581 Freund des Diehtels, das bei der Aussicht
240 1564 1633 1667 auf einen Amadens - Erinterstin uder dergl.
261 1655 1684 1793 das Zünglen an der Brange schwachte; und
263 1772 1695 1907 es äschsist wie darum in die That das
280 1884 1596 2010 Reste noch das andere Werk abenwarten
318 1979 1734 2132 um das Per nicht Contra mit Ihnen verent.
331 2092 1659 2250 abwägen an können. – Wenn wirklich der
352 2198 1734 2379 it as herhadt. Theaties, wee Sie schreiben
370 2328 1654 2476 seine Arbeit mehr entgegenkommt, als der
392 2452 1768 2587 ersteige, so würde es geschehenen Falles nicht
398 2566 1770 2697 Aufgetr sich, - wie jedem eigen ertigen Brief
417 2678 1766 2821 gezeichte – aus den Stil' so entgegenkommen.
413 2777 1705 2926 zu motifischen, wie die Sache es verlangt
431 2892 1732 3031 einiges Vertrauen in die Verwirklichung
436 3012 1775 3126 dene Abricht gleich das Brehn. Theater
436 3111 1591 3259 von dem Dichter des Einsame Weses
482 3231 1791 3404 erwarten an diesen. — Wie weit sind Sie
2448 631 2595 728 168
1939 680 2385 836 sing=Theater
3058 720 3391 838 190...
2547 749 2998 859 Berlin N W. 40, den
1800 752 1901 916 21.
2014 812 2191 882 Direction
1918 857 2290 958 Dr. Otto Brahm.
2585 973 3459 1084 Villars ser Ollon 21.7.05
2751 1082 3065 1242 I have.
2436 1311 2863 1446 Lieber Freund!
2174 1509 3519 1663 Ihr Stich habe ich in Agn. noch erhalten,
2189 1634 3499 1770 besten Dank! Ich finde es sehr fein und
2200 1732 3519 1865 lehng, freilich von dem, Geldnauschen Lust¬
2210 1852 3454 1987 spid sehr mit entfernt; we ich freye
2227 1960 3385 2084 misch, ob nun es als Komödie richtig
2227 2048 3549 2176 bezeichnet de das haniderlefte Grund¬
2252 2160 3469 2286 noten besonders in Ausgarz so dass
2273 2265 3452 2393 und schon genommen ist: hier verliebte
2288 2381 3557 2509 sich erste die trefflisse Milden -, pardon
2290 2463 3429 2614 Ontenburg nu sehr in eine geistreiche
2326 2576 3429 2722 Besthaftigkeit. Sehr gut wird an
2318 2694 3439 2825 erste Mitschluss auf der Rühne,
2345 2798 3387 2917 werhen; ob das Gänze ein eters
2341 2886 3454 3019 bruftiges Theiterstich ist, wie es
2345 2997 3534 3143 das Werk eines feines mit selinnen
2374 3094 3492 3267 Geistes ist, mag die Inhaft von
2364 3198 2585 3330 Chen.
