3959 4040
2056 735 2570 883 Pesting=Theater
2771 794 3606 910 Berlin plW. 40, den 4-9 (90.5)
2229 833 2380 900 Direction
2134 888 2501 978 Dr. Otto Brahm.
2570 1212 3062 1410 Pieter Freund,
2392 1464 3599 1618 den Sie meinem Hamburger Brief
2400 1578 3651 1729 so völlig nicht rastchen konnten, bleibt
2433 1709 3637 1838 nur auch nach Ihrer freundlichen Ans¬
2431 1808 3646 1966 einzutäschig in vajestät unbegef¬
2430 1916 3607 2079 lich; und ich man Sie nach die Gr.
2433 1990 3576 2170 lantain litten, y aak feludkin
2445 2151 3554 2299 nicht in rastchen, wie Sie, ohne
2453 2237 3473 2399 meine Antwort ebenwarten, das
2483 2353 3655 2518 Stich das ist zwei Monaten in meiner
2483 2470 3595 2648 Händen indem, dessen Bextrag wir
2495 2573 3663 2723 vielfach besprochen hatten, aber dessen
2503 2657 3649 2836 Titel wir belathen hatten u.s.w.
2529 2797 3705 2967 wie Sie dieses man mit so mir dürften
2537 2870 3612 3059 Bile nicht wieder entzlichen konnten.
2673 3026 3617 3143 Deshalb mit aus den Ihren
2504 3062 3662 3238 sonst schon bekannten Gründen, richtet
2518 3170 3606 3352 ich mein Krank lebhaft darauf,
