3888 4135
278 651 1906 821 haten gewesen, bis ich ich sie gern herangeholt
290 754 1796 908 Zumahler gleich ich dass aus der Helms
314 876 1928 1022 möglichteweise etwas eigenartiges herausentragen
335 961 1918 1141 ist for the Intella. Und dus Feuer dieihal
367 1077 1839 1237 müssen w'k nach Rechten schönen – lummer Sie
383 1206 1817 1344 und remeritig tat und mehr ihr xxx.
401 1306 1950 1446 For Benossa hatten ud van juyer Mann
428 1417 1952 1561 van vielmehr 2 in spe, die etwa hede nicht
448 1541 1942 1685 in the Gesprung getreten ist, wir sollen
448 1636 1884 1798 also nach einem neuen. Die Mitglücken
450 1746 1900 1918 am Horen nehme der Dumont schien mir
485 1841 1942 2068 dese Andenklich. Die 19 Jahre der Rosine
503 1981 1922 2125 härte ja ja nicht auf dem Zethl zu
523 2103 1908 2251 niln thun behaupten vor sie sei 22/2.
531 2224 1914 2370 Iraliendiren sind ja früh so reif wie
560 2344 799 2459 14 D.
582 2445 1877 2589 Wir haben bester, um wenige kleine
598 2567 1813 2727 strisse gemeht, mit denen die gewiss
600 2684 1938 2806 einverstanden sie wieder, etwaige unter
608 2786 1894 2914 wollen wch bis ein Phaden kommen
624 2879 1888 3035 nastrieben. At heea in II. eket stet,
231 2883 509 3009 and D. L. : Ju
239 2984 537 3072 hinnen ins
639 3007 1950 3163 im Lessing, Schade, den 4 u mir darüber
255 3053 523 3153 ank – elke
661 3106 1896 3283 sehen in Agneten dort Ihren Willen
245 3128 539 3238 2 bisher, wenn
231 3214 515 3353 Sie’s zu der
647 3234 1472 3380 ins Hk geprigt hatten.
2707 620 2824 734 122
2684 724 3637 882 Berlin N. 20., den 8. 2. 1909
2540 1196 3307 1336 Lieber Herr Wittler
2380 1377 3670 1616 du Besitzung folgt anbei. Weshalte
2386 1533 3645 1691 sollte Fr. v. Güllich die Frau Nardi
2407 1636 3643 1788 nicht leisten hönnen? Sie ist doch alt
2429 1754 3660 1912 gebracht siehe IV. Akt wir es von ihr
2459 1855 3672 2044 höchst, wie habe das künkste, alte
2457 1969 3688 2139 Wirt uner einlassen wollen. Mit die
2455 2088 3670 2261 bei Meister Qualitäten reisten Kop
2488 2198 3639 2368 for die kleine Rolle absolut aus
2492 2305 3696 2459 Sie der sonst Trefflischon. Für die
2498 2417 3741 2587 Dumont häte ich Rosina gerichtet,
2508 2542 3684 2680 da diese mir als die wirkliche, mehr
2524 2638 3609 2826 sentrale eröffneren, mit Lavenia
2532 2745 3684 2918 reglichen ich glück das wird die
2526 2863 3704 3027 D. schr. gut meinem mit den Vor¬
2528 2987 3666 3108 tism sieht es allerdings man
2530 3090 3755 3240 so so aus, mein Ausde innerlath
2538 3181 3680 3327 nur aussahalte des Gesaubles an
