3947 4055
52 794 1654 928 und werde ich gein ernigsten, wenn Sie nicht dieses
28 886 269 956 Germarsch
66 902 1616 1021 stiften - ohne an den Worten: 4-1 acht es noch liegen
106 992 1612 1101 sicht. Und das wird hoffentlich in rechsten ein
130 1097 1652 1229 venn du varieftig best » Diese wolte sind sehr gut
130 1183 1676 1327 als Einleitung an etwas Präzischen, Aufschluss gebruder,
138 1305 1430 1440 so we sie jetzt dageben, seyen sie in mey.
291 1436 1650 1606 Berlin ist auch den schl. schweren Tagen der
154 1528 1634 1690 ohne in hartde Bissen. Auch ich würde den m
190 1638 1628 1805 eigenthämlich belehk, geneinsame Zeiten häufiger
213 1736 1622 1891 wiederk einen hinnten. Mit vielen guter Grösse
237 1849 1608 1997 for The Tras, &c and den erpunishKishen
255 1921 704 2067 Knahn 1st
690 2027 1055 2159 Braham
2416 708 2568 812 184
1817 770 2324 934 Tessing=Theater
2524 786 3378 946 Berlin plW. 40, den 25.10 1905
1999 884 2149 952 Direction
1887 926 2262 1043 Dr. Otto Brahm.
2424 1237 2867 1361 Licht Fund
2175 1452 3497 1580 für die beiden Einstimmel dankte ich bestens,
2206 1568 3395 1682 man sich aus mehr der gute wille er
2206 1662 3493 1778 chun afent (tamen ist landande volustes)
2226 1762 3529 1863 als dass ich den, für nich, so irgenden Pacht
2258 1847 3511 1981 getroffen fände. Mir will es scheinen, als häme
2278 1943 3521 2087 es darauf an, Publikus durch das Sprax¬
2258 2047 3497 2179 roher Albertis etwa Folge des noch mit entheilen:
2282 2173 3455 2276 und in Aar ders regt sich primär die
2274 2244 3461 2378 Mentendlast, die Cielie ist es mehr
2302 2356 3511 2490 rachtete Empfindung, Stolz, Sprüdigkeit.
2320 2448 3511 2582 die sie zum Firsten nicht, und nach ist
2336 2552 3501 2685 der Augenbliche da, sie zu halten; und die
2344 2631 3479 2789 aber nachsäumt, sie geht die Welt unter
2338 2743 3511 2873 die Amadens- und Ceilien-Welzschen
2338 2857 3491 2994 werden Sie mir unprokéalisch seyn, dass
2352 2949 3439 3108 das alles schon der steht, ist finde es
2350 3058 3509 3188 aber nicht deutlich genug, und hätte
2342 3154 3553 3292 möglichstopelissh: du musste es dienst
2362 3240 3559 3392 sagen! Auf das Geistriebel über Sigis¬
