3929 4087
354 1271 1527 1517 Zwar nicht in günsteger Weise.
336 1417 1771 1653 Es tritt nun die Junge auf: Verein
378 1545 1689 1821 hat her Dr. Schnitzler sie durch
366 1723 1787 1927 in wissischer Sprache erlaubt, und mir
352 1833 1797 2041 dedurch eine Schaden zugefügt? Mir,
342 1969 1815 2179 Nach ihm bereits vor Jahren in Reßland
362 2103 1711 2317 eingeführt habe? Und daß nur ein
364 2247 1829 2470 Schaden dadurch zugefügt wird, daß sein
420 2369 1847 2564 Dtück vor mir aufgeführt werden.
392 2518 1505 2748 ist ja nicht anzezweifeln.
390 2606 1931 2920 Y Frage Sie nun, habe ich unter diesen
2057 1195 3590 1443 Umstände irgend welchen Anlaß, auf
2089 1331 3702 1571 Herrn Dr. Scheitzler Rücksicht zu nehmen.
2069 1481 3592 1707 Es könnte aber noch angezeigt hier
2093 1623 3518 1815 daß ich durch eine gute Aufführung
2093 1733 3646 1949 des wieder gut mache, was die Russen durch
2085 1867 3676 2079 ein allen Anthön nach recht schlechte Über¬
2113 1995 3622 2219 setzung verbrachte haben. Ich würde zwei
2107 2091 3628 2313 N. Schnitzler schließlich noch eine Dienst
2111 2233 3534 2432 erweisen, wenn ich mich auch über die
2123 2341 3658 2574 Absprechende Kritik hinwegsetzen und trotz
2131 2450 3652 2670 dieser das Flück zu Empfehrung brüchte.
2159 2602 3600 2824 Herr Dr. Spürtzler wird ja in dieser Tage
