4071 4007
2058 530 3735 693 mit den namentlässt und, eher’,
2073 637 3701 783 richt im F. Acht? - Damit ich meinen Stund
2098 739 3705 908 ehr nicht ganz verlangte, fehe ich hören, dass
2094 841 3647 1019 mit andeles ertheilich oder zu ausführlich,
2136 948 3699 1129 erscheint, u. B. die Beschlung um allen Kla¬
3104 1075 3716 1217 icht dieomen.
2144 1056 3171 1219 verspielen, der Kritungen
2186 1165 3693 1323 die Erklärung des Bildes in I. Acht, der Ge¬
2198 1265 3684 1432 entlich Interes stande, zu dass, von diese
2192 1371 3668 1516 Dängersprüchet werden Ihrte genommen würde,
2171 1488 3735 1645 Er die Aufstellung über die inden Vorjäge
2215 1624 2971 1743 in Johanna n. A.
2282 1703 3661 1866 Die Besitzung drükte ich m. Professu¬
2221 1822 3714 1971 Sand. Gattich - Paulz. Félix-Stiela
2328 1925 3720 2071 Johann-Trück. Gelier-Rittner. Sala¬
2355 2042 3609 2188 Bassamam. Mone - Ehnen 1 die
2376 2129 3735 2296 haffentlich keine Gereidigkeiten müste,
2367 2248 3599 2396 Docte – Gedicht. Wa keine erst
2392 2344 3668 2520 datuta mindere nicht verhandeln Sie
2390 2461 3747 2618 bloßen noch in Wien? Wie gehe Dienstag
2438 2576 3764 2768 um hil fort, allerle- Lerke erschen
2467 2685 3772 2841 und könne heffetlet in der über
2488 2808 3712 2973 Lichsten Wocke noch ao. Briefe treffen
2482 2910 3687 3083 nach ihr des Theilen zu besten.
2478 3048 3645 3165 die sie höchst geführt und
2509 3123 3712 3240 bedankt so ihr werde, eine seine
