3895 4120
294 752 891 883 lässigt werden.
315 852 1880 993 übrigens wird Indemnis Ihrich einesfalls
296 964 1826 1130 an Oude nächster krath, vielleicht auch
303 1074 1009 1210 Pieter, hera as hommens
311 1175 1882 1353 Das Reater an d. W. stand mir bis Neu¬
313 1289 1853 1476 sehr vor Verfügung, da trat ich zurück und
325 1405 1876 1604 glaubse sich dass es zu schnell unterragten
340 1513 1871 1693 wirde. Ich treue ist allmacht darum,
330 1588 1803 1782 den es mir für unsere Zwecke noch be¬
336 1733 1882 1884 deutil’ste mit erscheint. Mit dem Fall - Ph
336 1830 1778 1981 habe ich schon angehängst. Sobald etwas
350 1932 1826 2110 angemacht ist, erfahren die es. Bitte lassen
348 2012 1857 2226 I’e sich mit ein besschen Zeit, auch wegen der
354 2124 1789 2340 andere Fragen, es ist alles eingeleitet, aber
342 2253 1768 2437 or Hierhall geht es n'est damit? For
348 2327 1836 2593 Bales hebt es natürlich die der Vettbindung
381 2414 1884 2657 Litchei – Kahada. Bessinnen kommt ratis.
369 2555 1882 2775 lich mit hat über Bedenken, ob er den Elemens
371 2667 1768 2870 mit einem Wierrth um in Wien wegen kann.
371 2721 1805 2982 das Spielt die Rolle sonst sehr gern, wie er
359 2846 1898 3084 mit segt und wenn es ihm auch mit seinen
356 2941 1863 3169 Bedenke zurückst kenst ist, so glach ich
383 3036 1874 3264 Noch - falls Sie es, wie sie umahme, nicht
373 3129 1820 3378 theilen – dan es eine sehr gute Werkung
408 3243 1741 3395 auf ihr machen würde, wenn Sie es ihm
2827 701 2935 798 98
2717 754 3681 947 Berlin N. W., den 27. Jan. 1902,
2417 862 2872 1107 Herrn
2477 987 3672 1156 Dr. Catha Schmitzler
2514 1132 3689 1310 Wien IX, Frankgasse 1.
2290 1283 3648 1484 Sehr geehrter Herr Doctor!
2439 1445 3724 1643 Auf ihr gefälliges Schrei¬
2120 1563 3656 1699 ben vom 24. Oct. erwidert.
2139 1673 3685 1863 Ihnen Herr Dr. Brehm nicht
2110 1774 3687 1944 meilen nur ergebenst, daß
2087 1882 3724 2075 er gegen eine Vorlesung der
2060 2017 3648 2197 letzten Marken zu einem
2043 2108 3639 2296 Wohlthätigkeits zweck nichts.
2056 2245 3714 2412 einzuwenden hat. Den Ge¬
2054 2342 3718 2510 genvertrag werden Sie wohl
2060 2458 3656 2638 inzwischen erhalten haben.
2356 2547 3316 2767 Hochachtungsvoll
2628 2723 3590 2901 und ergebenst
2271 2829 3722 3080 Deutsches Theater zu Berlin
2796 3011 3080 3190 1.0.
2686 3163 3617 3357 Dr. Maria Elverlitz
