3969 4055
600 887 2007 1051 wie der chiliste Bürger zu seyn pflegt?
600 1003 1890 1129 Ich glück, mündlich und wiederisch
595 1097 1961 1293 leht das besser. Eine directe Bestätigen,
595 1206 1965 1380 der Mietens von B. Mei etc heim dan
581 1307 839 1439 Folgen.
582 1414 1874 1575 Da wir quade von Beyer reden: die
565 1500 1997 1714 hat mir partiedenes im Ihn noch Haupt¬
566 1628 1959 1801 mane schon freigegeben; deshalb bitte ich
593 1719 1954 1926 Sie, megen Zwischenspiel, des Nötige in
579 1824 1861 2054 werden, vielleicht sieht umgehend, da
577 1956 1952 2166 heute ist die Zusey der hohen Intendenz
556 2040 1920 2269 an nich gelangte, - item 15. Mai müsse
586 2159 1934 2421 ist aber dort dabei sein, so nahrein auch
586 2271 1781 2483 Ihr nicht Brüvni auf nicht werhen.
570 2396 1945 2615 Nun bten Sie wohl lieber Freund, und
586 2499 1869 2729 Gunn Sie Fr. Olga haubst, en die
574 2586 1781 2816 wch mein Dank an T. I. gleichfalls
595 2688 1407 2882 bethaft rückt. Ihr
1398 2797 1831 2968 Malenx
