4040 4104
329 786 1809 934 immer mehr cazweifelt. Hieter spielen die
356 891 1758 1008 tehrieben Fragen gar keine Bollex dies
350 1013 1912 1155 est alles geraient que qu'il s'agillerie est
366 1113 1821 1284 imbreitet etc. Aber das Paradose und für
381 1204 1824 1383 man Gefühl – Sie verstecken – Verschröbene der
387 1293 1877 1476 Idee nacht nicht einmal mehr Bedenken,
385 1430 1795 1579 nicht an sogenen Bergen; und die nachsten
391 1537 1821 1694 Lunschen Wendungen sehr ich die Gefahre der
391 1607 1793 1811 Verhihnung, M.B. wenn Pusla sagt: Du
405 1743 1799 1896 is just ave todter th his with and men
383 1803 1799 2021 Parla rustept ud dan Puiſer legint.
375 1931 1766 2143 "Bvor dies von Thun". - Wenn das das Balmer
389 2003 1828 2221 Gremiden tötlichem ahn wirklich noch sein.
422 2145 1949 2348 so wird der abgehöchte Ihnen die Vortliffung
428 2237 1784 2431 vollenden nicht entweder eisiges Schwager oder
426 2353 1784 2507 etwas Ihleandes the ditumt sin. Den
430 2423 1838 2649 kunst da ganze Abend ein unglichtlicher
418 2505 1714 2731 werden wieder krank ich nicht zu seyn.
424 2624 1828 2814 On werden me gewiss schwer, Ihnen dies alles
424 2721 1879 2914 In Schreiben, denn ich aber wie Ihnen dabei
432 2863 1838 3021 En Matte ist - ald besser bewehrt ab
443 2933 1770 3093 behlegt; und lieber will ich Sie durch
438 3052 1715 3209 Reden zu stimmen, als durch Schwager
455 3122 780 3258 shid you.
432 3209 1887 3380 Grahtsch betrachtet, fragt es sich nun, ob Sie
