4035 4088
2586 345 3002 514 " " " " „ „
2198 613 3699 833 Der Jänner – Gemmering ist mir 2. Zt.
2222 709 3835 961 weifelheft der das ist an eine Früh¬
2194 890 3711 1072 lingsfahrt neue Gries oder dgl. Von
2238 1032 3829 1207 kommt mit? - Die Verhandlungen ist
2255 1168 3888 1341 Barnroshy med Blumerthal sind so gut
2281 1298 3886 1477 wie beendigt; die Freiheit wirkt und
2308 1436 3780 1609 ich winke wieder. Von Kleist kommt
2314 1580 3839 1745 eine neue Auflage noch vor Weihnachten
2316 1729 3697 1869 ich habe eschekelhaft mit den
2358 1838 3861 2021 Carresteren nu vleffen schatt. Schön¬
2360 1989 3766 2127 dun. Sie arbeiten. Sie müssen bis
2389 2133 3876 2265 1914 noch sehr Schönes schreiten; ehr
2417 2324 3128 2431 nachher auch bitte.
3309 2391 3508 2521 Mr
3494 2435 3719 2655 S3
