<?xml version="1.0" encoding="UTF-8" standalone="yes"?>
<PcGts xmlns="http://schema.primaresearch.org/PAGE/gts/pagecontent/2013-07-15" xmlns:xsi="http://www.w3.org/2001/XMLSchema-instance" xsi:schemaLocation="http://schema.primaresearch.org/PAGE/gts/pagecontent/2013-07-15 http://schema.primaresearch.org/PAGE/gts/pagecontent/2013-07-15/pagecontent.xsd">
    <Metadata>
        <Creator>prov=READ-COOP:name=TrHtr:version=2.1.0:model_id=51170:date=25_07_2023_23:35</Creator>
        <Created>2023-05-02T07:45:03.157+02:00</Created>
        <LastChange>2023-07-25T23:35:20.678+02:00</LastChange>
        <TranskribusMetadata docId="1416705" pageId="54951237" pageNr="323" tsid="130850052" status="IN_PROGRESS" userId="64420" imgUrl="https://files.transkribus.eu/Get?id=YACHHTKJXXZTXBFRNSTEAFXB&amp;fileType=view" xmlUrl="https://files.transkribus.eu/Get?id=AZTPMPWZDOFHNDBWOUOMMFMP" imageId="44454963"/>
    </Metadata>
    <Page imageFilename="1416705_0323.jpg" imageWidth="3946" imageHeight="4088">
        <ReadingOrder>
            <OrderedGroup id="ro_1711829801606" caption="Regions reading order">
                <RegionRefIndexed index="0" regionRef="tr_2"/>
                <RegionRefIndexed index="1" regionRef="tr_3"/>
                <RegionRefIndexed index="2" regionRef="tr_1"/>
            </OrderedGroup>
        </ReadingOrder>
        <TextRegion id="tr_2" custom="readingOrder {index:0;}">
            <Coords points="250,651 3527,651 3527,2307 250,2307"/>
            <TextLine id="tr_2_tl_1" custom="readingOrder {index:0;}">
                <Coords points="2594,794 2613,803 2641,792 2664,803 2682,794 2690,803 2705,788 2763,784 2756,606 2703,594 2667,615 2641,615 2628,628 2588,623"/>
                <Baseline points="2601,701 2646,701 2691,704 2736,704 2763,707"/>
                <TextEquiv>
                    <Unicode>282.</Unicode>
                </TextEquiv>
            </TextLine>
            <TextLine id="tr_2_tl_2" custom="readingOrder {index:1;}">
                <Coords points="2835,873 2865,875 2936,839 2985,863 3012,845 3032,856 3138,813 3209,813 3232,828 3237,734 3202,722 3181,739 3164,726 3109,745 3025,726 2987,749 2968,732 2865,737 2842,724"/>
                <Baseline points="2852,781 2882,781 2927,781 2972,781 3016,778 3061,778 3106,775 3151,772 3195,766 3240,766"/>
                <TextEquiv>
                    <Unicode>Berlin WW. 40, den</Unicode>
                </TextEquiv>
            </TextLine>
            <TextLine id="tr_2_tl_3" custom="readingOrder {index:2;}">
                <Coords points="2173,822 2274,784 2327,811 2359,794 2453,790 2496,826 2549,843 2600,828 2592,713 2551,726 2517,717 2502,732 2451,698 2421,694 2393,717 2319,713 2270,687 2167,728"/>
                <Baseline points="2184,799 2229,787 2273,781 2318,778 2363,775 2408,778 2452,781 2497,793 2542,805 2587,817 2601,820"/>
                <TextEquiv>
                    <Unicode>Gesing-Theater</Unicode>
                </TextEquiv>
            </TextLine>
            <TextLine id="tr_2_tl_4" custom="readingOrder {index:3;}">
                <Coords points="243,835 596,910 719,841 1097,826 1260,873 1887,828 1919,747 1717,719 775,796 246,726"/>
                <Baseline points="256,838 265,838 310,832 355,832 399,835 444,838 489,841 534,841 578,835 623,832 668,832 713,832 757,832 802,832 847,829 892,829 936,829 981,826 1026,820 1071,817 1115,817 1160,814 1205,814 1250,814 1295,814 1339,811 1384,811 1429,808 1474,808 1518,805 1563,805 1608,808 1653,805 1697,802 1742,802 1787,802 1832,799 1876,799 1921,808"/>
                <TextEquiv>
                    <Unicode>Donnasty (écussé. les nacht ganz ganz in</Unicode>
                </TextEquiv>
            </TextLine>
            <TextLine id="tr_2_tl_5" custom="readingOrder {index:4;}">
                <Coords points="2067,865 2082,869 2092,884 2103,877 2120,892 2137,882 2150,884 2195,662 2173,660 2158,649 2148,655 2109,647"/>
                <Baseline points="2085,835 2121,829 2168,819"/>
                <TextEquiv>
                    <Unicode>12</Unicode>
                </TextEquiv>
            </TextLine>
            <TextLine id="tr_2_tl_6" custom="readingOrder {index:5;}">
                <Coords points="2284,858 2304,856 2312,848 2344,863 2376,845 2383,850 2387,845 2398,854 2417,850 2417,805 2389,803 2372,811 2355,801 2344,809 2327,811 2302,792 2284,796"/>
                <Baseline points="2297,841 2333,838 2378,838 2422,838"/>
                <TextEquiv>
                    <Unicode>Direktion</Unicode>
                </TextEquiv>
            </TextLine>
            <TextLine id="tr_2_tl_7" custom="readingOrder {index:6;}">
                <Coords points="1422,903 1437,903 1450,914 1475,907 1492,920 1492,916 1499,918 1509,910 1529,910 1516,828 1503,833 1499,828 1497,835 1486,841 1467,841 1448,828 1441,833 1430,828 1422,837 1411,839"/>
                <Baseline points="1432,889 1477,895 1521,904 1533,901"/>
                <TextEquiv>
                    <Unicode>Hers</Unicode>
                </TextEquiv>
            </TextLine>
            <TextLine id="tr_2_tl_8" custom="readingOrder {index:7;}">
                <Coords points="2161,963 2195,976 2272,933 2302,959 2314,946 2368,952 2413,935 2421,946 2472,937 2498,954 2521,950 2526,858 2460,860 2423,877 2363,858 2306,867 2272,843 2191,873 2163,863"/>
                <Baseline points="2175,913 2214,910 2258,907 2303,907 2348,904 2393,904 2437,904 2482,901 2527,904"/>
                <TextEquiv>
                    <Unicode>Dr. Otto Brahm.</Unicode>
                </TextEquiv>
            </TextLine>
            <TextLine id="tr_2_tl_9" custom="readingOrder {index:8;}">
                <Coords points="239,978 318,952 470,1016 1317,952 1422,991 1552,935 1875,963 1894,880 1501,912 1172,850 831,933 241,873"/>
                <Baseline points="250,948 265,948 310,948 355,951 399,954 444,957 489,957 534,960 578,957 623,954 668,954 713,951 757,951 802,951 847,954 892,951 936,951 981,951 1026,948 1071,951 1115,948 1160,942 1205,942 1250,942 1295,942 1339,942 1384,939 1429,939 1474,942 1518,945 1564,929 1564,929 1611,930 1656,933 1700,933 1745,933 1790,933 1835,936 1879,933 1894,933"/>
                <TextEquiv>
                    <Unicode>derhalve Aboummerts, 4300.</Unicode>
                </TextEquiv>
            </TextLine>
            <TextLine id="tr_2_tl_10" custom="readingOrder {index:9;}">
                <Coords points="3220,984 3256,989 3299,971 3331,989 3380,976 3403,989 3437,974 3495,997 3521,993 3521,927 3446,931 3410,901 3382,918 3343,882 3294,886 3273,877 3241,899 3220,890"/>
                <Baseline points="3231,963 3276,966 3321,963 3365,963 3410,963 3455,963 3500,960 3527,963"/>
                <TextEquiv>
                    <Unicode>Karlus</Unicode>
                </TextEquiv>
            </TextLine>
            <TextLine id="tr_2_tl_11" custom="readingOrder {index:10;}">
                <Coords points="2961,1082 2976,1085 2985,1074 2995,1080 3019,1068 3034,1076 3066,1072 3079,1063 3096,1068 3085,888 3064,886 3059,892 3047,882 3019,895 3006,890 2991,910 2951,918"/>
                <Baseline points="2966,981 3010,981 3055,984 3097,990"/>
                <TextEquiv>
                    <Unicode>The</Unicode>
                </TextEquiv>
            </TextLine>
            <TextLine id="tr_2_tl_12" custom="readingOrder {index:11;}">
                <Coords points="288,1095 788,1102 984,1168 1313,1074 1473,1117 1892,1080 1894,1018 290,1012"/>
                <Baseline points="301,1065 346,1068 390,1068 435,1074 480,1077 525,1083 569,1083 614,1083 659,1080 704,1080 748,1077 793,1074 838,1077 883,1077 928,1077 972,1077 1017,1077 1062,1074 1107,1068 1151,1068 1196,1068 1241,1068 1286,1065 1330,1065 1375,1065 1420,1062 1465,1062 1509,1065 1554,1062 1599,1062 1644,1059 1688,1062 1733,1065 1778,1062 1823,1065 1867,1068 1897,1068"/>
                <TextEquiv>
                    <Unicode>ühr 500m. (Samstag) Da hin nie nur</Unicode>
                </TextEquiv>
            </TextLine>
            <TextLine id="tr_2_tl_13" custom="readingOrder {index:12;}">
                <Coords points="3183,1102 3243,1100 3296,1138 3380,1095 3412,1093 3450,1110 3480,1097 3482,989 3435,971 3407,989 3380,974 3331,989 3320,982 3258,1023 3228,1012 3185,1023"/>
                <Baseline points="3195,1080 3240,1080 3285,1080 3330,1080 3374,1080 3419,1080 3464,1077 3485,1080"/>
                <TextEquiv>
                    <Unicode>11.12.10</Unicode>
                </TextEquiv>
            </TextLine>
            <TextLine id="tr_2_tl_14" custom="readingOrder {index:13;}">
                <Coords points="286,1213 818,1264 1533,1208 1917,1285 1915,1140 1623,1155 1503,1102 1328,1168 662,1121 286,1151"/>
                <Baseline points="298,1184 343,1184 387,1190 432,1196 477,1202 522,1205 566,1205 611,1208 656,1208 701,1208 745,1205 790,1205 835,1205 880,1205 925,1205 969,1208 1014,1208 1059,1211 1104,1211 1148,1208 1193,1211 1238,1211 1283,1214 1327,1208 1372,1208 1417,1205 1462,1205 1506,1205 1551,1202 1596,1202 1641,1202 1685,1205 1730,1208 1775,1208 1820,1211 1864,1217 1909,1223 1921,1226"/>
                <TextEquiv>
                    <Unicode>wieder mal Goethisse seyn: Und zu fortan¬</Unicode>
                </TextEquiv>
            </TextLine>
            <TextLine id="tr_2_tl_15" custom="readingOrder {index:14;}">
                <Coords points="305,1354 1157,1379 1349,1337 1548,1405 1731,1339 1872,1354 1872,1300 1798,1283 1381,1264 1260,1326 1170,1283 1076,1326 491,1255 305,1292"/>
                <Baseline points="316,1315 361,1315 405,1318 450,1324 495,1330 540,1333 584,1333 629,1336 674,1339 719,1339 763,1342 808,1345 853,1345 898,1342 942,1345 987,1345 1032,1345 1077,1342 1121,1345 1166,1345 1211,1345 1256,1345 1300,1342 1345,1336 1390,1336 1435,1336 1480,1336 1524,1336 1569,1336 1614,1339 1659,1336 1703,1333 1748,1333 1793,1333 1838,1336 1876,1333"/>
                <TextEquiv>
                    <Unicode>- Das ist sehr über der dass Sie jetzt nicht</Unicode>
                </TextEquiv>
            </TextLine>
            <TextLine id="tr_2_tl_16" custom="readingOrder {index:15;}">
                <Coords points="2643,1386 2724,1373 2750,1386 2771,1364 2919,1341 2957,1343 2993,1371 3040,1358 3057,1373 3128,1369 3124,1211 3040,1232 2968,1223 2874,1281 2803,1292 2743,1255 2699,1270 2639,1251"/>
                <Baseline points="2652,1339 2682,1342 2727,1342 2772,1345 2816,1345 2861,1345 2906,1342 2951,1342 2995,1345 3040,1348 3085,1354 3133,1358"/>
                <TextEquiv>
                    <Unicode>Liebe Freund</Unicode>
                </TextEquiv>
            </TextLine>
            <TextLine id="tr_2_tl_17" custom="readingOrder {index:16;}">
                <Coords points="295,1501 803,1546 1006,1505 1134,1548 1302,1494 1898,1484 1896,1381 1802,1366 1102,1467 634,1441 517,1381 295,1398"/>
                <Baseline points="307,1441 352,1444 396,1453 441,1459 486,1462 531,1465 575,1471 620,1474 665,1477 710,1480 754,1480 799,1477 844,1480 889,1483 933,1483 978,1483 1023,1483 1068,1483 1113,1480 1157,1483 1202,1483 1247,1486 1292,1486 1336,1480 1381,1480 1426,1480 1471,1477 1515,1477 1560,1474 1605,1474 1650,1474 1694,1474 1739,1471 1784,1471 1829,1471 1873,1468 1903,1468"/>
                <TextEquiv>
                    <Unicode>herkommen, um auf früssen Tat</Unicode>
                </TextEquiv>
            </TextLine>
            <TextLine id="tr_2_tl_18" custom="readingOrder {index:17;}">
                <Coords points="295,1670 1990,1638 1990,1556 1719,1527 997,1597 843,1541 745,1591 295,1539"/>
                <Baseline points="307,1575 352,1584 396,1593 441,1596 486,1602 531,1608 575,1611 620,1617 665,1623 710,1626 754,1629 799,1623 844,1617 889,1620 933,1620 978,1620 1023,1620 1068,1620 1113,1620 1157,1620 1202,1620 1247,1617 1292,1620 1336,1620 1381,1620 1426,1620 1471,1614 1515,1614 1560,1614 1605,1617 1650,1614 1694,1617 1739,1617 1784,1620 1829,1620 1873,1614 1918,1608 1963,1605 1993,1605"/>
                <TextEquiv>
                    <Unicode>Zu ditappen; wol wiss nie auch den if</Unicode>
                </TextEquiv>
            </TextLine>
            <TextLine id="tr_2_tl_19" custom="readingOrder {index:18;}">
                <Coords points="292,1742 715,1800 786,1761 1915,1789 1913,1708 1853,1687 1565,1714 1290,1646 1027,1714 658,1697 534,1635 292,1689"/>
                <Baseline points="304,1721 349,1724 393,1733 438,1739 483,1742 528,1742 572,1745 617,1745 662,1751 707,1748 751,1754 796,1757 841,1754 886,1754 930,1754 975,1751 1020,1751 1065,1748 1110,1748 1154,1748 1199,1748 1244,1751 1289,1751 1333,1754 1378,1751 1423,1751 1468,1751 1512,1751 1557,1754 1602,1751 1647,1754 1691,1757 1736,1763 1781,1766 1826,1769 1870,1769 1915,1769 1921,1769"/>
                <TextEquiv>
                    <Unicode>in Feher spielt! Monand het sehr gut</Unicode>
                </TextEquiv>
            </TextLine>
            <TextLine id="tr_2_tl_20" custom="readingOrder {index:19;}">
                <Coords points="299,1951 687,1885 788,1926 1185,1900 1292,1958 1471,1885 1676,1939 1988,1894 1988,1804 1465,1847 1172,1772 559,1853 297,1768"/>
                <Baseline points="310,1864 355,1864 399,1864 444,1867 489,1867 534,1870 578,1870 623,1873 668,1879 713,1882 757,1882 802,1882 847,1882 892,1882 936,1885 981,1882 1026,1885 1071,1888 1115,1888 1160,1888 1205,1888 1250,1891 1295,1891 1339,1891 1384,1882 1429,1882 1474,1885 1518,1885 1563,1879 1608,1879 1653,1879 1697,1879 1742,1882 1787,1882 1832,1885 1876,1885 1921,1888 1966,1888 1993,1891"/>
                <TextEquiv>
                    <Unicode>befallen, and in der Presse; ageten die noch</Unicode>
                </TextEquiv>
            </TextLine>
            <TextLine id="tr_2_tl_21" custom="readingOrder {index:20;}">
                <Coords points="307,2007 638,2058 910,2018 2018,2050 1977,1913 1264,2000 1027,1913 675,1979 305,1954"/>
                <Baseline points="316,1981 361,1987 405,1993 450,1996 495,2002 540,2002 584,2002 629,2005 674,2008 719,2011 763,2014 808,2014 853,2020 898,2020 942,2011 987,2014 1032,2020 1077,2020 1121,2017 1166,2017 1211,2017 1256,2014 1300,2014 1345,2014 1390,2014 1435,2011 1480,2011 1524,2011 1569,2011 1614,2011 1659,2011 1703,2011 1748,2014 1793,2014 1838,2020 1882,2026 1927,2032 1972,2035 2017,2044 2023,2044"/>
                <TextEquiv>
                    <Unicode>nicht auf den Jacob., den ich nicht gelesen</Unicode>
                </TextEquiv>
            </TextLine>
            <TextLine id="tr_2_tl_22" custom="readingOrder {index:21;}">
                <Coords points="320,2167 510,2203 645,2163 764,2201 912,2144 1785,2180 1915,2169 1915,2071 1518,2122 1228,2084 1132,2131 914,2060 562,2107 459,2052 318,2062"/>
                <Baseline points="331,2115 375,2118 420,2124 465,2127 510,2133 555,2136 599,2136 644,2139 689,2139 734,2142 778,2139 823,2139 868,2139 913,2142 957,2142 1002,2145 1047,2145 1092,2145 1136,2145 1181,2145 1226,2145 1271,2145 1315,2145 1360,2145 1405,2145 1450,2151 1494,2151 1539,2148 1584,2148 1629,2151 1673,2148 1718,2145 1763,2148 1808,2148 1853,2151 1897,2157 1921,2157"/>
                <TextEquiv>
                    <Unicode>to take of Falshe Leite soll men in. In nor</Unicode>
                </TextEquiv>
            </TextLine>
            <TextLine id="tr_2_tl_23" custom="readingOrder {index:22;}">
                <Coords points="318,2297 1473,2276 1761,2344 1900,2308 1898,2248 1789,2259 1674,2193 1095,2259 796,2193 485,2229 314,2165"/>
                <Baseline points="328,2243 372,2246 417,2252 462,2258 507,2261 552,2261 596,2261 641,2264 686,2267 731,2273 775,2270 820,2267 865,2267 910,2270 954,2270 999,2273 1044,2273 1089,2276 1133,2279 1178,2276 1223,2276 1268,2279 1312,2276 1357,2276 1402,2276 1447,2276 1491,2279 1536,2282 1581,2282 1626,2285 1671,2288 1715,2285 1760,2288 1805,2294 1850,2297 1894,2297 1906,2297"/>
                <TextEquiv>
                    <Unicode>lesen wenn sich in grossen Zertrifen</Unicode>
                </TextEquiv>
            </TextLine>
        </TextRegion>
        <TextRegion id="tr_3" custom="readingOrder {index:1;}">
            <Coords points="352,2328 2058,2328 2058,3369 352,3369"/>
            <TextLine id="tr_3_tl_1" custom="readingOrder {index:0;}">
                <Coords points="339,2421 630,2472 816,2421 1823,2460 1821,2353 1764,2342 1268,2391 920,2344 681,2391 442,2308 337,2336"/>
                <Baseline points="352,2378 396,2384 441,2387 486,2390 531,2396 575,2399 620,2405 665,2408 710,2414 754,2419 799,2414 844,2416 889,2416 933,2419 978,2422 1023,2428 1068,2425 1113,2419 1157,2419 1202,2419 1247,2419 1292,2419 1336,2419 1381,2419 1426,2419 1471,2419 1515,2419 1560,2422 1605,2425 1650,2431 1694,2431 1739,2434 1784,2437 1829,2440 1832,2437"/>
                <TextEquiv>
                    <Unicode>losgelassen werden wir der amicable</Unicode>
                </TextEquiv>
            </TextLine>
            <TextLine id="tr_3_tl_2" custom="readingOrder {index:1;}">
                <Coords points="361,2566 382,2556 414,2568 431,2543 478,2534 529,2558 574,2551 634,2579 698,2583 758,2620 801,2609 788,2511 741,2513 722,2530 640,2519 581,2502 483,2440 463,2455 425,2436 395,2464 344,2455"/>
                <Baseline points="364,2518 408,2521 453,2530 498,2533 543,2539 587,2545 632,2551 677,2557 722,2566 766,2572 802,2581"/>
                <TextEquiv>
                    <Unicode>Goldmann,</Unicode>
                </TextEquiv>
            </TextLine>
            <TextLine id="tr_3_tl_3" custom="readingOrder {index:2;}">
                <Coords points="352,2682 623,2754 944,2699 1512,2699 1657,2752 1932,2701 1909,2639 1774,2664 1533,2594 982,2662 828,2596 683,2643 352,2622"/>
                <Baseline points="364,2664 408,2667 453,2670 498,2676 543,2682 587,2688 632,2691 677,2694 722,2700 766,2700 811,2700 856,2700 901,2697 945,2697 990,2700 1035,2700 1080,2700 1124,2694 1169,2697 1214,2691 1259,2688 1303,2688 1348,2688 1393,2691 1438,2694 1483,2694 1527,2697 1572,2700 1617,2700 1662,2703 1706,2703 1751,2703 1796,2700 1841,2697 1885,2700 1930,2694 1936,2694"/>
                <TextEquiv>
                    <Unicode>Nun aber D. in. L. Fr. Triekh hat</Unicode>
                </TextEquiv>
            </TextLine>
            <TextLine id="tr_3_tl_4" custom="readingOrder {index:3;}">
                <Coords points="371,2822 617,2887 1228,2822 1712,2874 1986,2822 1986,2724 1742,2714 1456,2790 1262,2741 1140,2805 835,2737 371,2752"/>
                <Baseline points="384,2798 429,2804 474,2810 519,2816 563,2822 608,2822 653,2825 698,2831 743,2834 787,2831 832,2831 877,2831 922,2834 966,2837 1011,2834 1056,2831 1101,2831 1145,2828 1190,2825 1235,2822 1280,2822 1324,2822 1369,2825 1414,2825 1459,2828 1503,2828 1548,2828 1593,2831 1638,2831 1682,2831 1727,2825 1772,2822 1817,2825 1861,2825 1906,2819 1951,2816 1990,2819"/>
                <TextEquiv>
                    <Unicode>das Besse, resp. die Rolle ahatten, da Sie</Unicode>
                </TextEquiv>
            </TextLine>
            <TextLine id="tr_3_tl_5" custom="readingOrder {index:4;}">
                <Coords points="397,2951 745,3004 995,2972 1097,3021 1251,2970 1366,3025 1535,2976 1960,3059 1958,2893 1678,2919 1439,2867 858,2946 679,2880 397,2897"/>
                <Baseline points="408,2924 453,2933 498,2942 543,2948 587,2957 632,2960 677,2963 722,2966 766,2966 811,2969 856,2969 901,2972 945,2972 990,2972 1035,2974 1080,2974 1124,2969 1169,2966 1214,2963 1259,2966 1303,2966 1348,2963 1393,2966 1438,2969 1483,2969 1527,2969 1572,2966 1617,2966 1662,2969 1706,2969 1751,2969 1796,2972 1841,2972 1885,2972 1930,2977 1963,2983"/>
                <TextEquiv>
                    <Unicode>einverstanden waren mit der Aestrurf.</Unicode>
                </TextEquiv>
            </TextLine>
            <TextLine id="tr_3_tl_6" custom="readingOrder {index:5;}">
                <Coords points="386,3126 798,3104 1095,3162 1249,3100 1343,3141 1546,3098 1898,3126 1958,3121 1958,3019 1678,3057 1330,3002 952,3072 608,3004 386,3036"/>
                <Baseline points="399,3067 444,3070 489,3076 534,3085 578,3088 623,3094 668,3100 713,3103 757,3103 802,3100 847,3103 892,3100 936,3103 981,3103 1026,3103 1071,3106 1115,3103 1160,3097 1205,3094 1250,3094 1295,3097 1339,3100 1384,3100 1429,3100 1474,3097 1518,3100 1563,3100 1608,3097 1653,3100 1697,3103 1742,3103 1787,3103 1832,3103 1876,3106 1921,3109 1963,3109"/>
                <TextEquiv>
                    <Unicode>Der Gefahr dass das Lehn - Th angestellt</Unicode>
                </TextEquiv>
            </TextLine>
            <TextLine id="tr_3_tl_7" custom="readingOrder {index:6;}">
                <Coords points="401,3260 880,3230 1146,3286 1319,3226 1437,3267 1759,3230 1932,3262 1902,3158 1721,3194 1642,3145 1360,3145 1102,3198 963,3145 401,3164"/>
                <Baseline points="414,3186 459,3198 504,3204 549,3210 593,3216 638,3219 683,3222 728,3225 772,3225 817,3225 862,3225 907,3225 951,3225 996,3228 1041,3228 1086,3228 1130,3225 1175,3225 1220,3225 1265,3225 1309,3225 1354,3225 1399,3225 1444,3225 1488,3228 1533,3225 1578,3225 1623,3225 1668,3225 1712,3222 1757,3222 1802,3222 1847,3225 1891,3228 1936,3228"/>
                <TextEquiv>
                    <Unicode>wird, wollen Sie nicht doch nicht aus¬</Unicode>
                </TextEquiv>
            </TextLine>
            <TextLine id="tr_3_tl_8" custom="readingOrder {index:7;}">
                <Coords points="401,3352 811,3367 905,3425 1272,3373 1430,3452 1721,3454 2054,3365 2054,3247 1862,3269 1751,3224 858,3320 670,3258 594,3307 529,3264 401,3292"/>
                <Baseline points="414,3327 459,3336 504,3339 549,3344 593,3347 638,3353 683,3353 728,3356 772,3356 817,3356 862,3356 907,3356 951,3356 996,3356 1041,3359 1086,3356 1130,3356 1175,3356 1220,3353 1265,3356 1309,3356 1354,3353 1399,3356 1444,3353 1488,3353 1533,3353 1578,3350 1623,3347 1668,3344 1712,3344 1757,3342 1802,3342 1847,3342 1891,3342 1936,3342 1981,3339 2026,3342 2058,3339"/>
                <TextEquiv>
                    <Unicode>setten (und die kertste Haast,? Se, d.h.R.S.</Unicode>
                </TextEquiv>
            </TextLine>
        </TextRegion>
        <TextRegion id="tr_1" custom="readingOrder {index:2;}">
            <Coords points="2390,1531 3771,1531 3771,3184 2390,3184"/>
            <TextLine id="tr_1_tl_1" custom="readingOrder {index:0;}">
                <Coords points="2402,1603 2502,1591 2611,1638 2784,1595 2931,1659 3008,1620 3224,1616 3363,1687 3514,1608 3617,1618 3617,1550 3397,1569 3264,1480 3098,1482 2946,1565 2829,1531 2733,1561 2607,1527 2402,1541"/>
                <Baseline points="2414,1581 2458,1584 2503,1587 2548,1590 2593,1593 2637,1596 2682,1599 2727,1599 2772,1596 2816,1596 2861,1596 2906,1599 2951,1599 2995,1599 3040,1602 3085,1602 3130,1602 3174,1599 3219,1599 3264,1599 3309,1596 3353,1602 3398,1599 3443,1596 3488,1596 3532,1596 3577,1599 3619,1602"/>
                <TextEquiv>
                    <Unicode>gerächst lassen sie mich sagen, was</Unicode>
                </TextEquiv>
            </TextLine>
            <TextLine id="tr_1_tl_2" custom="readingOrder {index:1;}">
                <Coords points="2385,1802 2650,1753 2814,1785 3055,1725 3373,1770 3662,1744 3676,1644 3563,1682 3365,1687 3288,1650 2968,1695 2852,1646 2750,1691 2594,1652 2385,1682"/>
                <Baseline points="2396,1712 2440,1715 2485,1715 2530,1721 2575,1721 2619,1724 2664,1727 2709,1730 2754,1727 2798,1724 2843,1724 2888,1724 2933,1724 2977,1724 3022,1724 3067,1724 3112,1721 3157,1724 3201,1721 3246,1721 3291,1718 3336,1721 3380,1721 3425,1718 3470,1718 3515,1721 3559,1721 3604,1721 3649,1724 3682,1724"/>
                <TextEquiv>
                    <Unicode>ich liegt dazu wollte: dass ich nicht</Unicode>
                </TextEquiv>
            </TextLine>
            <TextLine id="tr_1_tl_3" custom="readingOrder {index:2;}">
                <Coords points="2400,1868 2598,1853 2699,1909 2987,1862 3141,1930 3226,1864 3399,1851 3518,1909 3702,1917 3700,1825 3600,1793 3141,1810 2972,1761 2837,1817 2558,1774 2400,1796"/>
                <Baseline points="2411,1841 2455,1838 2500,1841 2545,1844 2590,1844 2634,1844 2679,1847 2724,1847 2769,1847 2813,1850 2858,1850 2903,1847 2948,1847 2992,1847 3037,1847 3082,1847 3127,1850 3171,1850 3216,1847 3261,1847 3306,1850 3350,1850 3395,1850 3440,1850 3485,1853 3530,1856 3574,1858 3619,1861 3664,1867 3706,1870"/>
                <TextEquiv>
                    <Unicode>Mr Medardas – Wirthry haslik frere</Unicode>
                </TextEquiv>
            </TextLine>
            <TextLine id="tr_1_tl_4" custom="readingOrder {index:3;}">
                <Coords points="2419,1986 2722,1986 2812,2045 3104,1988 3745,2024 3743,1934 3604,1904 3089,1962 2810,1885 2417,1917"/>
                <Baseline points="2428,1957 2473,1963 2518,1969 2563,1972 2607,1975 2652,1975 2697,1975 2742,1981 2787,1981 2831,1981 2876,1981 2921,1981 2966,1984 3010,1984 3055,1984 3100,1987 3145,1987 3189,1987 3234,1987 3279,1987 3324,1987 3368,1987 3413,1987 3458,1990 3503,1987 3547,1990 3592,1996 3637,1999 3682,1996 3726,1999 3750,2002"/>
                <TextEquiv>
                    <Unicode>Ich hatte schon aus der Zertungen den</Unicode>
                </TextEquiv>
            </TextLine>
            <TextLine id="tr_1_tl_5" custom="readingOrder {index:4;}">
                <Coords points="2408,2105 2660,2171 2852,2124 3008,2180 3691,2171 3689,2018 3501,2086 3292,1994 3087,2107 2867,2056 2771,2090 2688,2039 2613,2082 2474,2039 2408,2062"/>
                <Baseline points="2419,2082 2464,2091 2509,2097 2554,2103 2599,2109 2643,2112 2688,2112 2733,2115 2778,2118 2822,2118 2867,2121 2912,2121 2957,2121 3001,2121 3046,2124 3091,2121 3136,2118 3180,2118 3225,2115 3270,2115 3315,2115 3359,2115 3404,2115 3449,2118 3494,2115 3538,2118 3583,2121 3628,2121 3673,2124 3697,2127"/>
                <TextEquiv>
                    <Unicode>Eindruck gewonnen, das Werk wirkte</Unicode>
                </TextEquiv>
            </TextLine>
            <TextLine id="tr_1_tl_6" custom="readingOrder {index:5;}">
                <Coords points="2410,2231 2887,2293 2978,2246 3147,2304 3375,2248 3435,2289 3538,2263 3734,2308 3732,2184 3664,2161 3467,2218 3322,2152 3237,2229 3070,2165 2968,2201 2880,2165 2746,2231 2594,2161 2408,2186"/>
                <Baseline points="2422,2223 2467,2226 2512,2231 2557,2234 2601,2237 2646,2243 2691,2246 2736,2246 2781,2249 2825,2246 2870,2243 2915,2246 2960,2246 3004,2246 3049,2252 3094,2249 3139,2249 3183,2246 3228,2249 3273,2249 3318,2249 3362,2249 3407,2252 3452,2249 3497,2252 3541,2258 3586,2255 3631,2255 3676,2264 3720,2270 3738,2270"/>
                <TextEquiv>
                    <Unicode>Sie wieder sehr anziehen Fisssers und</Unicode>
                </TextEquiv>
            </TextLine>
            <TextLine id="tr_1_tl_7" custom="readingOrder {index:6;}">
                <Coords points="2400,2370 2654,2419 2854,2376 3098,2430 3243,2391 3570,2462 3713,2436 3711,2346 3642,2321 3514,2355 3335,2319 3222,2374 2897,2293 2820,2331 2650,2289 2398,2310"/>
                <Baseline points="2411,2354 2455,2354 2500,2354 2545,2363 2590,2369 2634,2372 2679,2372 2724,2375 2769,2378 2813,2378 2858,2378 2903,2378 2948,2378 2992,2378 3037,2381 3082,2384 3127,2381 3171,2384 3216,2387 3261,2387 3306,2390 3350,2393 3395,2393 3440,2390 3485,2390 3530,2393 3574,2396 3619,2393 3664,2396 3709,2396 3715,2396"/>
                <TextEquiv>
                    <Unicode>Ihr Bericht bestätigen des m. Und</Unicode>
                </TextEquiv>
            </TextLine>
            <TextLine id="tr_1_tl_8" custom="readingOrder {index:7;}">
                <Coords points="2398,2494 2829,2558 2976,2530 3051,2566 3192,2515 3299,2583 3533,2603 3647,2545 3642,2442 3091,2492 2775,2464 2701,2413 2564,2453 2393,2425"/>
                <Baseline points="2408,2476 2452,2482 2497,2488 2542,2491 2587,2497 2631,2500 2676,2503 2721,2506 2766,2506 2810,2506 2855,2506 2900,2506 2945,2503 2989,2506 3034,2503 3079,2509 3124,2512 3168,2515 3213,2521 3258,2521 3303,2524 3347,2521 3392,2524 3437,2527 3482,2530 3527,2530 3571,2536 3616,2536 3649,2539"/>
                <TextEquiv>
                    <Unicode>schen Sie, es ist und dessen ohne</Unicode>
                </TextEquiv>
            </TextLine>
            <TextLine id="tr_1_tl_9" custom="readingOrder {index:8;}">
                <Coords points="2381,2667 2517,2635 2835,2699 3138,2641 3322,2726 3629,2647 3715,2679 3713,2615 3666,2596 3380,2575 3196,2618 3098,2549 2765,2534 2378,2581"/>
                <Baseline points="2390,2604 2434,2604 2479,2610 2524,2616 2569,2622 2613,2631 2658,2634 2703,2634 2748,2634 2792,2637 2837,2637 2882,2637 2927,2634 2972,2631 3016,2631 3061,2634 3106,2637 3151,2640 3195,2640 3240,2640 3285,2640 3330,2640 3374,2640 3419,2640 3464,2640 3509,2643 3553,2646 3598,2646 3643,2649 3688,2655 3715,2658"/>
                <TextEquiv>
                    <Unicode>mich gegangen – während Sie mir das</Unicode>
                </TextEquiv>
            </TextLine>
            <TextLine id="tr_1_tl_10" custom="readingOrder {index:9;}">
                <Coords points="2395,2788 2566,2756 2746,2833 3162,2805 3311,2859 3664,2827 3640,2699 3504,2690 3277,2754 3064,2694 2684,2716 2545,2637 2391,2664"/>
                <Baseline points="2405,2736 2449,2745 2494,2748 2539,2754 2584,2757 2628,2760 2673,2763 2718,2763 2763,2763 2807,2766 2852,2766 2897,2766 2942,2766 2986,2766 3031,2766 3076,2769 3121,2772 3165,2772 3210,2772 3255,2772 3300,2769 3344,2775 3389,2775 3434,2778 3479,2781 3524,2781 3568,2784 3613,2784 3658,2789 3667,2792"/>
                <TextEquiv>
                    <Unicode>Gegersiele for „Aufel“ in Berlin</Unicode>
                </TextEquiv>
            </TextLine>
            <TextLine id="tr_1_tl_11" custom="readingOrder {index:10;}">
                <Coords points="2381,2904 3766,2959 3762,2850 3655,2822 3461,2859 3149,2820 2861,2867 2673,2799 2547,2852 2376,2816"/>
                <Baseline points="2390,2864 2434,2867 2479,2873 2524,2879 2569,2882 2613,2885 2658,2888 2703,2891 2748,2891 2792,2894 2837,2897 2882,2894 2927,2897 2972,2897 3016,2900 3061,2900 3106,2900 3151,2903 3195,2903 3240,2906 3285,2912 3330,2915 3374,2918 3419,2918 3464,2921 3509,2927 3553,2930 3598,2933 3643,2936 3688,2942 3732,2945 3771,2951"/>
                <TextEquiv>
                    <Unicode>Sie werden rek wissen hingen! (nim</Unicode>
                </TextEquiv>
            </TextLine>
            <TextLine id="tr_1_tl_12" custom="readingOrder {index:11;}">
                <Coords points="2395,2940 2630,2989 2754,2957 3704,3027 3700,2948 3480,2987 2865,2901 2743,2929 2391,2891"/>
                <Baseline points="2405,2933 2449,2939 2494,2945 2539,2948 2584,2951 2628,2954 2673,2957 2718,2960 2763,2957 2807,2963 2852,2966 2897,2963 2942,2966 2986,2969 3031,2969 3076,2972 3121,2974 3165,2977 3210,2983 3255,2989 3300,2992 3344,2998 3389,2998 3434,2998 3479,3001 3524,3004 3568,3007 3613,3013 3658,3019 3703,3028 3709,3028"/>
                <TextEquiv>
                    <Unicode>lich, dass es ohne mich an-schön gegangen wäre)</Unicode>
                </TextEquiv>
            </TextLine>
            <TextLine id="tr_1_tl_13" custom="readingOrder {index:12;}">
                <Coords points="2393,3051 2511,3019 2966,3074 3326,3045 3523,3109 3647,3081 3644,3027 3595,3010 3316,3030 3243,2989 2852,2998 2754,2957 2594,2989 2389,2940"/>
                <Baseline points="2402,2998 2446,3001 2491,3004 2536,3010 2581,3016 2625,3016 2670,3016 2715,3019 2760,3022 2804,3025 2849,3022 2894,3022 2939,3025 2983,3031 3028,3031 3073,3031 3118,3031 3162,3037 3207,3034 3252,3037 3297,3043 3342,3046 3386,3046 3431,3046 3476,3049 3521,3052 3565,3055 3610,3061 3652,3064"/>
                <TextEquiv>
                    <Unicode>Dieser lässt nur ein närtiges</Unicode>
                </TextEquiv>
            </TextLine>
            <TextLine id="tr_1_tl_14" custom="readingOrder {index:13;}">
                <Coords points="2395,3220 2622,3213 2741,3153 3083,3211 3418,3179 3523,3224 3745,3190 3743,3089 3501,3134 3023,3079 2861,3126 2630,3096 2509,3019 2391,3051"/>
                <Baseline points="2405,3136 2449,3139 2494,3142 2539,3148 2584,3151 2628,3151 2673,3151 2718,3151 2763,3151 2807,3154 2852,3159 2897,3157 2942,3157 2986,3159 3031,3159 3076,3162 3121,3159 3165,3165 3210,3165 3255,3168 3300,3171 3344,3171 3389,3171 3434,3174 3479,3171 3524,3171 3568,3171 3613,3171 3658,3168 3703,3168 3747,3165 3750,3165"/>
                <TextEquiv>
                    <Unicode>Augustach an, Dienstig auf a 3800</Unicode>
                </TextEquiv>
            </TextLine>
        </TextRegion>
    </Page>
</PcGts>
