4029 4087
2636 516 2819 729 209
2164 654 2565 810 sing=Theater
276 672 1857 828 wam wir da mit diese xxx eile schul heften Sid¬
2766 720 3219 842 Berlin plv. 40, den
3308 712 3601 854 190
2231 747 2411 846 Direction
296 783 1297 926 habe hinauf vollischem sollen.
2129 820 2502 952 Dr. Otto Brahm.
323 897 1898 1023 Bundes ist ein Läster – und Schadmerl des
333 995 1867 1112 wiss die Welt auch die, die er nicht bey¬
2984 995 3544 1114 Helgalard 19.8.06
353 1122 1875 1236 wilt sond un amniert; ich glaube nu seinen
361 1193 1857 1346 Bordese Cferkintie in 11/2 Tweeit. Also
2334 1260 3552 1407 Darke schon, lieber Freund, für die
390 1311 1886 1478 in many for einen Dinaliter, wie ohn Sie sagen
2348 1372 3552 1502 Grüsse an Weiner und Herren; und
485 1447 1827 1583 Ich gehe an M'Hove nu hil weg bin
2366 1476 3619 1620 mige Ihnen der Thüringer Wald, den ich
493 1532 1855 1672 eure fléssig an an Ihnen Arbeit gewesen.
2364 1583 3653 1747 set meind Studentenzeit oft durchstrift
509 1652 1867 1778 und habe allerlei Störungen im Theater
2379 1674 3694 1859 habe als ein nicht ganz in vorwaltendes
522 1729 1841 1896 Triesk hrank Lamerheftgheit I has
2417 1804 3702 1965 Gescherstel als Wienk erscheinen, möge Ihnen
542 1869 1804 2005 geliebte kassamen — Dank wurde
2438 1908 3680 2090 ahn de Niemand til besten Stücke wy-
548 1965 1758 2153 Gelefeliten it Geduld ertragen.
2444 2028 3406 2145 essen, wie... No. die wissen zu
546 2101 1794 2253 ebr p’t will itte unter sie treten
2440 2115 3661 2283 Da in gade nu besten Stochen reten
552 2229 1819 2377 und fürstorlich Musterung hatten:
2446 2226 3580 2373 gehe ich der Hoffnung, Reum, dass
2446 2334 3617 2466 das Alphabeten - (nicht ethalpteten)
564 2356 1873 2462 was sich nicht hindert Ihren lieben
2442 2431 3540 2580 sondern müsse er Holzbergk nam
3759 2417 3848 2527 7
568 2415 1782 2616 Frau noch Ihnen die nämlichsten
2444 2507 3732 2699 Helder haben statt dessen, der nicht genannt
595 2567 1283 2714 Chim en sendem
2450 2626 3668 2795 werden soll) Stück und sehr seitweise
2423 2732 3665 2878 nicht, sie dann aber mit einer Gewalt
1398 2714 1581 2880 le
2429 2837 3643 2984 in (A +B)  wurde ergreift. Auf den
2446 2917 3704 3087 Gemüdung, das udspresste ich Ihnen, müste
2452 3012 3596 3168 ich den wieder die schönster Stische:
2458 3117 3643 3268 am hohe die selbst es in entscheiden,
2180 3253 3249 3351 wir sollusion streiten, wiss nur, dass
2162 3324 2925 3420 ders. 29 Grass mittelre sind.
