3985 4007
110 589 1647 755 des neuen Felde ausz Wien zu können
135 697 1805 853 Gor heik nie zu veel, dass wir der gahre Fall
173 795 1726 948 Johann allen kaupp entrichtelt weint —
223 924 1756 1098 man man die überhaupt an, entrichten
227 1023 1726 1181 reden kann; als Gesch kann ich nicht an
245 1148 1783 1294 schulch zusammen sieben, uns in ihr ge¬
277 1236 1818 1406 geht – aber der Zuschied werd zum einem
295 1346 1803 1520 willigen Räthsel stehen, fürstte ich Ich
293 1458 1764 1649 wenn sich nur sehen, dass Sie in
322 1589 1801 1753 viel aus der frühren Fassungen
310 1716 1701 1855 Geworfen tuhn und bitte die sehr
316 1799 1780 1980 dringend, en arrigue, et n'est men
354 1932 1774 2103 Möller widd aufzunehmen oder um
358 2053 1731 2196 an former wile, was Aufschluss.
356 2153 1751 2334 giebt. (Ehrst liegt der Dochte in
395 2257 1818 2440 selve im Dunkeln, für die Acten, n. B.
166 2390 701 2498 hempsportend
412 2384 1830 2563 schen, entschloss 4.75). – Sie schon, auch
333 2513 1816 2664 Thentordireschem hinan, statt zu streichen
368 2602 1816 2787 von Dirnst städtisch des Gepattol
410 2727 1845 2918 verlasse: mehr; mehr Liret! Das Stich¬
412 2845 1785 2993 läßet entwieder an ein grosser Krapt¬
447 2960 1845 3145 not, a.B. which soe I.hrtschluß den
451 3072 1839 3278 Die kleine Herr in Werthe, in Herr
2702 439 2843 601 145
3072 560 3372 653 FROHNER'S
2879 612 3565 776 HÔTEL IMPÉRIAL.
3160 734 3272 851 3325
2997 844 3584 973 Wien, 16.11 1903.
2897 936 3249 1052 I., Kärnthnerring 16.
2560 1308 3284 1491 Liebe Herr Schütels,
2352 1520 3586 1693 ich ramolde mein Anherst
2910 1629 3066 1714 Dinsh
2365 1647 3588 1812 halte mich mögen, hettend for ihr
2377 1770 3659 1916 frei, bitte lener Sie mich baldigst
2404 1876 3600 2003 wissen Ihr und in welcher Form
2409 1974 3565 2124 So for nich Vormabung haben.
2423 2105 3621 2232 Mittwede welke ich wohl in Hof¬
2423 2226 3530 2361 memittel hinausfahren. Ihr
2436 2323 3682 2475 blète rematttlich des Sonntaf Jul.
2415 2429 3682 2585 For Donnastry August but ist with
2413 2540 3628 2700 mit Bahr mehredet Sie würden
2425 2662 3403 2804 dahin sehr willkommen sein.
2981 2764 3405 2954 Häslerk zu
3368 2916 3698 3047 Berlin
