3900 4089
391 689 1820 831 Sie septen mit in Sommer das. Sie
389 818 1870 956 noch einen dienstl irgenden nabolpe
391 937 1797 1070 hätter, woltten I have sagd us.
383 1070 1926 1187 lesen theters ehr nicht. Ihr sprach
431 1202 1941 1352 Ihnen schon damals von der Nachrichtungen
433 1324 1883 1470 Belk die ire Zynk travet, med
452 1449 1854 1622 frap ist, wie Jhr syt, an at
506 1595 1808 1695 Sie mir den Delinquenten aus.
458 1720 1905 1880 liefern wollen. Wieder In die
514 1874 1787 2003 Wéritte zu zu lesen, so sich
516 2006 1881 2130 Ich Ihnen ein Gemplar; sondern In
544 2158 1799 2270 sich aber bitte, weniglich baldigst
577 2289 1887 2403 Ihr exemplarisches Werk ich werde
598 2420 1930 2557 es nicht meuchliess gleich aufführen
594 2553 1949 2684 Sondorn I then Genssprate Abmarter
1314 2649 1506 2741 M. H.
598 2664 1872 2820 Die Preside soll in de Novembre
621 2824 1816 2957 sin - Mad sonst. Regt isks
612 2932 1883 3095 im Ihrem Herren zuckend nicht.
627 3080 1883 3234 von fürd-fälber der Gegründt?
652 3203 1791 3334 Diese innigkeit mit eilen Guten
2684 643 2851 783 217
2078 746 2570 877 Tesling-Theater
2876 764 3636 943 Berlin WW. 40, den 18.11 90.7
2245 835 2418 908 Direktion
2149 895 2516 1022 Dr. Otto Brahm.
2614 1198 3111 1349 Lieber Freund,
2337 1427 3688 1579 ich hoffe, Sie schon von Ihnen ausge¬
2359 1577 3507 1714 dehuten Sprit. fahrten alle gut
2389 1697 3586 1826 Reimgekommen ind danke I have
2420 1822 3699 1968 not Ministers for the freundt.
2439 1943 2974 2097 lichen Grüsse.
2466 2076 3609 2207 Gatten sagt nie dass Sie viele
2478 2203 3559 2345 am Sammering lahn wollen
2487 2326 3578 2430 und ich beheine viel auch
2505 2432 3613 2576 dazu eine Herbstfahrt pr.
2505 2587 3647 2705 petirt an hahn. es ist mit
2528 2705 3657 2845 aber noch recht zweifelheft
2541 2807 3694 2949 ob ich dies, liebe Geschwert
2555 2939 3649 3099 des Da-Teins hend erleten
2561 3055 3636 3215 darf. Wenn sie rechne ich,
2559 3180 3540 3334 auf Ihr Kommer natürlich
