3957 4057
2007 590 3698 805 Abenden, amorast Samstag der B. und Turtig
2015 738 3654 914 den 18., mit Grühnechts einhause Abschieds¬
2013 847 3696 1030 souper. Hoheilsmanpe easamen gehen – wobei
2042 964 3660 1149 ich aber nicht annehme dass diese Abend
2051 1103 3581 1242 scha mal mehr Menschen herbeleicher
2066 1215 3505 1391 wird als Ihr Vorschlag. Er ist ein
2061 1345 3517 1504 Gesch, nichts werta. - Die bisherigen
2053 1481 3665 1662 sechs Vorstellungen aber einen Durchschnehm
2082 1599 3732 1778 von knapp 2500, also mittel gut. - Dass
2089 1765 3753 1927 Mirai den 1. Abends vorangig, und durch
2112 1855 3673 2030 Räthe innest vantest da schlift
2108 1992 3734 2185 erblick, anders könne er eine eyarisch¬
2080 2097 3698 2360 derrlichen Verpflichtungen nicht at liefern,
2084 2242 3751 2458 tir den Wiederholungen sei es ihm einer¬
2097 2368 3677 2576 lei. Vom 3. Abends an het ich dann
2110 2498 3713 2730 rumpstellt. Da Missi kats jedenfalls
2135 2666 3675 2879 nicht geschadet; der Garde vielleicht
2158 2742 3627 2965 - Binche wir ich het nur den
2154 2917 3740 3066 Mationetten noch Afahren doch ich habe
2194 2975 3736 3200 am Theate ein Justiziel, und so magst
2221 3112 3782 3316 Ihr sehe: auf bald! Gericht'ske 189
