3804 4104
2538 772 3423 922 Berlin N. 20., den... 189
111 847 445 1001 nichten.
473 852 1515 991 Halt’ ue as definition
2598 912 3349 1104 S. Martin 1781
137 982 1645 1126 Abjerklossene, endlich kam in Händen
161 1098 1605 1264 und man es in gewissen Sine
188 1226 1566 1393 mein, so wollen wir über die
188 1310 1222 1508 Terminfrage weiter reden.
2414 1357 3282 1581 Lieber Herr Johann
214 1466 1534 1620 Von bisher Verleitet hah ich
242 1596 1496 1761 eine Spal wieder nicht abd.
2197 1637 3440 1812 Ihr Mannscript lah ich den.
238 1722 1517 1891 natialich freien, da hier im
2148 1731 3436 1936 hend erhalten und wie deshalb
287 1847 1669 2041 Guten Neste in sehen. - Fulde geht
2178 1898 3276 2045 studirt, ich finde vieles
304 1986 1451 2137 nach Villers hin stigle im
2212 2016 3411 2182 gehessert, die ich nur die
304 2093 1637 2251 Rhnettel das ist ja wohl die
2212 2142 3376 2296 Betty fein aufgemuntert. etc.
332 2206 1536 2401 Gefend praeter propter, in he
2212 2264 3304 2448 da letzteren frage ist mich
340 2337 1057 2499 The uise wollten?
2227 2368 3289 2559 allerdings, ob die Haltheit
334 2512 1643 2707 Viele herliche Grösse von Ihrem
2244 2553 3477 2758 nicht in fein für Gutlikum
2238 2666 3364 2858 gezähret ist. Dort wird das
1316 2677 1673 2831 O'Buhn
2229 2807 3490 3019 bei den Troten, falls nöthig,
325 2788 1603 3008 Empels tritt wuhrschebelich ist 98
2234 2948 3477 3124 von Ihnen zu lieutestens ver¬
344 2940 1464 3115 ein. Auch würden Müller oder
329 3032 1707 3295 Reichd (der treffliche Vater Ehrnistenans)
2240 3070 3443 3280 stärkt werden können. Die
325 3173 1692 3340 den Bremer zous sich chez treffen.
