3987 4167
409 1044 2047 1252 Es ist geht deshalb zugleich an Er¬
405 1179 2039 1360 ein Schreiben ab mit unserm
407 1277 1937 1474 Auftrag und dem Erhufen, sich
426 1396 1945 1544 mit Ihnen in Verleitung
405 1464 1992 1703 zu setzen, damit das Modell-
420 1633 1899 1797 zur Dekoration ganz nach
443 1725 2034 1909 Ihrem Absichten hergestellt, wer¬
386 1809 2047 1960 de. Graben Sie also die Freund
378 1939 2024 2153 lichkeit, ihn darüber zu unter¬
365 2051 2028 2240 richten und ihn auch Ohrerseits
384 2147 2087 2346 darauf aufmerksam zu machen.
390 2257 2030 2459 daß er sowohl das Nodell als
380 2382 1952 2539 eyentuell die Dekoration so
397 2492 2089 2686 schnell als möglich haben müßten,
390 2603 2083 2781 mann uns dann bedient sein
384 2745 628 2887 son.
912 2726 2039 2985 Hochartungs von
636 2902 2039 3110 Deutsches Theater zu Berlin
774 3027 2005 3243 J A. Ad. Niewis, Seer.
