4015 4087
2814 330 2949 467 lui
1884 666 3494 788 Dies my non stetlichen sein, jedenfalls habe man
80 701 1727 903 es den Ogräske in Elga gut gespielt hat und im
1912 740 3535 861 für die nächsten Wochen nicht mit ihm rechnen, für
143 831 1834 1020 Ebestim famor ausschend, denen erfreulichen Lieute¬
1868 838 3528 983 die Prohen wären wir in einiger Angst, nicht für die
80 920 1821 1085 2 mant hinstellen wird. - Wehser hat die Decadations¬
1849 957 3485 1092 Première stuss. - Ist schluss Ihnen also Reicher
85 1044 1712 1172 schirken jetzt geliefert und haben mehr Conferenz
1949 1018 3559 1146 für den Arzt vor, der vielleicht Ihrem Saal nicht
200 1122 1758 1254 mit ihn und Impehoren. Edls Bilder machen sich
1996 1120 3505 1256 so nake kommt, wie S., aber jedenfalls viel
226 1263 1643 1382 die Sache reisamt und hoffentlich geliegt es
2025 1230 3522 1363 für die Aufgabe mitbrängt, auch eher geeignet
2051 1354 3583 1447 erscheint, das Gebiete zu wenden und in den
169 1356 1775 1504 x migl'sest viel davon auf die Stein en zwiep.
1877 1476 1962 1584 Herrn
2059 1460 3604 1584 Ihiet zu ziehen, als der arme Y. Als Vater dem
174 1460 1784 1575 1 - Frl. O., in wel auf en Wort Mrs Briehs
210 1541 1812 1697 Diese schon ist als Pipper durchaus nicht hein, das
2083 1549 3528 1693 würde ich Mart am Bosten finden, der sich
234 1647 1797 1784 ist wohl der Fritz Engel dem Sie das unentreffende
2092 1649 3624 1777 immer freide entwickelt (jetzt ehn in Rosmars
258 1762 1745 1851 Wort verdanken? Frau Ihans mag empfähr
2114 1762 3620 1894 holm den Iholl Kräftig anpacht, und da aas¬
184 1938 276 2066 F.Truby.
295 1851 1851 1999 26 sich, also so ganz, wie die jünsten Burg Hein
2146 1855 3622 2014 gesondenes Patent nesx for ikke het;
297 1964 1760 2075 ter damen;  sie hat sie uns Rauten delesen ge-
2146 1960 3594 2083 er ist sein Publikum nach der Klitch be¬
332 2068 1834 2185 spielt. Des Sentimentale wollen wth ihr ja nach et-
2161 2070 3613 2203 liebt die selten Neulungen in Berlin nur es
367 2150 1877 2289 gewohnen, darin sind wie jene einig, liebe Freund
2192 2200 3585 2289 ist gewiss nichts verhält mit ihm in der
484 2278 1871 2376 deten ham with Mr. Telepance wegue we Streske
2187 2292 3633 2439 sicht schon in treffenden Aufgab. Nun
349 2370 1847 2482 horster gevandert. Das Thich ist wohl nicht bey¬
2222 2389 3669 2561 aher fülle ich, den ich für den fehlenden
382 2472 1827 2597 also der 1. Aht! Das kann übrigens eine Länge
2237 2513 3594 2667 Y. Korn was in Gatta – Bene them mass.
410 2558 1844 2684 auch in and Kälke l’apa, mensapui, Pipper
2265 2634 3641 2734 und ahlde nich also mit Ritka und Leh¬
425 2656 1814 2812 war nu Hause aus sieht ließ, und doch
2272 2717 3654 2873 mein einzustanden. etwaige Theiligheten, die
434 2769 1847 2919 hat Hauptm. in viel gestrichen resp. streichen
2281 2810 3639 2975 die L. masten werd, werde ich nach Iltäfter
458 2871 1810 2986 lassen, dass es jetzt nach 2 Heilen spielt;
2296 2947 3674 3088 en tesique seren. Oberst.- Besammen, Mas¬
432 2977 1910 3112 Ich will gewiss nicht jeden einzelnen, ungeschlagen
456 3049 1871 3201 nen Strich nathädigen. Ehe marke schienen mit
2313 3047 3669 3166 stiebe, Endlich Albrecht: nach meine Mei¬
2324 3151 3630 3279 nung Neuss der Sie als Geantach im
473 3142 1923 3305 Gut! Nun, das ihr werden wir uns schon iniger¬
2318 3238 3700 3359 Gegel gesehen haben (letztet ich) der auch
462 3244 1897 3366 natirlich bleibt alles was. In he schulten wollen
456 3329 1936 3465 "offen." - Bitte schreiben Sie sich recht russch, damit
