3867 4103
2932 690 3019 792 46
2644 785 3608 912 Berlin N. 20., den 22. 12 189 7
2440 1399 3173 1545 licher Herr Schützler,
2225 1656 3501 1805 so besonders dann haar ich der
2234 1799 3517 1918 Werkly die Gefährten betr. deshalb
2231 1914 3667 2021 wint finden, weil ich ihn selbst gemacht,
2248 2012 3590 2172 hatte; allerdings hatte ich Felde ge¬
2257 2125 3599 2266 schrieben, wenn er nichts für den besondern
2245 2223 3592 2392 2 merke passendres finde, möge er dieses
2266 2354 3506 2488 in Betracht ziehen. Da Sie in wissen
2248 2468 3635 2613 schon Nie gesagt haben, ist es wechlos,
2275 2583 3558 2708 Ihnen im erklären, was mich in einem
2284 2699 3608 2837 terdinger zu können liess. Fz Thor
2293 2805 3645 2937 und Tod ich ich auch in Wien wech¬
2309 2914 3624 3062 ich war hinstens nicht dappen. Fulde
2320 3032 3678 3188 als ist angegeben, er het in entsteiden
2311 3134 3606 3261 wohnt ist, er ist in Präsident der
2307 3202 3567 3375 F. A. Ihr bei mith darauf, dass
