4018 4104
2091 376 2349 528 1.
2630 368 2802 530 1,1
2027 674 3567 815 strebt die Aussicht sehr, den Sie zum
2108 804 3609 969 mit diesen Leuten weter vährendeln' könnten,
2089 944 3679 1100 und nur der Zwarz der Umstände ist es, der
1871 1091 1952 1204 Herrn
2068 1077 3740 1199 mich, sehr schon meinem neueschen zu dem negatiren
2120 1195 3617 1314 Resultat konnen länst: i trän sie mit.
2129 1318 3733 1436 Schl. hat mir in der Tat damals die Meist.
2035 1441 3636 1594 I. u. Schade der Eindrach beststigt, den wir
2191 1555 3704 1692 Brief an Sie danechte? Mein Eesser und
2222 1707 3729 1817 D Lehbrber i tinnen daar si's sa wert. Mat
1883 1865 1979 2064 Mr. S.Truby
2260 1804 3752 1925 auf meine Furp, was ihr einem Wechsel der
2251 1929 3721 2073 Dieetson Ihnen die Annahme nütze, der¬
2264 2077 3713 2218 derk or : a werde I am; wenn besser
2270 2187 3767 2366 und Drchh. Stennen – die Annahme ausser
2309 2324 3733 2492 durch den Contract noch in Briefforn
2326 2447 3781 2648 mit einer Termin-Anzehe anzeigen, und
2330 2615 3783 2759 an he miss auch der eventuelle ithebe
2322 2719 3731 2894 folgt sich gebunden halten – meine er¬
2357 2867 3663 3039 Das wahr's was ich sein ernstlicher
2345 2977 3347 3122 Medudes - Doctor
2459 3108 3698 3276 Haslieb thum Er La M. was
2364 3232 3569 3378 macht Poteleinsdorf? N.Y.
3264 3297 3796 3428 inzunehmen
