4019 4105
371 885 1910 1003 Mittheilung genannt hat wen ich nicht
413 967 1889 1099 im Schulernager stand nichts darin, das
303 1036 1649 1192 N. W. Tagbl. habe ich nicht gesehen
413 1158 1139 1308 Mit Sesten Gruss
1302 1241 1455 1340 for
1470 1306 1862 1474 O'Buhin
2816 756 3779 904 Berlin N. 20., den 12. Febr. 1901.
2629 948 2989 1150 Herrn
2568 1089 3726 1257 Dr. Arthur Schnitzler
2744 1222 3827 1392 Wien IX, Krankgasse 1.
2367 1365 3762 1580 Sehr geehrter Herr Doctor
2591 1546 3827 1723 Auf Ihre freundliche Ein¬
2186 1685 3722 1847 sendung der "Marionetten" hätte ich
2207 1780 3810 1944 Ihnen längst geantwortet, wenn
2193 1891 3743 2054 ich über den Ihnen zu gebenden
2195 1988 3810 2169 Bescheid gleich hätte ins Klare kam
2174 2089 3863 2247 men können. Das drollige Stückchen
2186 2190 3833 2388 gefiel und in seiner Art sehr gut
2188 2330 3831 2504 und mir zweifelten nicht darum
2195 2414 3770 2601 daß seine hanrmlose Satire in
2201 2517 3880 2725 dieser besonderen Darstellungsform
2209 2637 3806 2829 am richtigen Ort und vor dem
2197 2753 3831 2936 richtig gestimmten Publikum die
2186 2871 3800 3044 beste Wirkung thun mürde. Trotz
2203 2934 3777 3140 das vielen Amüsanten, das es
