3984 4103
263 699 1884 883 hafter statt davon. - Es ist ekel von Ihren
273 844 1839 1009 (doch nicht edler, als Sie in sich bean¬
308 940 1876 1132 sprechen können, dass Sie sich inseros Ilon¬
316 1101 1861 1252 nortérens freuen, das nachglüde unheimliche
300 1213 1851 1370 Dimensionen annimt : gestern 31. Vorstellung.
316 1354 1896 1476 M 6050. Dippen weiss ich es noch exten¬
320 1484 1888 1600 en schätken, den Sie mir gerade an meinem
334 1590 1843 1751 Geburtstag obdurchnte edlen Empfindungen
347 1721 1945 1839 ausfluchen als welcher schon öfter in wieder
347 1835 1949 1998 betaarhistorischen Beziehargen mitwirkk, z. B.
365 1984 1959 2130 als Sie mich am 5. Febr. bei der Amarje¬
353 2108 1992 2259 perte vom Ruf des Lebens so auchmänten
359 2222 1984 2404 (2. Antschluss) mit dem in jenen schönen
375 2357 2002 2530 Bot, als ich noch Dichterhinder mordete
449 2502 1908 2675 3. Doch nur von ita lief wieder Witzes
391 2650 1976 2828 in cinen mehr geschieden Ton zu fallein;
400 2765 1902 2944 dem Ernst des Gefenstands gemäss: wenn
436 2915 1902 3070 es Ihnen Recht ist, wir es gleich ich
428 3050 2039 3227 wirklich hat, den Anntel’ bis unmittelbar
426 3180 2014 3348 nach Ostern an lassen, also letzte März¬
416 3301 1929 3519 tage. Bis dahin nicht ja das Proceß¬
2610 669 2777 785 265
2063 750 2597 913 lessing-Theaker
2871 762 3645 934 Berlin uW. 40, den 7. 2. 1880
2241 854 2418 915 Direktion
2153 897 2504 1017 Dr. Otto Brahm.
2591 1256 3136 1450 Liebe Freund,
2290 1490 3700 1658 om dem grossen Erfaly der Paatoninich
2279 1641 3660 1753 hatt ich schon gelesen und würde den
2292 1766 3715 1886 a sich über Wien nie in die weite Welt
2330 1882 3684 2031 der Internationale nahrecte. Dagegen ist
2349 1980 3751 2151 mir Bergers Postititit in dem Freunde
2353 2114 3713 2261 Hein's den Norm gewesen, und ein sehr
2369 2267 3686 2393 erfreulich; möge der Mann sich weiter
2363 2379 3594 2522 so gut anreicher den wieder die
2381 2512 3786 2671 Schlerthers (enten) Abgang bald nachmals
2363 2614 3682 2771 haben. - Den Olmitsen ihre Mietz¬
2373 2720 3727 2919 Freude den rechten, bringen ich nicht
2377 2862 3739 3026 uhr’s Herz; nur hete ich Ihnen, dort
2389 2989 3717 3154 riret in viel Chateur Palagaz ae
2385 3101 3641 3276 trüher, wie ich die meinem lekten
2398 3231 3735 3366 Dort werlen, man hriegt einen etel¬
