4007 4088
2516 360 2977 504 Monsieur le Comte de la Céance de
2089 647 3713 795 Direst flehen möchte ich ihn unter sothanen
2144 771 3701 898 Umständen nicht, und da könne ich nun in
2140 870 3707 1015 Ihnen mit der Bitte, ob Sie nicht in ver¬
2164 969 3719 1102 fälliger und leiderstlich - vortreiliger Weise,
2182 1086 3677 1216 Ich Jlaus, die Hacherte, hie wir Sie wollen,
2219 1187 3622 1290 die Walcheit erfarten können. O thun
2255 1290 3671 1398 Vez, lieber Klosterbender sich will doe
2265 1414 3695 1549 sehen, wie der ergründet, und lassen Sie
2271 1523 3584 1650 with the the tout by Montag lid
2283 1642 3659 1768 haben, sonst Bronprinsen Uhr. (2./2 fliege)
2302 1747 3683 1885 vielleicht unter etwas in Holläckische
2338 1887 3671 2029 dem, das nichts Gewisses wiss man
2346 2012 2571 2105 Sieur
2334 2079 3643 2231 Aus mehen Frau und Rati die
2340 2211 3717 2372 stichts mit den Glänen von Fr. Olga¬
2380 2334 3337 2459 for Wien Dessau n.s.v.t.
2415 2431 3671 2621 Christide Grisse für I’e alle
2419 2601 3588 2736 und in gutes Griedischen ist.
2447 2726 3734 2894 recht eilen Seln gärpen und andere
2411 2799 3355 2979 Hacorgeschneiden im Mai.
3224 2951 3533 3135 Zwischen
3210 3088 3422 3283 M.
