4007 4088
412 679 1967 835 Henskel begonnen; leier kann ich nichts
425 792 2012 902 Hilsteldisches auf dem Spielplan finden, da
463 892 1925 1025 Trerk in Baby erwartet Rassamann
479 979 1911 1144 vor auf einen Tag kommt, in unsere
509 1112 1953 1237 letzte grosse Novität Die Stütten der
516 1227 1965 1373 Geschäft porfoniren in helfen; im
574 1361 2036 1484 Rilligen hat er Mlant in eigenem Gast¬
594 1490 780 1583 viel.
542 1575 2046 1714 Wie also der herasste, bewusste ge¬
550 1674 2026 1799 nutz. Das handelt sich um die Stützen’ in
550 1809 2030 1945 Rien. Schlechter sagte mir zienst in Berlin
574 1933 2050 2050 en wirde, wenn erst regeren die Absicht
578 2040 2115 2192 aufgetin die Stitun, jetzt herauszubließen.
596 2157 1937 2305 alor die W. Fr. Pr. melde & amst
598 2283 1989 2412 in c'est pour officisme Notizen être
615 2392 2082 2527 la monde Gros thâtes: curié est Fust
653 2517 2066 2646 II, dem Hartmann - Bernich. Christ.
659 2602 1981 2760 aber segte mich von 30. April sie an
663 2695 1975 2877 Fart isnt en deuhren und uf
659 2847 1999 2994 frage nich: ist der Bernich Spiegel¬
706 2964 2024 3124 beschwerden, oder will Jul. -
691 3081 2006 3221 is he all in 8. Mai by mn
697 3182 2131 3320 wollten auf den Skiken, zuvorkommen?
2750 598 2929 708 214
2285 649 2687 815 sing=Theater
3489 718 3710 819 190
2887 718 3303 833 Berlin NW.40, den
2280 764 2517 843 Direction
2244 835 2620 928 Dr. Otto Brahm.
2909 987 3291 1092 Amstor den
3370 976 3783 1116 Amstel Flikt
3293 1140 3548 1247 10-5.07
2810 1357 3332 1518 Lieber Freund
2503 1599 3777 1725 lange haben wir nicht von einander
2513 1723 3799 1860 gehört ich glaube sich dem Semmering.
2549 1818 3728 1943 Das ist ein mhelthard Zustand
2564 1939 3775 2068 und ich beste endlich dies rätheil
2564 2034 3791 2163 hafte Schweigen – wie ich weiter unter¬
2584 2165 3744 2276 reifen wird, nicht ohne selbstische
2600 2250 3841 2384 Abricht - um Ihnen unrichst meine
2592 2331 3801 2517 Freule en bezeigen über die gute
2574 2481 3752 2610 Nunricht die mir Frau Kürz
2586 2557 3853 2764 brigte. In Lötter ein (von dies)
2602 2693 3771 2836 eene Stück begonnen Hoffentlich¬
2600 2790 3730 2929 hier um in Mai schon was
2616 2913 3548 3043 darühr der davon höre
2624 3043 3835 3194 Wir haben einen sechstigigen Aus¬
2646 3142 3870 3326 bly hierher gemehr, gestern mit,
