3965 4104
2762 818 3689 940 Berlin N. W., den 1. 11 1901
2150 1051 2248 1158 Zschöne
2658 1336 3338 1488 Licht von Schütster
2386 1564 3746 1716 als ich Ihnen unter ihr die Termin¬
2383 1699 3686 1839 frage schrieb, hebt ich leider übersehen
2386 1777 3707 1952 dass Frl. Triese von Mitte Janu bis
2388 1883 3593 2035 Mitte Februar Urlich hat; als ich
2410 2010 3702 2146 wieder darf erfmerksam wurde, habe ich
2427 2121 3655 2271 gleich mit ihr wegen einer Verhiebung
2437 2207 3672 2369 gesprochen. Sie ist ihresits dazu gern
2444 2298 3648 2445 wert in sie, die beiden Rotten sehr
2450 2403 3716 2550 interessiren – und ist sie schon Gastgrät¬
2465 2526 3699 2663 nächtlichtegen eingegangen und es lässt
2472 2627 3674 2776 sich im Augentlich noch nicht sehen,
2476 2707 3687 2852 of the Bemshuym die Contrarte
2474 2811 3682 2948 an lösen. Elfolg haben worden. Hoffen
2491 2919 3672 3044 ich in welken das Beste und lassen
2484 2997 3686 3149 Je nis den Vortrapolles, ratafin¬
2476 3078 3682 3254 Sie ist diese Angelegenheit gebliegt
2501 3179 3689 3348 hat! Dass sich mein Verschon sehr
