3927 3591
251 184 1686 363 denn Sie das Stich - neue H' sich irgend eine
271 281 1766 449 Möglichheit dazu hiebst – von R. einrich ziehen
273 413 1885 557 und das der Zwischenspiel, nach diesem Gerichten.
313 507 1800 668 spiel, sich zu dem Marien-Stück wieder geselle,
321 597 1845 764 ders Lesung – Theutes. In diesem Falle bliebt
333 730 1756 888 mein Angebet im M. Forr Geraatte für
353 806 1887 1019 tische Stoche selbstverständlich bestehen, während
361 952 1817 1161 Im ersten Falle, dass selbstverständlich,
377 1085 1899 1295 mein aussehliertich auf die Zweieinigheit
387 1179 1704 1379 besirendes Hamburg – Berliner itzgebot
413 1303 1716 1464 entfällt. - In Eiligen stimme ich Ihnen
431 1410 1774 1616 Stossenfer über die Unwehntssigkeit
459 1526 1662 1744 ich ingebracht hahnen Zwillige
471 1660 998 1819 von Hören in
1263 1786 1420 1921 in
1357 1901 1550 2063 as
479 2071 1792 2304 Sollten Sie in einem Abschluss kommen so
485 2224 1869 2454 onke ich im erfertige Mittelung; Zitags¬
499 2326 1742 2522 nachrichten trane ist nicht, besuchts wenn
533 2444 1355 2629 Wm Sie an R. Stemmen
2695 152 2847 285 175
2069 217 2512 361 ossing=Theater
2709 271 3559 429 Berlin plW. 40, den 4-9 190.5
2173 317 2336 391 Direction
2069 369 2438 477 Dr. Otto Brahm.
2502 736 2993 932 Lieter Frank.
2330 952 3525 1113 den Sie meinen Hamburger Brief
2342 1075 3587 1215 so völlig nicht verstehen konnten bleibt
2358 1187 3573 1353 wir auch nach Ihrer freundlichen Aus¬
2358 1253 3583 1466 einzutäschung an Majestät unbegrif¬
2364 1406 3535 1596 lich; und ich wenn Sie an die Ge¬
2362 1506 3491 1706 lantäiss bitten, es auch feindlich
2366 1576 3473 1800 nicht zu rastchen, wie Sie, ohne
2386 1742 3408 1895 meine Antwort abenwarten, das
2412 1845 3585 2013 Stich das ist zwei Monaten in meinem
2410 1951 3523 2153 Händen indem, dessen Bextrag wir
2430 2031 3595 2252 vielfach besprochen hatten, ihr dessen
2430 2157 3577 2340 Titel vor belathen hatten u.s.w.
2436 2262 3639 2464 wie Sie dieses nun nicht so mir deswegen
2454 2342 3493 2556 Bile nk weder entrichten konnten.
2602 2486 3541 2639 Deshalb, mit aus den Ihnen
2426 2568 3585 2733 sonst schon bekenten Gründen, richtet
2444 2663 3517 2845 ich mein Ermerk littest darauf.
