3965 4104
2236 393 2362 531 1
2432 389 2691 527 1 1 1 / 1
1943 711 3486 946 Wispar King – dann soll Ende Februi
1965 895 3453 1079 Chiselde’ Man konnen, -nd so geht
2017 1029 3528 1178 halt die gute Zeit hin. Denière hoffe
2032 1149 3528 1306 Ihr stark den &a es auch in Ihrem
2046 1296 3505 1405 Interesse finden, die, deren niret recht
2030 1428 3575 1600 bestanden, hochwegen der verschiedenen Ont¬
2046 1548 3530 1713 sider zu statiren (sagen Sie kost, Ihr
2069 1722 3627 1864 Ohr tat wchs und sich mit mir, ohne
2060 1844 3569 2011 lage Beik vliebung, über den Inhalt
2079 1992 3511 2139 und die Ehemolage des präsmirten
2102 2133 2687 2290 Ahards e'nigen.
2139 2286 3532 2463 Ich gern Sie alle herstich mit
2182 2434 2835 2606 freindt la filia.
3088 2550 3253 2693 re
2246 2914 3584 3110 Auf das Ergebnis, Ihre. Durchricht
2321 3092 3439 3241 der beiden grossen Stücke sehr
2294 3220 2631 3391 beziehen.
