3985 4088
1933 733 2140 820 Jungel
2170 687 3600 824 Wein, so dass ich erstorben keinen Grund
205 691 1779 921 immt wieder zu predipa. Insternare der
1950 786 3583 963 sehr, zur Hauptzeichung an u daszusprechen. Der
211 820 1829 1035 Thiert schulde ich einen Meilen und heh der
1975 927 3606 1096 seine Georg und hoffentlich keine Polybrechs¬
222 980 1823 1164 da sie den Décembre nicht acceptirt, nur in den
1946 1048 2577 1208 Ruy dustellen
146 1044 1848 1278 I anna gelegt, woraus eben die Februar - Ver¬
1973 1162 3503 1375 Mornad hat the Probst the Fjurison eer
175 1208 1851 1420 um resultirt. - also überlegen Sie ich bitte
1977 1234 3555 1519 hübsch gespielt, und hat auch Lob geplückt.
251 1365 1808 1510 du Sasse mit Ihrem Daimonion; seien &ce
2005 1386 3557 1641 Freilich zum Probst hat Hofrechten meinig.
177 1449 1867 1648 I right in rhell it dem Entschluss: nächste
2032 1521 3528 1743 so wenig, wie Rosenbleum um Praepeten!
380 1559 767 1665 rate ist nicht
264 1593 1813 1779 Saisonj – wishebb das wissten die zu selbst,
2036 1635 3625 1882 Womit ich ehr sein weite Land. Präquose
285 1715 1815 1903 trenn she Ihnen auch nicht auf dem P.
2045 1772 3528 2001 niet aufschten will, so wenig wie Ihre
308 1819 1891 2017 Gepredigt with - and lassen In my hann
2051 1853 3503 2117 vom Lesing - R. The Mundee migen
308 1971 1777 2138 zu einen Defectionum kommen. – Für den
2051 2024 3321 2218 Hänig reden und die xxx.
165 2138 234 2252 in the
292 2096 1829 2273 Anahl hoffe ich im November ald den
2087 2153 3555 2372 Wenn es sich ilgend möglich ist, kenne ich
323 2195 1886 2438 Eerster Tijen des Der. Platz in finden, mit
2055 2271 3553 2493 zum Medadus mit rück Freuden. Ich
317 2349 1802 2514 daan ständen ich ja der alte und der
2051 2372 3545 2613 Druck in a Neuen Raykslau was
294 2470 1396 2628 Sache Scha. nicht im Lisst.
2053 2501 3538 2748 sehr gut; ich mein, das Gedrückte! Wie
334 2571 1618 2793 Gratilite Pisters aus ses nupur
1994 2636 3583 2854 gelt Frau Aje und den Kindern. Und dem
1591 2655 1905 2801 Christine
161 2767 247 2881 F.
382 2721 1867 2907 und denke sehr für den Einsamallerschen.
2053 2784 3617 2996 parison Haer Vater? Hommen Sie nach Tegel
363 2829 1779 3027 Glückwerk. Wir heten damit in der
2013 2896 3572 3158 da herscht ein geadern infane Anke;
1946 2943 2045 3069 merey,
361 2981 1760 3135 Tat einen sehr schönen künstlerischen und
2087 3019 3663 3279 an der Grundung darf man freilich nicht
298 3072 1762 3310 soo auch einen praktischen Befolg gehabt (11
2070 3133 3627 3342 denhaar in dieser martiersten Melanschole, die
222 3156 1895 3467 Auffschrätze 33 000 rtj. Jetzt bleibt mein
2039 3249 3503 3403 man mit Klest noch: zum xxx
