7611 4105
2325 798 3308 1002 Berlin N. 20., den 26. März 1898.
2104 1019 2502 1234 Herrn
1666 1013 1883 1238 H.
2023 1128 3251 1319 Dr. Arthur Schnitzler
2308 1257 3361 1445 Wien IX., Krankgasse 1.
1793 1402 3240 1613 Sehr geehrter Herr Doctor!
2187 1566 3370 1785 Zuvörderst bitte ich Sie
1736 1715 3372 1885 um Entschuldigung, daß meine
1749 1800 3295 2002 Antwort bis heute hat auf sich
1723 1932 3338 2121 warten lassen. Ich hatte wirk¬
1721 2038 3359 2221 lich im Drange der Geschäfte Ihr
1689 2142 3372 2336 gefälliges Schreiben und die Er¬
1700 2249 3378 2436 ledigung der Sache aus den Augen
1719 2370 3359 2559 verloren, Beifolgend erhalten Sie
1700 2483 3383 2604 nun den Vertrag über, Vermächt¬
1676 2576 3372 2740 niss" mit der Bitte um gefällige Rück¬
1687 2700 3332 2889 sundung desselben mit Ihrer Unter¬
1706 2802 3387 2991 schrift, worauf Ihnen der Gegenver¬
1674 2932 3383 3117 trag zugehen wird. Um Aufführungs¬
3849 1077 5406 1251 termin habe ich aus praktischen
3912 1187 5449 1389 Gründen bis zum 1. Januar er¬
3895 1317 5444 1489 weitert, weil es nicht möglich
3895 1400 5359 1604 ist, sich so mag zu binden und
3878 1528 5421 1721 dies auch stundem andern Autor
3859 1619 5353 1830 gegenüber geschieht. Es ist dies
3866 1783 5421 1919 aber nur eine nothgetrungene
3836 1855 5442 2047 Vorsicht und Sie können sicher
3847 1964 5395 2155 sein, daß wir das Erforderliche
3840 2066 5442 2274 thun werden, um das Stück zu
3834 2185 5438 2376 einer günstigen Zeit heraus¬
3849 2319 4546 2498 zubringen.
3932 2436 4925 2596 Herztwehr Quisses in Eile
4846 2474 5268 2664 an Nun
4946 2647 5342 2821 ORshan
4044 2842 5376 3010 Til Lehmann ist nicht Saison bei
4051 2957 5393 3108 was not soll Ihnen wünsche genoss
4061 3066 5429 3230 für die Pour in Archiatie germann
4115 3170 5436 3323 worden. – Was neben Ihre neue Pläne.
4087 3287 4851 3451 inMa Ihr wieder.
6995 804 7155 925 189
6253 774 6814 913 Berlin N.20., den
6517 928 7046 1085 Eugen 1/68
6163 1255 6936 1396 Liebe Herr Schüttler,
5806 1457 7061 1640 einmal schlögt nach dem grössten
5853 1570 7189 1749 Türke das Gewisser, und a schon sich
5866 1715 7189 1851 riess und hetst: lieber Her, versich¬
5863 1819 7131 1949 mir mea calpa maxime. Es soll
5919 1919 7161 2070 auch nicht abgesehen. — Wiran habe
5910 2015 7127 2172 in Nun aputlsch in large inst
5936 2136 7095 2276 geschrieben ? Mit, wollten Sie den
5946 2236 7136 2376 wissen? So ist ich: in Paris.
5959 2355 7112 2502 was ich sch: weig Gutes. Ihr
5959 2432 7178 2572 wirk Ihm in kleines Feu.leten
5976 2527 7180 2679 darüber schreiben, man ich nicht
5972 2647 7108 2798 bedrochen, dass Sie nicht alles
5983 2749 7157 2893 Sepasmothe mir im vorigen Jahr
5983 2840 7146 3002 aus Paris geschrieben haben! Ich
5993 2959 7253 3140 schliesse sich diesem geehrten Verreichung
5997 3055 6376 3196 que un
5980 3138 7165 3332 Jetzt sitze ich also in Lejener
