3975 3992
177 667 1810 844 Ihren Interessen vischt gemäss, er fragt ist, nie ist
226 805 1788 948 Ihnen den eventuellen, Schaden nagsten kam: aus
256 923 1788 1076 dieser Eenigung heraus erlebte ich mir den Vor¬
258 1031 1747 1184 schlag eine Tautiener geraske, in dem ich nicht.
291 1131 1775 1316 die Veranlassung gehabt hätte, wenn es sich mit
321 1267 1812 1418 nicht um der Erwäh trede Stirche handelte.
332 1326 1731 1554 Ihr kann eben auch diesen Nachricht noch
346 1507 1753 1668 delia dreitete, dass ich Ihnen for heide
362 1594 1843 1790 Stiche Form A. Gerrithe - nelleerst agt Ihm
382 1708 1155 1871 diese Form sind m.
390 1810 1859 2036 Dan ich die Sama für die Cäritie ausge¬
372 1924 1810 2135 seeslant frude, ddas hete she I have me e'a
390 2064 1863 2270 Zohl zurück; als das bestimmt glaube
407 2192 1759 2373 ik dun Friesde plus Rassaeum - die
415 2276 1845 2491 eine Leute spielen ja das Stich – ein weit
433 2420 1806 2609 töhre Ziffer bedeuten, als Sonne plus.
458 2532 1759 2741 sagen wol Er lubesten; der ersteht nicht
470 2644 1855 2855 ubulich noch als der relativ Beste (Ilignée
494 2813 1875 2975 in whom wath in trochen, hade mouston
510 2898 1796 3083 an gade eine glückende Namidtheit
515 3024 1857 3223 & la B. Leberstedingung). - Also - aussi de
547 3134 1847 3289 hänkommt betrifft habe Sie bei nicht
549 3221 1409 3368 mindestens gleibe Chause
2567 614 2723 755 173
1961 665 2479 840 Hessing=Theater
2674 720 3516 881 BerlinenaW.40, den 1.9 90.5.
2146 791 2308 877 Direction
2038 809 2408 944 Dr. Otto Brahm.
2493 1198 3008 1340 Lieber Freund.
2223 1375 3571 1560 ich erfahre sein, dass Ihnen mein Brief
2259 1503 3583 1668 angenehm mir und das, Sie die Darstellung
2270 1588 3575 1775 des neux Fiches en Lesing - Th an irs
2284 1698 3527 1908 Ange fassen – schon nicht der Edellem mit
2325 1849 3490 2026 nicht der praktischen Sich haben Sie
2337 1954 3516 2131 meinen Vorstely anders aufgefassen, als
2363 2060 3482 2235 or genent was, wenn Ihr gebet sie
2386 2178 3642 2365 Comide can within Nakhara terd rea
2388 2294 3502 2510 lassen, also kommt es darauf in,
2422 2398 3573 2589 beide Stuche zu haben, und Sie, der
2432 2516 3608 2705 und Herr Freund mit zu viel Jahren
2473 2615 3573 2823 germen ist, wie er überhaupt herz¬
2453 2748 3468 2953 fremalsk-thostralisch Tätig war
2483 2878 3632 3069 (schöne Deutsch) — Sie nicht mit einem
2502 2994 3610 3171 neue Heylsndh im anders gestilten
2481 3110 3510 3307 an schon. Empfinden Sie dies als
