3990 4087
2625 669 2803 771 200
833 824 978 937 207
1966 857 3537 1047 an A.A.G meister Dienstilen und vorläusste
1995 1015 3396 1152 Presie werden wird — jedenfalls schlift es in
1395 1101 1878 1213 Huis ter Duin,
2021 1131 3500 1289 meinem verscheinigigigten Besentheil aber zu tief,
1416 1182 1712 1301 Juni 1600
2023 1213 3513 1416 wie es in Ihrem Chartasie müssen und geleiten
1113 1287 1892 1471 Roordwijk aan Zee, 21.7 1906
2033 1385 2279 1510 mahl.
2042 1463 3504 1620 Aber für Ihre Intention, da noch mit Marien¬
2068 1545 3435 1723 Lyst fangen will, fürchte ich, viel theurer
1031 1594 1510 1768 Lieber Freund
2079 1669 3480 1810 Meister: ich sitze hier recht fest, und 24
2132 1774 3508 1929 Standen Fahlt sind kein leerde Wahn. So
704 1829 1810 1974 ich erfahre natürlich sehr gern, dass
2144 1890 3455 2042 derke ich dem, bis zum 1. August da zu-
706 1952 1833 2089 Sie so produiten sind. Zwar het ich
2115 1993 3466 2150 bleiter, ad den will ex etwas ziemlich
718 2072 1858 2179 das über den Einster Gesagte, und
2160 2109 3510 2254 Verrichtes machen, nämlich nicht auf etwa
718 2156 1841 2291 wie der sich in einem Eyslus vorhält,
2166 2183 3551 2355 8 Tage nach Berlin sehren und einen Eben¬
720 2289 1839 2412 ten heute nicht entschiffen können
2187 2330 3564 2451 Artikel werden schreiben da sind hier schon
753 2385 1839 2508 (das gröndliche Studium bedingte)
2205 2418 3468 2594 leblast gegen meinen Schädel hismmert,
741 2506 1898 2649 die späte Aufnort, freue mich aber
2213 2543 3510 2680 aber sich doch streicht, er Holland zur
749 2616 1856 2735 um so nicht über den Beginn des
2230 2616 3574 2772 Welt in kommen. Dies voll Erret habet,
755 2674 1894 2848 et-Huskes, das wir vielleicht in Er¬
2222 2766 3549 2915 was ich wohl rost mit ausfließen; etc
757 2815 1841 2977 herft, in Interesse der Disnetion,
2242 2864 3498 3024 daan sind Sie je schon am Auftrag
763 2942 1839 3063 des B. Stich näher hirmer oder
2261 2954 3598 3140 und ich dirigke noch vermuthlich helgen.
769 3046 1847 3181 das A. B-G-Stach – da es gewiss
