7699 4136
963 1472 2630 1689 Ziehe Herr Schüteln, mogen habe ich nach Schrei¬
959 1617 2598 1771 herkan, Hotel Reistriger, mein Aufenthalt ist,
959 1691 2581 1868 zweifert nur auf 8- 1er Tage könnt. Den Sie
976 1799 2602 1946 in diese Zeit hin kommen, ist wohl na wahrschön¬
955 1858 2587 2009 lich, sie wollte aber die Meldung nicht unterlassen
970 1927 2544 2089 haten. Eine kleine Verlingerung des Aufenthaltes
966 2052 2643 2174 und falle I’n wohlich erstienen, mehre ich gern. Später
985 2130 2542 2252 denke ich über München aus Berner Oberland.
1063 2215 2646 2332 an zu sehn. — Entschuldiger In wenigst du schöne
1080 2284 2672 2410 Läge. Unes Pariser Briefes heute nur in Schröder
1074 2373 2609 2488 Kürze wiedere es gieht mich so viel zu ordnen¬
1072 2425 2540 2537 Also nur schnell nach der Würst von Hirschfelds¬
979 2496 2592 2611 Marie ausgesprochen: „Im fleissig“, und es en
970 2576 2711 2730 Wiehlt ist in Gnaden mit herzlichen Grössere M. O. Mahm
4046 764 5638 942 schwepe, als die Zesen reden und zwischen
4075 894 4986 1061 den eisterlichen Grühter
4111 994 5629 1147 gebarmes macht eine ganze Odyssee durch
4118 1117 5538 1260 defeniter frei ist er nicht immer nicht
4142 1217 5568 1347 und nur wiss, wie viel Schwänze er in
4142 1312 5657 1459 dieser Polnefalle noch besser soll. - Unsere
4152 1431 5694 1574 armer Fulde hebt die ja schon ingerichtet.
4152 1546 5610 1682 man Frühstücksfreund Speidel soll zu
4187 1667 5564 1782 allen voran spreiten – keierten Sie nicht
4204 1764 5605 1920 vielleicht das Feuilleton, das ich nicht
4217 1840 5044 2035 sich, wie rastuffen?
4211 1951 5698 2139 Wie geht’, dem Hoffmannschal bitte grossen
4230 2115 5616 2239 Ia da schon. In betr in einen ewepen
4207 2195 5651 2340 Trubil homme sha ans Hanberg in¬
4211 2327 5623 2459 rück, wo ich aber nicht den Sollin
4200 2446 5672 2581 Ihr hud'lothriner weinte: a un ein Schrift,
4261 2563 5122 2678 nehmit alles mr le allem
4274 2661 5514 2789 Das politische Transpiel his Ihnen
4298 2793 5631 2938 hat was in sterha Spanny gohatten.
4311 2884 5601 3061 doch ich will nicht leitertikeln, oder
4343 3005 5545 3159 He was shall gisse; by what
4373 3118 5454 3323 sastick’ In O’Ruhan
6439 775 7383 935 Berlin N.20., den 9'711 189 7
6222 1318 7121 1472 Lehr Doctor Schickler,
6086 1557 7320 1697 in quatilie schon in den Tragern
6066 1693 7281 1819 Der Folge der hoffertlich ein Vortritt
6075 1823 7097 1940 des gleich großen Ariener ist.
6081 1923 7342 2059 Dass she Ihr neues Stich in me
6099 2029 7303 2174 benat ist ja schöne; dass es ist
6099 2141 7409 2271 so whigort, ist schade; heffatt’th
6116 2249 7311 2403 worden Sie ein reret bald fertig
6112 2321 7329 2477 und legen es den vertrauensvoll
6146 2466 7367 2568 in meine zu diesen Zweck Ihnen
6146 2566 7108 2698 met offen gehaltenen Händen.
6166 2674 7346 2802 Die Weilwirtschirze, die ich als
6170 2773 7335 2901 Dichtung sehr gern habe werde
6151 2851 7467 3031 n föret ich, auf der Röhre ist.
6133 2964 7376 3154 bestehen. Besten Dank noch für
6144 3081 7413 3243 der feine Novelle, die Sie mir mit
6166 3191 7378 3367 auf die Reise geben; die Taten
