3960 4071
2689 582 2803 689 138
2659 670 3631 876 Berlin N. 20., den 29. Aug. 1903.
2374 828 2719 1041 Herrn
2378 964 3466 1142 Kr. Arthur Schnitzler
2601 1071 3668 1243 Wien IX, Frankgasse 1.
2217 1210 3666 1404 Hinaer Herr Schmitzler!
2318 1402 3713 1569 Soeben erst von meiner Reise
2048 1517 3692 1678 zurückgekehrt habe ich Ihren Brief,
2048 1644 3685 1801 vom 30. v. M. nachgesehen, finde da¬
2024 1726 3702 1906 rin aber nichts vom einem Anspruch
2022 1841 3687 2017 auf 3 % für den Puppinspieler. Es
2032 1994 3668 2127 wäre auch von mir sonst nicht im
2020 2071 3722 2243 erwähnt geblieben. In der That ent¬
2017 2183 3732 2348 spricht der Satz von 2 % für Einakter
2017 2279 3685 2434 der Norm, an der das "Deutsche "Heater"
2011 2380 3739 2578 mener festgehalten hat. Eine Ausnahme
2032 2485 3722 2672 machte mir Ihr "gamer Lakadu", für
2020 2610 3728 2786 welchen 3 % vereinbart wurden aus
2026 2717 3681 2859 dem besonderen Grunde, mit dieses
2048 2829 3741 3009 Stück den sonstigen Umfang der Ein¬
