4019 4041
2753 534 2907 666 143
2733 683 3684 826 Berlin N. 20., den 21.9.1907
2622 1164 3274 1315 Licta Rea Schokke,
2446 1373 3634 1494 gern ließte ich ja die Litteratur
2451 1486 3699 1618 dem tilligen Kollegen nicht aus; ehe
2470 1625 3525 1729 da Sie es wünschen – sei', denn
2507 1701 3617 1825 Ich freue nicht, dass Sie bei der
2502 1787 3724 1930 Rückkehl in dem Transpiel so gute
2499 1897 3726 2022 Anrichten schon und hoffe es an
2512 2000 3679 2124 also in nicht in ferner Zeit in
2507 2082 3614 2243 Händen in halten und es, in
2502 2215 3657 2358 penssion Iare mein zu nennen.
2639 2331 3699 2457 Dem Tappenspieler wurde ich die
2471 2417 3639 2600 Anforschung leblast wieder und
2493 2554 3699 2685 denke ihm mit dem Antonius im
2482 2643 3677 2784 Maltatensch zusammenauspanen, der
2510 2781 3724 2902 viel besser ist, als sein Prof. Leider
2510 2887 3695 3007 hat die Ersatz in arge Stärke ge¬
2527 2980 3687 3117 merkt im „thotniess“, den
2527 3102 3427 3234 wohl nicht recht wiss,
