3981 4103
3556 378 3707 535 1..
3224 441 3432 556 1e,1
2775 775 3707 922 Berlin N.W., don 6.12 190
2614 1290 3415 1423 Lieber Herr Schützler
240 1363 1821 1530 Diese Herr Schütels des Finken hat einen innigen
256 1493 1793 1634 Toch de Empfindung, als noch gere wenig Bührense¬
2421 1507 3689 1638 die Direktion des Deutschen Theaters
252 1558 1850 1725 which, ill Iines empfehlet he will its the Ausserer.
272 1650 1771 1779 und ich bin nicht mehr, ob dieses nicht stichte,
2443 1634 3762 1807 nämlich se, hat gar keine Erklärung
246 1691 1759 1866 Hinterleger ich klingen wird, als jenes Förterung
2451 1745 3701 1870 istet den Theil d. B. abgegeben.
242 1773 1830 1930 Ia in uddeutstes Ehl hat aus de Ausdagh
2468 1848 3782 1976 wie wir mein Secretär rekträgten
294 1866 1815 2015 ibées au ick echter Gefühls etwas pendanty
235 1922 1731 2069 Briebes u lisst Sentimentales. Alles in Mm:
2498 1958 3752 2091 erziht, hat der Holzkoch, angeblich
272 1993 1753 2145 Tallet unterstrittet; also man ihr Vormund
2506 2067 3595 2200 in Auftrage des Lrealnaeigers
306 2073 1803 2220 wie, würde ich doch sagen: das Kind soll nur nicht
248 2131 1825 2288 zu Röhre – einen wenn sie des Geldes wegen muss und
2506 2162 3738 2300 + clephinierte angefragt, ob das Stücke
296 2204 1821 2369 sivats tenies but - denn der Erfolg ist ewigelhaft, - was
2510 2298 3675 2405 von uns abgelehnt sei. Meines
270 2296 1767 2423 die wird, als "Fried", viel Bitteres, fressen wissen.
266 2367 1658 2520 Sint sind wie also nieder Berliner und Dramitik
2540 2361 3595 2494 hat darf erwiedert, dass
1479 2397 1751 2486 Klinck N.
286 2415 1218 2518 hauses Gefühl. Was nicht die
2532 2474 3735 2596 ihm principiell untersetzt sei, über
2522 2550 3758 2737 gut eine des Rectors Aus¬
2518 2671 3715 2812 das efte in gehen; auf die weitere
2526 2735 3663 2920 Frage, it da, ytich he mis
2548 2892 3746 3025 er Aufführung können werde, hat
2546 2991 3623 3122 er gesagt, darum sie ihn nichts
2520 3079 3691 3246 bekannt. Was M H. aus dieser
2528 3172 3756 3331 Mitteilung aan vielmehr wäre.
