3920 4056
2171 327 2292 442 1 i
2601 646 2766 773 180
2036 747 2411 872 Eing=Theater
2601 751 3450 926 BerlinenaW.40, den 17.9 190.5
1901 759 2046 960 Pes.
153 791 1651 914 Theil ertriffern konnte, und auch an cum
2088 843 2240 928 Direction
1973 900 2339 1005 Dr. Otto Brahm.
182 892 1778 1041 Theil vöstche. - Von dem Vaterz erwiesen Haupt¬
2125 979 2209 1100 *
208 1045 1743 1138 nem und wir haben Sie wohl eine itzige Auf¬
242 1116 1764 1257 fassung; sampt dabei eine Tartieneri dienste
274 1243 1764 1390 in Betrut kommt, bezieht sie sich an auf
2506 1211 2974 1362 Lieber Freunt,
289 1390 1743 1491 die altdem Thische, und sie ist auch der alt'
2270 1453 3555 1584 antin der Vortrag; mehr als dieser Ihnen
317 1477 1776 1616 gestellt, dass sie, nach den Erfahrungen wieder
2272 1572 3461 1681 über den Pamin sagt, kann ich ver¬
339 1574 1699 1719 Iahre an die ihm wahlsch zu bemenden
2302 1675 3570 1820 läufig nach nicht vorathen; monathlich
331 1689 1628 1812 Tartène mesul'il ybertoffen wird.
2209 1794 3525 1911 uhr wird es nicht nichtlich sein, in October
357 1802 1645 1961 3e pud welke Complicationen it den
2343 1903 3584 2038 noch mit Ihrem Stich herursenkommen
351 1941 1741 2086 Interesse an der Antotea, die aas diesem
2359 2018 3574 2143 da for den T. des Monats Siddensans
383 2086 1638 2224 Vorträge entstehen hinter, sind dehr
2363 2133 3594 2280 Neustes geplant ist. - Ich denke daar
414 2240 1764 2339 ausgeschlossen. Auch hierüber mündlich
2389 2248 3628 2401 zu Ihrer Wiederhuft ins Burgtheister
396 2341 1755 2464 Nicholes wenn sie wollen. Eintrigens liegt
2401 2347 3493 2498 nach Wien zu pilgern; den hinter
464 2476 1737 2593 as not in him at, as even no or
2423 2456 3602 2615 wir dann alles Schwehnder miedlich
2419 2607 3557 2740 artire; jedenfalls freit es nicht.
468 2587 1790 2730 trägt'ster' Acta ins Geputteil unan¬
2421 2694 3541 2853 aus erfahren, dass Sie das M vier¬
510 2740 797 2875 schliffen
2433 2829 3600 2962 merk gleichlich unterfinden. Was
502 2873 1802 3029 a he ist sende ist seperet
2454 2926 3618 3057 Ihr mit ihr R. freundlichst anvor¬
527 3017 1471 3168 wuch. Malit grüssert
2440 3021 3561 3172 traren, und nun so mehr unter
2472 3158 3572 3321 uns "bleiben, als ich es nur cum
1412 3152 1622 3360 as
