3975 3911
459 966 1796 1188 Sehr geehrter Herr Doctor,
549 1111 1905 1303 Herr Oberrezisseur Lesing
390 1228 1887 1400 lüßt Ihnen noch mittheilen,
378 1325 1850 1473 daß die in Acteratur bem
390 1416 1856 1590 thierten Familienporträts
392 1503 1864 1664 österr. Offiziere hier trotz
392 1616 1907 1751 aller Mühe nicht aufzutrei¬
368 1685 1913 1856 ben sind. Er läßt Sie deshalb
384 1796 1984 1957 freundlichst bitten, solche meine
382 1881 1887 2054 irgend möglich, in Wien be¬
354 1994 1921 2147 sorgen zu lassen (ohne Rahmen
354 2101 1974 2234 und sie direct an das deutsche
362 2174 1873 2361 Theater zu beordern. Ritz
366 2268 1919 2454 bestem Domkum Vorwand
717 2384 1887 2598 Hochachtungs von
642 2519 1998 2747 Deutsches Theater zu Bedlin
804 2658 1974 2889 1 a. Ad. Mewes, Secr.
3056 562 3155 723 92
2864 671 3814 844 Berlin, N. 20., den 24. 12. 190
2509 1248 3765 1438 Beruhige d. hinegte Gemüthe
2533 1398 3228 1549 sagen wir in Berlin
2503 1477 3670 1652 Die Porhits sind träts gestern
2507 1620 3822 1786 epliefert und sogar bezahlt worden
2517 1749 3796 1905 Sie müsse wir noch gerechnet worden.
2505 1846 3733 2020 Dan ist am 20. vbr 21. nach pressen¬
3495 1873 3658 1949 ver
2525 1941 3686 2135 konnte, ob die für eine Vorstellung
2521 2064 3735 2254 am 4. Januar bestimmten Blad 12
2511 2121 3785 2347 Tage vorher bei keinem fertig sein wieder
2499 2270 3648 2468 hann Sie bei ruhige Überlegung
2529 2392 3616 2573 sicht allausche wunden, lieber
2521 2470 2967 2652 Herr Trinkler
2513 2610 3654 2780 Bassmann den Limerts in Ihn,
2533 2705 3769 2901 war aus innern wie äusser Grünken.
2511 2778 3699 2982 (a ist schl überleitet) nicht möglich,
2519 2887 3729 3109 Fir das Bild die Gaabe in der 1. mit
2545 3002 3678 3171 2. Siene hat ertriflich die Thiesschen
2525 3105 3555 3224 - mit rathen Haar - gesessen.
2501 3167 3779 3287 Auf gutes ronderschen. Meinl.
