3966 3766
212 552 1754 705 auf alle Fälle, ob In ein annehmen oder ablehnen,
206 654 1746 791 Witte ich mein Angest als meerschlüsse discretis an¬
220 756 1398 888 zwischen, geben jedemann (eis gegen Rega)
242 831 1748 980 Schlechter hat mir in Meinhad gesetzt, ganz aus sich
257 941 1762 1078 heraus, da sie glück in Begriff gewesen, Fischer en er-
261 1027 1752 1172 nechen Sie kann die Einsentung Ihres Neuesten an er-
271 1117 1718 1253 worhen. Oh ist diese Mission à burchum wolle? ich
277 1218 1716 1341 sagte ihm das: Sie in einer Stichen arbeiten, dass
289 1316 1811 1451 cta heide noch niet ganz sprnkreif zien und durch
297 1394 1797 1548 ich Ihnen rechtens von seinem Ärnerste Mittlichung
300 1475 1363 1620 melden würde. Was hiermit geschieht.
306 1587 1789 1726 Betreffs hier älteren Stiche bis ich instesendere eind
314 1681 1771 1838 Anfahre des Einsame Wegs sehr gerecht, dientre Sie
326 1779 1799 1913 abd an The Abicht, Einiges en indien. Mein Gifel
340 1850 1826 2003 in diesen Wort und etwa den Let. St. wird werden,
363 1962 1817 2119 wenn ich erst wiss, dass ause Ihre reue Gendretien
363 2025 1917 2198 mit einfällt. Und nun wollen Sie etwas noch Lustiges
367 2109 1881 2300 als die Kornsde zesen? Mein nun das nur derleben
389 2223 1870 2368 ist; resprester Sie nicht einzel. Und schreiben Sie auch
395 2302 1791 2471 d'une vérité Romain, dans mon mil weder ce was
410 2408 1856 2582 Epischen sine Freude haben kann. Ist lese jetzt nur
430 2504 1870 2671 Briefe, z. B. Bülon-Briese, letzte Bent; Aschick und,
424 2555 1785 2740 Mchlanvement ofty. - Huytum ist mit den
458 2669 1891 2838 Imffeln fertig, voll mit ihrem nachsten erst Berlin
465 2759 1911 2954 weisen. Wiede Christspiel Frühjele geplaßt, in Recht
479 2836 1836 3020 néest es: alle Man auf die Spazen - was mein
501 2928 1801 3113 Anerklsein war, wenn ich sehbe nicht, die Diagerse
507 3001 1817 3170 schwankk ausserlichen Hde, Dichderin und Churose,
522 3093 1844 3221 Johann Ausmahl, gelt? Nachrich grissend the O.B.
1938 454 3574 568 Odiosyn hiesie Eben Leseing dazu, in glücken, dass der
1948 518 3486 670 2 Ahk ist tehellos inscheiden höre; auch ist ja zu
1970 626 3537 754 Anton und innig hembt self auch noch etc. Ihr Ein¬
1978 699 3492 831 durch nur alle gegen Z. resultät glaub ich noch aus
1997 780 3484 958 den Parten und Berthe; ehe teuersten Sie früh, dass er
2011 878 3527 1039 demals in those overplik in the trag and - these
2042 970 3482 1131 Bewegung undet sich an den Dr. med. A. T., den
2060 1080 3547 1229 vf. des Jacobson-Hetihols! - dass der Mauss schrei¬
2054 1165 3525 1326 entwendeten, ja ohne jeden Bliddam (Sonderberg
2062 1280 3231 1432 hat ihm entfängt) ein Andere wird. - -
2076 1347 3598 1526 Mein Hendfacht ist ein folgender. Ich habe den Wunsch,
2101 1461 3631 1610 beide Stöcke in geben, etwa in den Terminen, die Sie herrücken
2119 1577 3639 1701 Er mirst und d. 1. Sie haben die Meinung, dass zwei Rähne
2137 1665 3545 1801 ghen Intdessen besser diema. Wie kamen wir die in
2156 1748 3645 1897 sammen? Willest man we Ihnen for das 2. Stocke
2174 1834 3598 2019 eine gute Position dedurch istäre, dan ich Ihm
2182 1930 3647 2105 die Tentione jurentive. Ihr durch uhr also, Herr
2200 2044 3580 2190 falls Sie diesem Gedachten naher treten wollen, und
2231 2129 3600 2317 wir das Stich bis Nerple übergehen M. 2000
2233 2258 3113 2404 als Anzahlung auf Teukenen
3105 2294 3557 2382 die die Ge¬
3105 2355 3460 2435 re offerire.
2258 2341 3578 2514 reichung des Stückes fällig wurde, Mögen die
2286 2449 3523 2618 aus diesem Vorschlag dischen, dan ich noch
2274 2559 3617 2698 trindsätiger Interesse darin finde, die reise
2311 2663 3551 2846 an den Heise geber zu seben und dass
2315 2761 3653 2916 ich bestimmt glach, auf die Marien-Ter¬
2317 2867 3462 3022 gibie diejenige Thataforn geniene
2325 2967 3562 3140 können, die dies solchem – fesulade Werk
2327 3050 2582 3176 retient.
