<?xml version="1.0" encoding="UTF-8" standalone="yes"?>
<PcGts xmlns="http://schema.primaresearch.org/PAGE/gts/pagecontent/2013-07-15" xmlns:xsi="http://www.w3.org/2001/XMLSchema-instance" xsi:schemaLocation="http://schema.primaresearch.org/PAGE/gts/pagecontent/2013-07-15 http://schema.primaresearch.org/PAGE/gts/pagecontent/2013-07-15/pagecontent.xsd">
    <Metadata>
        <Creator>prov=READ-COOP:name=TrHtr:version=2.1.0:model_id=51170:date=25_07_2023_23:35</Creator>
        <Created>2023-05-02T07:45:08.111+02:00</Created>
        <LastChange>2023-07-25T23:35:57.687+02:00</LastChange>
        <TranskribusMetadata docId="1416705" pageId="54951380" pageNr="364" tsid="130850266" status="IN_PROGRESS" userId="64420" imgUrl="https://files.transkribus.eu/Get?id=DTBBFQRXXQNAYXFZOKBQRHDP&amp;fileType=view" xmlUrl="https://files.transkribus.eu/Get?id=WLZVJUWUTPRAHXZDEWOOQTWC" imageId="44455106"/>
    </Metadata>
    <Page imageFilename="1416705_0364.jpg" imageWidth="3792" imageHeight="4056">
        <ReadingOrder>
            <OrderedGroup id="ro_1711829832492" caption="Regions reading order">
                <RegionRefIndexed index="0" regionRef="tr_1"/>
            </OrderedGroup>
        </ReadingOrder>
        <TextRegion id="tr_1" custom="readingOrder {index:0;}">
            <Coords points="1919,615 3551,615 3551,1881 1919,1881"/>
            <TextLine id="tr_1_tl_1" custom="readingOrder {index:0;}">
                <Coords points="1909,704 2839,729 3111,667 3250,721 3407,665 3546,682 3548,572 3342,549 3101,616 2933,570 2596,643 2433,588 2251,633 1911,604"/>
                <Baseline points="1919,671 1963,674 2008,674 2053,674 2098,677 2142,680 2187,683 2232,683 2277,686 2321,686 2366,683 2411,683 2456,683 2501,683 2545,686 2590,683 2635,683 2680,683 2724,680 2769,680 2814,680 2859,680 2903,680 2948,677 2993,677 3038,674 3083,674 3127,668 3172,671 3217,668 3262,668 3306,665 3351,665 3396,668 3441,668 3485,671 3530,674 3551,674"/>
                <TextEquiv>
                    <Unicode>Ich habe Reute so wenig wie im Sommer</Unicode>
                </TextEquiv>
            </TextLine>
            <TextLine id="tr_1_tl_2" custom="readingOrder {index:1;}">
                <Coords points="1925,806 2209,861 2482,865 2674,806 3050,849 3170,796 3495,804 3495,704 3274,743 3019,694 2923,739 2513,702 2407,770 2149,710 1925,739"/>
                <Baseline points="1936,784 1981,784 2026,787 2071,787 2116,790 2160,793 2205,796 2250,799 2295,802 2339,802 2384,802 2429,799 2474,790 2518,787 2563,793 2608,793 2653,793 2698,790 2742,790 2756,794 2756,794 2802,790 2847,790 2892,787 2936,790 2981,787 3026,787 3071,787 3115,787 3160,784 3205,784 3250,784 3294,781 3339,781 3384,784 3429,787 3474,790 3497,793"/>
                <TextEquiv>
                    <Unicode>die Neigung, dieses Itrenz auf mich in</Unicode>
                </TextEquiv>
            </TextLine>
            <TextLine id="tr_1_tl_3" custom="readingOrder {index:2;}">
                <Coords points="1933,957 3493,910 3511,806 3354,839 3272,796 2939,870 2756,821 1933,861"/>
                <Baseline points="1945,898 1990,895 2035,898 2080,901 2124,904 2169,910 2214,910 2259,913 2304,913 2348,913 2393,910 2438,907 2483,907 2527,907 2572,907 2617,904 2662,910 2706,910 2751,904 2796,904 2841,904 2886,901 2930,901 2975,898 3020,898 3065,895 3109,895 3154,892 3199,892 3244,892 3288,892 3333,889 3378,892 3423,892 3468,892 3512,898 3515,898"/>
                <TextEquiv>
                    <Unicode>nommen. Ich bin nur nicht sie tahtruck wie</Unicode>
                </TextEquiv>
            </TextLine>
            <TextLine id="tr_1_tl_4" custom="readingOrder {index:3;}">
                <Coords points="1933,1027 2076,1004 2347,1072 3474,1043 3472,945 3417,933 3244,976 2962,923 2564,1006 2441,961 1933,957"/>
                <Baseline points="1945,1002 1990,1002 2035,1002 2080,1005 2124,1011 2169,1014 2214,1014 2259,1017 2304,1020 2348,1020 2393,1020 2438,1020 2483,1020 2527,1020 2572,1020 2617,1020 2662,1020 2706,1023 2751,1023 2796,1023 2841,1023 2886,1020 2930,1020 2975,1017 3020,1014 3065,1014 3109,1017 3154,1014 3199,1014 3244,1017 3288,1017 3333,1014 3378,1017 3423,1020 3468,1023 3479,1026"/>
                <TextEquiv>
                    <Unicode>M. R., dass ich meinen Kort öffentlich</Unicode>
                </TextEquiv>
            </TextLine>
            <TextLine id="tr_1_tl_5" custom="readingOrder {index:4;}">
                <Coords points="1970,1121 2570,1192 2790,1147 2870,1188 3193,1141 3423,1170 3423,1063 3331,1043 3172,1104 3003,1070 2735,1125 2564,1066 2368,1063 2286,1115 2125,1061 1970,1074"/>
                <Baseline points="1981,1110 2026,1113 2071,1116 2116,1122 2160,1128 2205,1134 2250,1140 2295,1146 2339,1146 2384,1146 2429,1146 2474,1143 2518,1143 2563,1140 2608,1146 2653,1146 2698,1149 2742,1152 2787,1149 2832,1146 2877,1143 2921,1143 2966,1143 3011,1143 3056,1143 3100,1143 3145,1140 3190,1140 3235,1143 3280,1143 3324,1146 3369,1146 3414,1155 3429,1152"/>
                <TextEquiv>
                    <Unicode>zustile. Im Übrigen aber blieb ich der</Unicode>
                </TextEquiv>
            </TextLine>
            <TextLine id="tr_1_tl_6" custom="readingOrder {index:5;}">
                <Coords points="1968,1274 2678,1335 3391,1290 3358,1194 3017,1233 2915,1190 2737,1243 2443,1184 1966,1208"/>
                <Baseline points="1978,1235 2023,1238 2068,1241 2113,1247 2157,1250 2202,1253 2247,1259 2292,1262 2336,1265 2381,1268 2426,1271 2471,1271 2515,1271 2560,1274 2605,1274 2650,1277 2695,1277 2739,1280 2784,1280 2829,1277 2874,1277 2918,1271 2963,1271 3008,1271 3053,1274 3097,1271 3142,1271 3187,1271 3232,1274 3277,1274 3321,1277 3366,1280 3393,1283"/>
                <TextEquiv>
                    <Unicode>atte (honfersionslose) Iule, den Sie</Unicode>
                </TextEquiv>
            </TextLine>
            <TextLine id="tr_1_tl_7" custom="readingOrder {index:6;}">
                <Coords points="1951,1388 2092,1380 2260,1462 2684,1398 2811,1447 2988,1398 3058,1437 3388,1406 3388,1315 3313,1304 3248,1343 2819,1333 2733,1372 2619,1317 2533,1372 2119,1355 2027,1278 1951,1292"/>
                <Baseline points="1963,1366 2008,1366 2053,1369 2098,1375 2142,1378 2187,1381 2232,1387 2277,1387 2321,1390 2366,1390 2411,1393 2456,1393 2501,1396 2545,1396 2590,1396 2635,1396 2680,1396 2724,1396 2769,1393 2814,1393 2859,1393 2903,1393 2948,1393 2993,1393 3038,1393 3083,1393 3127,1390 3172,1387 3217,1390 3262,1387 3306,1390 3351,1390 3393,1387"/>
                <TextEquiv>
                    <Unicode>kennen und der Sie konlich racht</Unicode>
                </TextEquiv>
            </TextLine>
            <TextLine id="tr_1_tl_8" custom="readingOrder {index:7;}">
                <Coords points="1996,1566 2039,1557 2076,1582 2227,1551 2270,1576 2335,1582 2411,1543 2494,1543 2484,1431 2407,1427 2368,1453 2296,1464 2215,1429 2192,1445 2154,1431 2092,1466 2033,1443 1986,1455"/>
                <Baseline points="1999,1480 2044,1486 2089,1492 2133,1501 2178,1507 2223,1510 2268,1513 2313,1513 2357,1519 2402,1522 2447,1531 2492,1534 2498,1531"/>
                <TextEquiv>
                    <Unicode>und gänt.</Unicode>
                </TextEquiv>
            </TextLine>
            <TextLine id="tr_1_tl_9" custom="readingOrder {index:8;}">
                <Coords points="3033,1641 3056,1637 3111,1649 3168,1633 3197,1645 3268,1639 3268,1521 3211,1531 3188,1519 3135,1537 3113,1555 3090,1553 3070,1570 3054,1574 3033,1564"/>
                <Baseline points="3044,1626 3089,1626 3133,1626 3178,1626 3223,1626 3268,1629 3274,1632"/>
                <TextEquiv>
                    <Unicode>OR</Unicode>
                </TextEquiv>
            </TextLine>
            <TextLine id="tr_1_tl_10" custom="readingOrder {index:9;}">
                <Coords points="2121,1864 2249,1884 2374,1851 2582,1886 2621,1862 2799,1939 2999,1878 3233,1882 3233,1782 2952,1800 2803,1768 2605,1839 2447,1792 2339,1837 2192,1780 2119,1815"/>
                <Baseline points="2130,1829 2175,1832 2220,1841 2265,1844 2310,1850 2354,1853 2399,1853 2444,1856 2489,1856 2533,1859 2578,1862 2623,1862 2668,1859 2712,1859 2757,1862 2802,1865 2847,1865 2892,1862 2936,1862 2981,1862 3026,1862 3071,1862 3115,1865 3160,1868 3205,1871 3241,1868"/>
                <TextEquiv>
                    <Unicode>was meßen die Einakter?</Unicode>
                </TextEquiv>
            </TextLine>
        </TextRegion>
    </Page>
</PcGts>
