3965 4104
2495 431 2867 566 1 7/1 7
2141 426 2366 551 1 1: 1
1121 399 1327 593 „ „
1732 758 3106 907 solches Kalidoshop die Hörd verwitten.
196 785 1545 925 ärige Zeit auch nur anders fassen;
1746 887 3169 1004 mass and diss in tis 3/4 11 (wee habe
219 886 1536 1001 oder – es that one leid, als ihr kann
1782 979 3093 1108 es gar an bereglant, spielender Patronwe.
225 993 1545 1123 nicht nicht helfen – da Maslin’ dem
1760 1092 3143 1218 sie wieder mirste, kommt also hiezu
248 1067 1591 1236 Theater writing an der vorliegenden Form
1784 1191 3111 1318 dass eine allen grosse Zahl von lankt
248 1186 1559 1342 sich potlenatisch arheint. Aber haben
1805 1270 3151 1437 Leiten bissen noch schweremenden würde.
259 1284 1304 1424 die nicht überhaupt, die böden
1157 1313 1308 1378 nenen
1342 1335 1541 1432 the
1814 1396 3140 1521 als nie mehr gewisstes Gericht, mit
207 1385 1581 1559 2. etwas überhässt, und lasse ich nicht
205 1489 1579 1654 werk einer Paye, in der Sie Distan
1818 1505 3181 1651 deshalb muss ich Ihnen nun defluiter
203 1584 1536 1737 s’un en Achtet zuirnem, noch einmal
1823 1575 3131 1760 die Fiefschl, als mit wieder Meinung.
271 1717 1098 1832 darauf wurden können?
1830 1688 3160 1859 nächst gefährlich schönne, und bitte
1854 1812 3154 1954 Y'er recht sehr, mit sich in Rathe in
223 1759 1548 1958 In den Beschungsfelen werden wir uns
262 1935 1582 2057 noch einigem Supperspieler Retirer
1890 1917 3072 2060 gehen ob Sie nicht auf eines
302 2028 1568 2182 est une gute Idee, wenn man ihm
1913 2024 3106 2175 der Stücke von seiten resp. es für
232 2076 1681 2290 herankliegen kann. Radenaher vielleicht
1935 2125 3178 2270 eine andere Gelegenhot, wenn ihr stellen
286 2206 1559 2384 Sandr? Anna Lehman, Florian
1933 2231 3108 2384 wollen. Welches - bleibe natürlich
338 2310 1541 2508 Firke einodstanden. Ihr köchte die
1944 2324 3118 2481 Ihnen überlassen, da ja nicht die
350 2425 1574 2601 Stücke auf den rothen Hahn? Er
1949 2418 3160 2574 Rede davon sich kann, dass eines
357 2520 1552 2700 hringen, die in Novembr kommen
1963 2556 3093 2703 is abgelehnt? oder dergl. se'r solle;
381 2639 1620 2811 soll; doch erst müssen wir die Zahl
1972 2657 3100 2829 willen Sie ehe meine Meinung
381 2739 1559 2903 und Wahl erledigen. Im Laufe
1988 2790 3165 2894 wissen so würde ich die Frau
406 2833 1651 3002 dieses Monats mehr gehen Ende in
1981 2861 3109 2993 rit A.D. nenner wegen des
417 2946 1631 3079 komme ich mehr schétlich nicht wien.
2003 2953 3111 3091 Schlusses, den Sie vielleicht in
445 3023 1679 3158 den könnten wir besser, als es schriftlich
