3932 4088
2713 569 2886 797 227.
2927 710 3679 877 Berlin WW. 40, den 21.2.1908
2215 746 2615 897 sing-Theater
299 750 1936 940 nicht abgeschlossen, es kann nicht überwäre geben Tag
2194 846 2436 929 Direktion
323 872 1932 1033 dazu kommen. Geschicht ist mich werden Sie ist
2180 875 2536 1043 Dr. Otto Brahm.
358 976 1950 1135 den Asf. nach Werk forteg, zu steht den
364 1084 1940 1255 Auffüllung und der trefflichen Orloffmeister,
386 1204 1973 1350 mindsets nichts im Wege. Am haben bis pkt
2715 1232 3179 1389 Lieber Freund,
421 1304 1954 1487 vor die „gette Nachsigam“, als Nächst
435 1434 1863 1607 allerfalls diesen im Ihnen zu missachteten
2420 1470 3610 1639 es thut mir sehr leid, dass wir Sie nicht
447 1580 1871 1729 Hennoch. - Ich freue mich, Sie so erhebständig
2426 1609 3701 1751 hier scher können aber Ihre Gründe müssen
439 1692 1851 1847 en wissen und bin begielich, uns sich, bis zu
2453 1708 3685 1867 natürlich ertändern. Die derle am 5. xxx
445 1826 909 1959 treffish - misin
931 1820 1694 1979 Vusiten, gestalten wich.
2461 1843 3710 1995 6. auf n acht Tage fort engehen, in Er¬
2483 1946 3657 2135 kolay, weiss noch niet reert, wohin
1533 1961 1830 2127 Philipp.
2508 2070 3708 2223 Von dem Wieder Lien fürstt ist mich
1546 2121 1979 2333 Acten Berlin
3419 2168 3553 2257 briert
2508 2211 3596 2347 doch, und ob es in der Nähe jene
2493 2298 3754 2457 Möglichheit gute europäterst zu existiren.
2520 2416 3732 2601 man ich nicht? Amsterdam hier ist sich
2516 2530 3708 2731 lich nur auf ihren Termin heran¬
2524 2668 3699 2825 ich habe sich, im 2 Monaten schon,
2546 2786 3830 2947 eine Marhelachtung gelerstet, die erste
2546 2914 3769 3049 nicht ganz rasparbest ist, und die
2573 3020 3758 3177 Jochim Bagerf mit Bericht ist.
2601 3136 3392 3313 what. – I'll be for
3382 3217 3569 3372 a
