3994 4055
2219 333 2396 420 " "
548 1003 1977 1144 Und ihr mein Zins sehr reist, so
437 1091 1910 1290 fort. Vorstechen Sie dann in Kopfe
493 1217 1959 1323 oder in Altwieder Stück? Und kommen
526 1345 1941 1471 Ia auch nicht so spät, wirk, dass nur
523 1411 1908 1557 in w. ein Freund an thun hat?
548 1548 1933 1676 Dienstwelen verwisse ich noch die An¬
576 1650 1877 1791 wertshark, daß die Sie sich sonst,
592 1749 1904 1908 in tozeupen pblepe. On send Ia
599 1899 1535 2012 am Ende gar sich weg.
1292 2010 1859 2135 Geamtische Grüsse
1422 2129 1606 2241 shies
1546 2211 1999 2345 Mr Beahn
