3863 4105
2183 336 2304 520 14
2417 649 2599 778 253
1553 655 1725 773 with
68 704 1653 864 Dinge in künsten.  Die März fürst
2005 731 2435 868 ling-Theater
3280 753 3468 864 190
2711 763 3153 886 Berlin UW. 40, den
1899 800 1995 890 Le
2093 818 2257 894 Direktion
84 835 1637 976 deberk, dass der Abend dadurch zu hier
1991 876 2357 974 Dr. Otto Brahm.
557 927 708 1001 richt.
2668 919 3251 1058 Nanheim 24.7.05
102 952 1723 1097 wird, first sey; aber dass er an Endlieglich¬
108 1087 1756 1234 hat gewinnt, weiss ist und die lassen Gerässe
121 1215 1625 1344 sind ja ause herte gar nicht so beliebt.
2406 1256 3020 1445 Liebe Freund,
147 1342 1694 1479 Dan Chatal, wild, gleich ich, Monned gav.
135 1463 1692 1614 hat hregen, aber er empfiehlt sich etwas in
151 1617 1731 1729 wollen, this et ich bisser erscheint und wir
141 1717 1690 1883 es in dem (Ihr will nich aber auf.
158 1848 1629 2024 führen (in dieser Spielzeit rafflichten)
158 1950 1612 2130 Die Dame durch Triese und Wist.
178 2101 812 2212 get inman.
178 2226 1686 2368 Mirai. Triech wie schon besprochen. Da
186 2345 1614 2523 Philiphe ist freilich würdig; etel tataf
207 2474 1762 2644 hönesfalls (wol d nenlich nach Bremen
209 2623 1690 2781 auswendig; sollten wurde Düngliche nicht
215 2748 1754 2891 genügen, was sehr möglich ist, es kommt noch
215 2869 1633 2998 einer hinein der etwa den Fehlet hat
205 3004 1780 3159 unverstecklich hin sein) so wird ich trenstes
231 3104 1725 3284 ausser den Hause wen en finden. Des
186 3227 1725 3374 Andree wird ja werden. - Termin um die
2106 1520 3438 1647 den Quartal hah ich jetzt noch mit
2110 1612 3536 1799 Gelesen und nicht ihn spielen. Ihr meine
2130 1762 3425 1909 mit Ihnen, dass sieht alle Stücke an¬
2159 1893 3399 2034 spielen wäre; aber den Hochzeitungen
2578 1979 2812 2075 er verlassen
2144 1977 3446 2161 miset ich richt,: als Abschluss, wie um
2676 2101 3110 2204 leisten viel jber
2149 2126 3470 2275 seiner Lastigkeit willen, weshalb wollen
2153 2237 3481 2408 Sie den diminiren? Ein Wissen viel Ge¬
2171 2368 3387 2525 + wlet wird sie, gesez der Schlass hier,
2175 2505 3407 2652 wie A. sich in den Frühle vereisst
2181 2631 3479 2810 ehr sonst fiel ich; von einer ange¬
2177 2726 3440 2936 nehmen Freiheit. Duggen scheiner
2169 2875 3585 3065 mir Denkstène und Agonie von schwissen
2192 2983 3544 3172 Wirchung, sie möchte ich offeln, und um
2216 3112 3583 3268 die Menschheit nicht mit 7 verschiedene
3137 3268 3419 3438 ra m
