3965 4104
2451 345 2731 507 Votre très seule de
2553 719 2733 839 241
2870 807 3581 995 Berlin WW. 40, den 14. 9 190
2038 829 2557 999 Lesling-Theater
247 805 1889 997 krankt. Also wurde die Beweis für — Erzinnung
2202 907 2384 1001 Direktion
253 948 1734 1134 sich dem Belieben des freundlichen Lesds.
2114 978 2465 1074 Dr. Otto Brahm.
270 1074 1791 1232 Ihr und Herr Frau Freude an der Lossen
280 1193 1867 1362 betrüht nich gar nicht: ich thäte sie neue
257 1342 1889 1479 , auch mehr für die Schauspfähren als für das
2616 1391 3107 1565 Lieber Freud.
272 1458 1836 1618 Gretcherürgermann bin. - Nun bleiben Sie
313 1591 1824 1734 abor noch in Nease. Sie Geheterbar? Damit
2377 1648 3656 1795 bei Ihrer Rücksicht sollen Sie meine
300 1726 1785 1867 men In doch trifft, wenn man eines Tages
2422 1789 3623 1940 guten Wünsche begrüssen, für wieder
319 1836 1906 2026 Das heißt nach Berlin diesen Sie auch kommen
2429 1902 3630 2057 Leben und Schaffen! Das freute nich
335 1991 1838 2173 me Mr Zelke be même Zelten up-
2394 2028 3634 2190 sehr in erfahren, dass Sie mit dem
339 2155 1851 2298 schlagen datin th en 28. ziehe (In aon
2406 2157 3697 2333 Stichchen nun hieser vorwirts kamen,
351 2241 1838 2422 Zelten 14, N. W. / Alls Gute I not Fra
2418 2290 3719 2445 das heimische Milien wird m wieder
386 2396 1861 2578 dem Heine (da wol doch nöttingor statt
2426 2424 3660 2574 und eine guten Ende helfen hoff
368 2535 1910 2723 Husdenthor Hiden betreht i) und dem
2435 2549 3734 2692 ich (sich nimmt es ein schlechtes Ende?
390 2645 1773 2825 Dichtd so vieler schied uns leider
2490 2672 3662 2802 Von rück ist, zu melden, dass der
411 2786 1695 2974 and ringertriehed Neuworbe.
2480 2774 3734 2933 Yor. Rat Ihars menc amitate to
2473 2898 3693 3060 in das Berich der Fehl schrieben
2451 3017 3676 3174 und nur eine leichte Schwäche des
1513 3013 1710 3135 Mr
2476 3133 3642 3307 Hersers anerkant hat, sie ihr
2496 3250 3719 3395 weiter keine Consegnenzen zu ziehen.
