3984 4103
260 845 827 974 sein woll.
301 964 1928 1099 Uff, wie aus eine Arschein dasethane, : -
331 1082 1876 1248 Sie sagen nich nicht, was Sie von Pfarrer
313 1228 1326 1375 des Dr. in Wien Kietter?
350 1363 1776 1510 to her Medardas hoff ick held
342 1475 1870 1639 wieder zu kommen. Die Tage her glag es
342 1653 1983 1786 im Hantenschlag mirsig to uns an: Wassermann
344 1758 1899 1895 Mann Hauptmann. Meiner hauen Männer
381 1901 1917 2038 gingen. Schlechter dicht gewiss deßtheft
381 2061 1958 2196 an den, und ob a noch in
362 2183 1983 2337 diese Saison (und in seine Direction?) Fällt,
329 2308 1950 2492 I schien ihm zweifelhaft, - schon der Klenen¬
395 2431 892 2595 Frey ingen.
372 2609 1854 2769 Ma scheint de Semindiy and the
387 2734 1997 2910 Gesellschaft scha gut angeschlagen an heben,
475 2883 2044 3045 denn alle Leute rühmen meine blühende
512 3018 1995 3170 Schönheit. Aber in diesem Berliner Geben¬
481 3149 1936 3327 Messel wird sie hald verhält bin. Wir
510 3278 1999 3427 sind die Tage des Wasserleitungs
489 3399 1899 3513 und der Elisabeth Niese?! Heintich Sie
2560 358 2752 538 1, 1
2052 751 3587 888 Härke den Abend, ihr nicht ausdehrte.
2067 849 3671 1027 Tollte sich nun dies bestätigen oder dort
2081 1001 3681 1140 aus dem Stadium der alten Erwägungen
2059 1142 3632 1291 an deren defension Wünsche frühern, das
2073 1258 3587 1406 Konnert allein laup en hwa - wn
2099 1410 3657 1555 wieder Sie dann sagen? Gewiss ist
2120 1545 3691 1711 Ihre Begeisterung für das ik’ in muss
2159 1684 3614 1825 ich wannken, Sie seyten nicht nein?
2173 1817 3665 1948 Und wären eventiell auch mit der
2142 1930 3646 2108 Aufführung von Missis an späteren
2167 2085 3722 2222 Zitpacht einverstanden wo eine neue
2566 2171 3759 2390 Verhindng im for die Deme
2165 2226 2869 2351 standes gennisse,
2155 2365 3773 2509 gefanden werden müsste, so is auch er.
2163 2498 3608 2644 erst in der nächsten Saisen? Die
2177 2601 3759 2791 vielberegte Fautienen - Gerichte würde
2187 2783 3784 2932 es kann hoffentlich erleichten, zuzustimmen
2273 2914 3667 3053 Iedenfalls bitte ich um ein Wort
2265 3008 3599 3178 an Ihnen das mich wundersam
2251 3164 3634 3329 berücken möge. Ohgleich, wie gesagt,
2288 3297 3567 3417 das nur ein General-Waschlef
