3801 4104
623 432 976 582 1.  7  7
56 766 1617 935 (Meinel Dumont will be viel and and
91 901 1526 1068 for the Skrelligheit des Herrs brujers
113 1011 1348 1146 kennend, Winterstein den Alfred.
720 1113 1439 1282 Cist Lening in/du Bitte
102 1102 835 1269 M.t in weinigt
89 1224 1536 1382 I dok the fabrden Turdendee hetens in-
132 1356 1482 1508 lassen! (Auch Hofmann that ist dieser
30 1410 1521 1619 theing and wd he Ihnen mündlich
76 1586 1450 1729 wiederholen, als ist nicht möglich
158 1701 1536 1838 die mit alsten Handpielen zu be
184 1795 1641 1979 setzen, und haben enteressenen in diesem
200 1894 1489 2083 Gucht nicht mehr, sie steigen mir
176 2046 1517 2192 &c &a will ius. Unargenahme.
80 2140 174 2224 entre
247 2179 1597 2307 Seien Sie doch nicht eigen einig und
243 2276 1473 2417 eetin Ie petit gleid uit I.e.
247 2394 1584 2556 arbeiten dudurch dem Leitung des
250 2522 1614 2673 terangement sehr. Einige Bemerkungen
280 2621 1599 2773 du Genouve chez fie jusqu heute
269 2732 1569 2873 und das Spiel wissen den Wirth
250 2819 1560 2962 und klein lässt ich demnoch ein
258 2936 1558 3075 sorten. Und die ist es mit den
254 3029 1632 3192 Dinstiebsel am Geblärny für Henri’s
263 3136 1554 3253 kere, von der ist Ihnen in Wien
271 3229 1445 3350 spuech. Ihr bitte Sie erkennts
2543 705 2624 801 51
2459 801 3405 953 Berlin N.W., den 14. April 1839,
2059 974 3437 1228 Herrn Dr. Arthur Schnitzler
2426 1152 3463 1339 Wien IX, Frankgasset,
1973 1337 3403 1528 Sehr geehrter Herr Doctor!
2333 1460 3498 1669 Der starke Erfolg, welchen
1868 1580 3485 1777 Haus von Max Dreyer erziell ver¬
1799 1701 3416 1879 anlaßt mich, die Première Ihrer
1773 1795 3487 1999 Stücke noch etwas zu verschieben und
1790 1918 3496 2092 zwar auch Freitag den 28. d. M. Ich habe
1782 2048 3455 2213 mich dazu um so eher entschlossen,
1756 2135 3474 2331 als dies auch der sorgfältigeren. Ein
1762 2252 3505 2443 studirung Chrer Stücke zu Gute kommt
1758 2363 3496 2528 und Ihnen deshalb nur angenehm sein,
1753 2446 3483 2647 kann. Das Repertoir der künftigen Wä¬
1751 2569 3489 2762 che mit den angesetzten Proben, werden
1771 2689 3292 2877 wir Ihnen morgen zusenden.
1829 2814 3270 2979 Hoffentlich sehr ihr Sie um bald hin!
2652 2943 3151 3099 Herlich geössert
3051 3049 3138 3127 on
2997 3116 3320 3298 O'Renten
