3976 4087
163 719 1801 899 sich auch uns rückte; oder endlich Sie lösen
171 836 1832 993 uns allein, er. noch nicht schicken. Die Unglück
203 964 1780 1121 wie das m. 9. iset; auch für Sie über.
194 1071 1713 1202 Denn den die wäre ich ihren Schütseln
215 1188 1782 1334 nicht vercheln lassen, bewies zu dilatert
220 1301 1742 1453 der Ruf des Lebens; und D in L ist
232 1414 1681 1608 wil nach unsa aller Meinung viel
224 1573 876 1702 isherd als jener.
230 1679 1727 1847 tratl gy ome bekevnten retirlish
2491 609 2652 749 283
2760 684 3520 839 Berlin WW. 40, den 28. 12. 1910
1980 715 2516 862 Tesling-Theater
2177 786 2334 872 Direktion
2077 841 2432 993 Dr. Otto Brahm.
2273 1200 3538 1368 Alsdan nein liebe Freund da
2300 1355 3513 1489 Sie es wiederhalt wünschen, erkläre,
2302 1470 3658 1602 um mich damit einverstanden, D. w. L.
2309 1606 3645 1746 auf die rechste Saison an verschieden.
2313 1734 3618 1870 Nun muss ist Ihnen glück seÿen,
2321 1851 3674 2014 duh for sa 20. Oct for in right
2344 1985 3689 2127 passen dürfte: wir sind gewohnt
2336 2108 3674 2269 Anfang bet. ein möglichst gewichtigem
2359 2219 3683 2401 Stoch zu geben (n. B. hend am 1. Oct
2363 2365 3704 2537 der Wein) und danach wie dan
226 1792 1815 1966 heunto in den Teintupen abusor na-
213 1932 1711 2093 terlich gläurendst, in den rechstes
236 2022 1788 2231 wiederleenden Schmalzeiter hoffentlich
270 2167 1878 2351 weiter gat; dem or mtschalt die Leute
251 2332 1907 2491 sehr, und Ausdrücke im reezend, ent¬
261 2390 1943 2654 sichend und shilzte dieselbe wurdeiger
2357 2478 3637 2664 dar 2o. sil en enctes, chezte en
284 2562 1847 2763 durchtheilen die Berliner Lüfte
2388 2602 3695 2794 gewichtiges, die früh. Also entweder
297 2677 1934 2905 Salons. - Den Gedachten eines auf Missi¬
2384 2737 3549 2882 - mensseligter Voraassicht rest¬
312 2823 1884 3009 sich aberenden Genesten - werds ich ich
2392 2861 3614 3005 können des Bey-Th. und mit
316 2892 1903 3126 I know you were after ausgesprochen; my
2405 2955 3681 3160 sogleich Anfang ler. Maart oder
324 3039 1939 3248 wissch ich mindestens einen lieben noch
2403 3110 3618 3308 das B.-Th müsste auf uns mit
330 3160 1930 3367 erwei neue dazu, Tilligens ist zu Kleinen
1805 3333 1901 3520 1
