3942 4103
1201 370 1330 493 11
3503 329 3680 489 1,1
1702 293 1913 483 1.
2978 637 3159 774 223
325 703 1981 864 gehabt; ob sich diesmals die Chaver nicht,
2200 722 2595 880 sing=Theater
2801 766 3659 891 Berlin plW. 40, den 27. 1 1908
2258 841 2423 901 Direction
241 824 1915 968 nachraschleisten wieder - die Frage scheint mir
2158 891 2527 1001 Dr. Otto Brahm.
325 939 1850 1097 mehrt überflassig, da soviel Reichart wie
364 1026 1861 1182 Ritter nicht mehr ins Feld zu föhren.
358 1159 1927 1292 sind mit der Broitz für den erweitern h.
362 1284 1933 1388 sonders schade (In super Busserman? Ia
2652 1301 2855 1440 Licht
2932 1278 3195 1440 Freunt,
1655 1413 1909 1498 24 t'a
377 1409 1636 1540 wenn ihr nicht, zu hochbelang wäre).
383 1528 1917 1667 deshalb auf die Erwägung gekommen, dass
2385 1584 3682 1713 heute nicht sich Ihnen, die Direction
389 1655 1902 1792 man wohl gut töte den Supperspielen. In
2350 1713 3299 1854 mit folgender Gelegenheit.
402 1790 1938 1933 substitischen der mindestens die gleiche
2373 1850 3694 1965 das ist möglich - nicht sich - dass
410 1906 1961 2056 bey that, unterhältich eine bessere mit
2393 1981 3234 2108 wir zu Anfang nächster
3261 1983 3736 2094 Wocke in die
416 2056 1854 2177 ich zu ersprüchlich in diesem Egeles
2420 2085 3653 2252 Einstretung der Letendigen Stunden
462 2162 1894 2277 hätte. Die kleine Schwarte hier u. 9.
2423 2227 3653 2339 Gehen hinnten. Nun habe ich nie
368 2277 1946 2433 dem Hausen no rücken, und irgend sie
2439 2327 3667 2470 die Preisheiten der Balinde Kritste
385 2408 1836 2572 eine Gutefolge, die das Zeit Letzutigt
2452 2479 3598 2604 um etwas 1902 in Genötte
398 2539 1869 2683 Schneider erklärt, können Sie kein, siehr
2448 2602 3646 2739 Geführt wieder und bin dabei
433 2670 1819 2830 doch licht gehen, falls Sie, wie ich
2726 2704 2999 2783 algeme in
2445 2729 3769 2864 auf ein, infrenndliche Beurtheilung
429 2803 1744 3003 hoffe, meinem Verschlag beitreten.
2445 2860 3777 2999 des ersten Stückes gestossen (das ihr
447 2918 1929 3107 Lassen Sie sich baldlichst Ihre Antwort
2441 2972 3798 3130 wie Sie sich vielleicht dündig, glaß
439 3057 1994 3205 haten; und sicher In mir bitte die Wort
2475 3111 3807 3243 Eine habe, eine sagenannte Rühne.
456 3180 1986 3338 ihr das Refenden von Freundlgern sie z.
2475 3203 3821 3365 wirkung hat es in de That ingends
479 3293 1779 3413 are I’e, helilishst glasse. The Uß
