<?xml version="1.0" encoding="UTF-8" standalone="yes"?>
<PcGts xmlns="http://schema.primaresearch.org/PAGE/gts/pagecontent/2013-07-15" xmlns:xsi="http://www.w3.org/2001/XMLSchema-instance" xsi:schemaLocation="http://schema.primaresearch.org/PAGE/gts/pagecontent/2013-07-15 http://schema.primaresearch.org/PAGE/gts/pagecontent/2013-07-15/pagecontent.xsd">
    <Metadata>
        <Creator>prov=READ-COOP:name=TrHtr:version=2.1.0:model_id=51170:date=25_07_2023_23:35</Creator>
        <Created>2023-05-02T07:45:03.534+02:00</Created>
        <LastChange>2023-07-25T23:35:21.654+02:00</LastChange>
        <TranskribusMetadata docId="1416705" pageId="54951248" pageNr="326" tsid="130850060" status="IN_PROGRESS" userId="64420" imgUrl="https://files.transkribus.eu/Get?id=RZJTQIZCCTXYHYTBXETFMIJV&amp;fileType=view" xmlUrl="https://files.transkribus.eu/Get?id=EIYVOWKCYBTGGLUTCUQEPNOV" imageId="44454974"/>
    </Metadata>
    <Page imageFilename="1416705_0326.jpg" imageWidth="3993" imageHeight="4087">
        <ReadingOrder>
            <OrderedGroup id="ro_1711829803795" caption="Regions reading order">
                <RegionRefIndexed index="0" regionRef="tr_2"/>
                <RegionRefIndexed index="1" regionRef="tr_1"/>
            </OrderedGroup>
        </ReadingOrder>
        <TextRegion id="tr_2" custom="readingOrder {index:0;}">
            <Coords points="1904,726 3582,726 3582,2210 1904,2210"/>
            <TextLine id="tr_2_tl_1" custom="readingOrder {index:0;}">
                <Coords points="1891,859 2093,827 2444,869 2623,825 2744,867 3095,790 3428,817 3510,788 3514,665 3016,718 2926,679 2540,784 2321,726 2024,742 1956,688 1895,718"/>
                <Baseline points="1904,803 1949,803 1994,809 2039,812 2083,817 2128,820 2173,817 2218,820 2262,820 2307,823 2352,820 2397,820 2442,820 2486,817 2531,815 2576,812 2621,809 2665,806 2710,800 2755,800 2800,800 2845,803 2889,800 2934,800 2979,800 3024,797 3068,794 3113,791 3158,785 3203,785 3248,782 3292,782 3337,782 3382,782 3427,779 3472,779 3516,776"/>
                <TextEquiv>
                    <Unicode>Theater ein gewisser Diensterei Buchhardt</Unicode>
                </TextEquiv>
            </TextLine>
            <TextLine id="tr_2_tl_2" custom="readingOrder {index:1;}">
                <Coords points="1919,923 2097,966 2192,921 2686,976 3043,911 3307,974 3484,958 3484,853 3395,837 3218,879 2829,833 2472,879 2149,831 1919,861"/>
                <Baseline points="1931,907 1952,904 1997,907 2042,910 2086,916 2131,919 2176,919 2221,922 2265,922 2310,922 2355,922 2400,919 2445,916 2489,919 2534,916 2579,916 2624,916 2668,916 2713,916 2758,916 2803,916 2848,913 2892,913 2937,913 2982,913 3027,910 3071,910 3116,910 3161,910 3206,904 3253,899 3253,899 3266,895 3310,889 3355,895 3400,895 3445,895 3489,889"/>
                <TextEquiv>
                    <Unicode>imt Thome und aux Mein durch, 1er</Unicode>
                </TextEquiv>
            </TextLine>
            <TextLine id="tr_2_tl_3" custom="readingOrder {index:2;}">
                <Coords points="1917,1057 2305,1093 3214,1024 3424,1099 3520,1071 3520,942 3482,934 3391,992 2922,962 2756,1018 2420,954 2151,1002 2046,927 1917,921"/>
                <Baseline points="1928,1021 1973,1021 2018,1021 2062,1023 2107,1029 2152,1032 2197,1038 2242,1041 2286,1041 2331,1041 2376,1038 2421,1035 2465,1032 2510,1032 2555,1035 2600,1035 2645,1035 2689,1035 2734,1035 2779,1032 2824,1029 2868,1026 2913,1026 2958,1021 3003,1021 3048,1018 3092,1021 3137,1023 3182,1023 3227,1023 3271,1021 3316,1026 3361,1026 3406,1029 3451,1032 3495,1032 3525,1038"/>
                <TextEquiv>
                    <Unicode>Mal gespielt worden? Also, um kein ich</Unicode>
                </TextEquiv>
            </TextLine>
            <TextLine id="tr_2_tl_4" custom="readingOrder {index:3;}">
                <Coords points="1954,1147 2325,1200 2909,1157 3240,1238 3464,1196 3464,1099 3373,1069 2855,1123 2633,1073 2172,1131 1954,1107"/>
                <Baseline points="1964,1134 2009,1137 2053,1140 2098,1146 2143,1152 2188,1158 2233,1155 2277,1155 2322,1155 2367,1155 2412,1155 2456,1152 2501,1152 2546,1152 2591,1152 2636,1152 2680,1149 2725,1149 2770,1149 2815,1149 2860,1149 2904,1146 2949,1149 2994,1149 3039,1146 3083,1149 3128,1149 3173,1143 3218,1143 3263,1143 3307,1146 3352,1146 3397,1146 3442,1140 3469,1134"/>
                <TextEquiv>
                    <Unicode>messen. Ihr werde sich auch dem Würstl.</Unicode>
                </TextEquiv>
            </TextLine>
            <TextLine id="tr_2_tl_5" custom="readingOrder {index:4;}">
                <Coords points="1968,1288 2573,1321 2704,1268 3309,1317 3551,1284 3551,1222 3476,1208 2976,1258 2665,1200 2420,1240 1968,1198"/>
                <Baseline points="1979,1253 2024,1259 2068,1262 2113,1265 2158,1271 2203,1277 2247,1277 2292,1277 2337,1277 2382,1280 2427,1280 2471,1277 2516,1277 2561,1274 2606,1271 2651,1268 2695,1271 2740,1268 2785,1271 2830,1271 2874,1271 2919,1271 2964,1271 3009,1271 3054,1271 3098,1271 3143,1271 3188,1271 3233,1271 3277,1274 3322,1274 3367,1277 3412,1277 3457,1280 3501,1280 3546,1283 3555,1283"/>
                <TextEquiv>
                    <Unicode>möchnet ersche, an dem ich zu besseren,</Unicode>
                </TextEquiv>
            </TextLine>
            <TextLine id="tr_2_tl_6" custom="readingOrder {index:5;}">
                <Coords points="1968,1454 2516,1403 2655,1450 3119,1397 3510,1438 3486,1331 3339,1377 2996,1339 2837,1385 2766,1339 2627,1383 2538,1319 2361,1373 1966,1302"/>
                <Baseline points="1976,1370 2018,1382 2062,1388 2107,1391 2152,1394 2197,1397 2242,1397 2286,1397 2331,1397 2376,1400 2421,1403 2465,1406 2510,1403 2555,1403 2600,1406 2645,1403 2689,1400 2734,1400 2779,1403 2824,1403 2868,1400 2913,1400 2958,1400 3003,1400 3048,1397 3092,1397 3137,1397 3182,1400 3227,1397 3271,1400 3316,1403 3361,1406 3406,1409 3451,1415 3495,1421 3516,1421"/>
                <TextEquiv>
                    <Unicode>firstly day or he die iNesdertssen</Unicode>
                </TextEquiv>
            </TextLine>
            <TextLine id="tr_2_tl_7" custom="readingOrder {index:6;}">
                <Coords points="1974,1579 2343,1591 2678,1532 2843,1591 3131,1540 3430,1589 3426,1508 3351,1488 2883,1476 2782,1518 2411,1454 2313,1492 2180,1438 1972,1454"/>
                <Baseline points="1982,1495 2027,1504 2071,1510 2116,1513 2161,1516 2206,1522 2250,1522 2295,1522 2340,1522 2385,1522 2430,1525 2474,1528 2519,1528 2564,1531 2609,1531 2654,1531 2698,1534 2743,1537 2788,1540 2833,1540 2877,1534 2922,1540 2967,1540 3012,1543 3057,1543 3101,1540 3146,1540 3191,1537 3236,1537 3280,1543 3325,1546 3370,1546 3415,1549 3433,1552"/>
                <TextEquiv>
                    <Unicode>um geringen Verständniss begegnen würde.</Unicode>
                </TextEquiv>
            </TextLine>
            <TextLine id="tr_2_tl_8" custom="readingOrder {index:7;}">
                <Coords points="2212,1702 2313,1669 2674,1704 3137,1678 3440,1718 3470,1706 3468,1589 2996,1663 2672,1597 2393,1641 2278,1575 2208,1591"/>
                <Baseline points="2221,1647 2265,1653 2310,1659 2355,1662 2400,1662 2445,1665 2489,1665 2534,1668 2579,1668 2624,1668 2668,1671 2713,1674 2758,1674 2803,1674 2848,1677 2892,1677 2937,1677 2982,1677 3027,1677 3071,1677 3116,1677 3161,1674 3206,1674 3251,1677 3295,1680 3340,1683 3385,1689 3430,1692 3474,1698 3477,1695"/>
                <TextEquiv>
                    <Unicode>Wenn Sie am auch als Verlesen</Unicode>
                </TextEquiv>
            </TextLine>
            <TextLine id="tr_2_tl_9" custom="readingOrder {index:8;}">
                <Coords points="2000,1766 2301,1831 2891,1803 3049,1875 3188,1831 3577,1845 3575,1774 3446,1736 2716,1742 2601,1782 2119,1651 1998,1680"/>
                <Baseline points="2012,1743 2053,1752 2098,1758 2143,1767 2188,1776 2233,1782 2277,1788 2322,1794 2367,1794 2412,1797 2456,1800 2501,1800 2546,1800 2591,1797 2636,1797 2680,1797 2725,1800 2770,1800 2815,1797 2860,1797 2904,1803 2949,1803 2994,1803 3039,1803 3083,1803 3128,1803 3173,1803 3218,1803 3263,1806 3307,1806 3352,1809 3397,1812 3442,1812 3486,1815 3531,1821 3576,1821 3582,1821"/>
                <TextEquiv>
                    <Unicode>Trimpfe feiee der werden Sie noch bald</Unicode>
                </TextEquiv>
            </TextLine>
            <TextLine id="tr_2_tl_10" custom="readingOrder {index:9;}">
                <Coords points="2016,1907 2387,1978 2688,1936 2893,1972 2974,1928 3311,2006 3490,1938 3557,1962 3539,1827 3091,1903 2859,1855 2720,1911 2474,1813 2014,1847"/>
                <Baseline points="2027,1892 2071,1895 2116,1901 2161,1907 2206,1913 2250,1919 2295,1919 2340,1916 2385,1916 2430,1922 2474,1922 2519,1931 2564,1934 2609,1934 2654,1934 2698,1934 2743,1934 2788,1931 2833,1931 2877,1928 2922,1928 2967,1925 3012,1925 3057,1928 3101,1928 3146,1928 3191,1928 3236,1925 3280,1925 3325,1928 3370,1928 3415,1928 3460,1934 3504,1937 3549,1940 3561,1943"/>
                <TextEquiv>
                    <Unicode>Ouen Palghoetes – Aiij in de Ruck</Unicode>
                </TextEquiv>
            </TextLine>
            <TextLine id="tr_2_tl_11" custom="readingOrder {index:10;}">
                <Coords points="2038,2081 2355,2063 2528,2107 2928,2051 3190,2101 3448,2069 3416,1952 3220,2049 2897,2034 2809,1982 2589,2042 2369,1968 2034,1984"/>
                <Baseline points="2047,2012 2092,2021 2137,2027 2182,2036 2227,2039 2271,2039 2316,2039 2361,2044 2406,2047 2451,2050 2495,2053 2540,2059 2585,2056 2630,2053 2674,2053 2719,2053 2764,2053 2809,2053 2854,2050 2898,2053 2943,2050 2988,2053 3033,2059 3077,2059 3122,2059 3167,2062 3212,2065 3257,2062 3301,2059 3346,2059 3391,2056 3436,2056 3448,2059"/>
                <TextEquiv>
                    <Unicode>und Schweine machen müssen. Den</Unicode>
                </TextEquiv>
            </TextLine>
            <TextLine id="tr_2_tl_12" custom="readingOrder {index:11;}">
                <Coords points="2042,2262 2391,2192 2589,2232 2928,2180 3407,2228 3510,2214 3508,2129 3077,2172 2915,2133 2742,2165 2456,2091 2036,2109"/>
                <Baseline points="2050,2137 2095,2143 2140,2149 2185,2158 2230,2161 2274,2167 2319,2170 2364,2173 2409,2173 2453,2176 2498,2182 2543,2185 2588,2185 2633,2179 2677,2179 2722,2182 2767,2179 2812,2182 2857,2182 2901,2182 2946,2179 2991,2185 3036,2185 3080,2188 3125,2191 3170,2194 3215,2194 3260,2194 3304,2197 3349,2197 3394,2197 3439,2197 3483,2197 3516,2200"/>
                <TextEquiv>
                    <Unicode>Medardas’ hoff ik in mein Ich</Unicode>
                </TextEquiv>
            </TextLine>
        </TextRegion>
        <TextRegion id="tr_1" custom="readingOrder {index:1;}">
            <Coords points="2074,2180 3758,2180 3758,3350 2074,3350"/>
            <TextLine id="tr_1_tl_1" custom="readingOrder {index:0;}">
                <Coords points="3641,2284 3651,2284 3674,2258 3704,2278 3722,2260 3738,2264 3752,2260 3748,2135 3726,2131 3712,2139 3690,2119 3678,2123 3668,2115 3633,2113"/>
                <Baseline points="3651,2230 3695,2233 3740,2233 3758,2236"/>
                <TextEquiv>
                    <Unicode>its</Unicode>
                </TextEquiv>
            </TextLine>
            <TextLine id="tr_1_tl_2" custom="readingOrder {index:1;}">
                <Coords points="2063,2284 2520,2339 2998,2315 3202,2381 3299,2329 3553,2395 3549,2272 3458,2242 3204,2236 3139,2294 2940,2297 2863,2258 2635,2292 2486,2246 2061,2252"/>
                <Baseline points="2074,2274 2119,2280 2164,2286 2209,2286 2253,2289 2298,2295 2343,2298 2388,2298 2433,2304 2477,2307 2522,2310 2567,2310 2612,2313 2656,2316 2701,2313 2746,2313 2791,2313 2836,2313 2880,2313 2925,2313 2970,2316 3015,2316 3060,2319 3104,2319 3149,2322 3194,2322 3239,2325 3283,2322 3328,2322 3373,2325 3418,2325 3463,2331 3507,2334 3552,2337 3555,2337"/>
                <TextEquiv>
                    <Unicode>endlich zu sehen – aber wenn? Na, er</Unicode>
                </TextEquiv>
            </TextLine>
            <TextLine id="tr_1_tl_3" custom="readingOrder {index:2;}">
                <Coords points="2069,2428 2151,2411 2228,2460 2357,2426 2545,2484 2885,2440 3012,2498 3274,2446 3464,2464 3464,2399 3317,2363 3093,2426 2831,2387 2629,2436 2230,2329 2067,2345"/>
                <Baseline points="2077,2400 2122,2403 2167,2409 2212,2415 2256,2415 2301,2421 2346,2424 2391,2427 2436,2433 2480,2436 2525,2439 2570,2442 2615,2451 2659,2451 2704,2448 2749,2448 2794,2445 2839,2442 2883,2439 2928,2439 2973,2439 3018,2439 3063,2436 3107,2439 3152,2442 3197,2442 3242,2442 3286,2442 3331,2445 3376,2448 3421,2448 3466,2459 3469,2459"/>
                <TextEquiv>
                    <Unicode>läuft mir zu einer weg der liebe</Unicode>
                </TextEquiv>
            </TextLine>
            <TextLine id="tr_1_tl_4" custom="readingOrder {index:3;}">
                <Coords points="2087,2577 2303,2621 2625,2593 2839,2670 3434,2599 3559,2639 3528,2468 3349,2526 2645,2565 2474,2496 2299,2538 2085,2466"/>
                <Baseline points="2098,2528 2143,2540 2188,2552 2233,2558 2277,2570 2322,2576 2367,2576 2412,2579 2456,2582 2501,2585 2546,2588 2591,2588 2636,2591 2680,2591 2725,2594 2770,2594 2815,2597 2860,2597 2904,2597 2949,2594 2994,2588 3039,2588 3083,2588 3128,2588 3173,2585 3218,2585 3263,2582 3307,2585 3352,2588 3397,2591 3442,2591 3486,2597 3531,2603 3561,2606"/>
                <TextEquiv>
                    <Unicode>gungen. - Wie sind jetzt mitten in dem</Unicode>
                </TextEquiv>
            </TextLine>
            <TextLine id="tr_1_tl_5" custom="readingOrder {index:4;}">
                <Coords points="2139,2716 2375,2768 2567,2736 2760,2801 2851,2736 3002,2780 3297,2728 3569,2768 3567,2686 3409,2635 3315,2678 3047,2619 2466,2690 2137,2619"/>
                <Baseline points="2149,2680 2194,2689 2239,2698 2283,2704 2328,2710 2373,2713 2418,2716 2462,2722 2507,2725 2552,2731 2597,2731 2642,2734 2686,2737 2731,2734 2776,2731 2821,2734 2865,2731 2910,2731 2955,2731 3000,2731 3045,2731 3089,2731 3134,2731 3179,2728 3224,2728 3269,2728 3313,2728 3358,2728 3403,2728 3448,2731 3492,2737 3537,2743 3573,2746"/>
                <TextEquiv>
                    <Unicode>Gleuptnern krin du ist Klast ave</Unicode>
                </TextEquiv>
            </TextLine>
            <TextLine id="tr_1_tl_6" custom="readingOrder {index:5;}">
                <Coords points="2127,2853 2337,2897 2861,2867 3030,2944 3313,2891 3516,2907 3512,2831 3446,2849 3297,2786 3079,2849 2657,2768 2266,2813 2123,2780"/>
                <Baseline points="2137,2824 2182,2827 2227,2833 2271,2836 2316,2839 2361,2842 2406,2845 2451,2848 2495,2851 2540,2854 2585,2854 2630,2857 2674,2860 2719,2860 2764,2862 2809,2865 2854,2865 2898,2868 2943,2871 2988,2871 3033,2874 3077,2874 3122,2874 3167,2880 3212,2886 3257,2886 3301,2889 3346,2886 3391,2886 3436,2886 3480,2892 3522,2892"/>
                <TextEquiv>
                    <Unicode>mal in die Vaseckung gefahren</Unicode>
                </TextEquiv>
            </TextLine>
            <TextLine id="tr_1_tl_7" custom="readingOrder {index:6;}">
                <Coords points="2147,3034 2375,2976 2682,3038 2821,3012 2913,3053 3097,3006 3583,3067 3579,2984 3428,2978 3276,2907 2922,2962 2498,2887 2345,2930 2141,2909"/>
                <Baseline points="2155,2946 2200,2952 2245,2958 2289,2961 2334,2964 2379,2964 2424,2967 2468,2970 2513,2976 2558,2979 2603,2985 2648,2985 2692,2985 2737,2991 2782,2997 2827,3000 2871,3000 2916,3000 2961,3003 3006,3003 3051,3003 3095,3006 3140,3012 3185,3012 3230,3012 3274,3015 3319,3018 3364,3015 3409,3015 3454,3015 3498,3018 3543,3018 3585,3015"/>
                <TextEquiv>
                    <Unicode>und die heilige Stille im Tegel mit</Unicode>
                </TextEquiv>
            </TextLine>
            <TextLine id="tr_1_tl_8" custom="readingOrder {index:7;}">
                <Coords points="2151,3103 2613,3113 2903,3188 3085,3119 3631,3155 3627,3081 3577,3065 3409,3085 3097,3006 2984,3008 2907,3069 2561,2998 2440,3047 2149,3034"/>
                <Baseline points="2161,3068 2206,3071 2250,3074 2295,3077 2340,3080 2385,3083 2430,3083 2474,3086 2519,3089 2564,3095 2609,3098 2654,3101 2698,3107 2743,3110 2788,3110 2833,3113 2877,3113 2922,3113 2967,3116 3012,3116 3057,3116 3101,3116 3146,3116 3191,3119 3236,3122 3280,3122 3325,3125 3370,3128 3415,3128 3460,3128 3504,3131 3549,3134 3594,3137 3636,3137"/>
                <TextEquiv>
                    <Unicode>dem. – Sie Beide in Febr. hier an sehen</Unicode>
                </TextEquiv>
            </TextLine>
            <TextLine id="tr_1_tl_9" custom="readingOrder {index:8;}">
                <Coords points="2149,3266 2526,3214 2762,3266 2972,3232 3127,3291 3222,3228 3678,3272 3674,3121 3234,3198 3059,3149 2895,3204 2797,3153 2145,3101"/>
                <Baseline points="2158,3197 2203,3203 2247,3206 2292,3209 2337,3212 2382,3212 2427,3212 2471,3212 2516,3212 2561,3212 2606,3215 2651,3218 2695,3221 2740,3224 2785,3224 2830,3227 2874,3224 2919,3224 2964,3221 3009,3224 3054,3224 3098,3224 3143,3224 3188,3227 3233,3230 3277,3230 3322,3233 3367,3233 3412,3233 3457,3236 3501,3242 3546,3242 3591,3248 3636,3251 3680,3257"/>
                <TextEquiv>
                    <Unicode>freue ich mich sehr. Und grösse Sie, auch</Unicode>
                </TextEquiv>
            </TextLine>
            <TextLine id="tr_1_tl_10" custom="readingOrder {index:9;}">
                <Coords points="2192,3335 3603,3351 3601,3268 3549,3260 3405,3309 3274,3252 3105,3293 2958,3234 2766,3295 2524,3246 2190,3260"/>
                <Baseline points="2203,3310 2247,3316 2292,3319 2337,3319 2382,3322 2427,3322 2471,3322 2516,3319 2561,3322 2606,3322 2651,3322 2695,3325 2740,3325 2785,3325 2830,3325 2874,3325 2919,3325 2964,3325 3009,3325 3054,3325 3098,3328 3143,3328 3188,3328 3233,3331 3277,3331 3322,3334 3367,3337 3412,3337 3457,3337 3501,3340 3546,3337 3591,3334 3609,3331"/>
                <TextEquiv>
                    <Unicode>mittel hilen und kleiner hämlich.</Unicode>
                </TextEquiv>
            </TextLine>
        </TextRegion>
    </Page>
</PcGts>
