3869 4088
247 695 1850 870 dach nichts werden, trek ich mit Christoph in Ver¬
247 817 1872 1004 benlay, in him with Hillet with lite air of
281 929 1919 1102 laubt ihm das Stich an getan, das ihm einen sehr
297 1021 1899 1194 storben Eindrath machte – seinen Sigen ausspruch.
326 1141 1852 1280 Ich selbst habe den Ruf’ auch nochmals mit
357 1259 1919 1408 Freude gelesen; was den 3. Ant. arleyt, or bn
373 1367 1889 1520 the rest with an Rihumwhay who trok
385 1516 1958 1636 vieler feind nend Momerk-tu irgend welchem
393 1624 1874 1730 diewend in Gincelen habe ich et[n] gar
426 1722 1844 1854 hein itu lass. - Die Triesse die sich auf
430 1866 1903 1989 Marie freat, jetimirt sehr um ein Buch;
469 1993 1663 2121 hinden wer bald Gemplore haben?
473 2117 1995 2229 Die präsentive Katharina ist am Manchemer
495 2213 1848 2370 Theehr geesen hat dort den Tenistra
530 2357 1913 2476 Ibars gehirattet ind het –it
585 2469 1877 2594 ihm die yt weder nur Rühne. Talest
597 2596 2023 2700 hat je und sich gut, wenn wohl nicht
609 2706 1960 2840 geade theindwelty ans; schöne Augen
632 2814 1911 2942 He shdnt die Rolle ind nichstens
619 2930 1269 3042 soll sie sie sprechen.
617 3042 1991 3164 Nun aber Ihre - das ist ein schwieligt
636 3150 2031 3295 Fall. Schwerig insa fern als die Schau-
654 3254 2031 3384 spieler in die Sie eigenth imlich gequilte
1604 3344 1801 3484 UR
2726 603 2828 734 90
2722 662 3564 821 BerlinenaW.40, den 30.12 1905
2070 656 2529 821 essing=Theater
2249 772 2347 841 ection
2086 829 2461 923 Dr. Otto Brahm.
2618 1180 3101 1359 Licht Freund
2374 1449 3716 1595 ark where I have Mahn – and Wochen
2370 1587 3714 1740 ruf hätte ich Ihnen jetzt zerbieten. So¬
2382 1722 3647 1852 moff het endlich die Sprache wieder¬
2419 1836 3684 1989 Gefunden aber leider nur in miten¬
2408 1958 3737 2093 Theilen, dass er die Arbeit nicht übernehmen
2437 2078 3635 2213 meine”. Cassied ist nun diese auf
2453 2186 3739 2296 Walsch unruchgekommen der seiner Mei¬
2457 2294 3771 2451 any use Mitte I canor an die Thissen
2467 2419 3684 2561 heranzahm und sie dann schnellsters
2471 2526 3700 2671 liefern konnte. Da wir dann gerade
2474 2630 3769 2826 noch in recht, binnen for den Feher¬
2500 2761 3765 2895 lich ist E. dsagst, das Weitde in
2516 2857 3806 3016 worlem wurf ich nun ehr heute
2543 2999 3775 3142 weiter erführe, aus er, auf einige
2529 3099 3810 3278 Tage verreist sei. Sollte es mit ihm
