4045 4120
2895 826 3850 969 Berlin N. 20., den 12. 2 1902
2748 1328 3408 1491 Lieber Herr Schickld
2523 1581 3819 1768 der Vortrag mit dem Vortheiln ist jetzt
2542 1684 3722 1848 abgewissen, wie fragen am 15. Mai, ist
2541 1785 3571 1940 denke mit dem Leb. Stunden an.
2557 1890 3795 2095 Dringend t-itte ich Sie aber diese Mit-
2558 2004 3775 2174 they his auf we tres ledglid als
2566 2114 3779 2270 Er Sie allein und ganz persialist ge¬
2558 2191 3782 2365 wandt na betrepten, es schaden noch
2576 2288 3800 2471 Dirf du deux en Behaut inder des
2560 2412 3724 2578 Abschlusses gefändet werden hinunter,
2568 2502 3680 2658 also bitte ist Sie im aller aller-
2573 2597 3223 2723 stristestes Völentiam.
2566 2676 3803 2908 Licht hat das Carl – R so unfasstehen
2560 2809 3751 2967 Betragungen dank gesetzt, dass ich das
2571 2912 3835 3088 quiseversal ohne effertiven Staden
2581 3012 3676 3164 für die Herr nicht mitnehmen
2576 3112 3660 3249 kann. So muss ich entgrossem
2590 3225 3755 3378 Bodunden dieserst auf der Ihrkade
