4000 4089
2191 682 3799 878 Der Praeperspieler und schon geperbt und werde
2234 794 3741 962 also am 4. Mai unser erstes Wort sehr: ich
2234 888 3775 1057 erwarte. Sie Beide in meiner Lage. - Frau
2276 1027 3820 1175 Lehmen bleibt noch sich, hem deshalb nicht
2306 1141 3805 1295 für Anna hingestellt werden, gegen die sie
2344 1275 3781 1391 sich auch sichd sträcken würde, wie schon sie
2368 1369 3828 1504 der 1. Aufführung. Ich habe nach ursmaliges
2394 1440 3797 1640 dermögung K. Pauli gewählt da sich die
2424 1592 3751 1726 N. doch an dürftig dochien, auch er
2436 1642 3771 1831 müdchenhaft während die P. einen
2476 1788 3759 1937 aufnehmen Hausfrauen +Jps geben
2512 1925 3785 2049 fried - and in ryen hat sie ja meif
2530 2081 2725 2199 Ceary.
2600 2175 3701 2330 Gerichte Grösse und auf jedes
2619 2290 2999 2424 Widtschen
3310 2344 3435 2486 1er
3408 2422 3613 2619 P.
2657 2699 3695 2831 Ich her in 3. Mai sich im¬
2675 2813 2983 2939 Impdial.
