3863 4105
235 748 1837 900 I alles winde. Vertrag whether F.C. aus Berlin
272 888 1863 1000 ebenso die 1000 M. an die A Cresse, welke Sce
272 998 1886 1131 dorthin aughen worden. - Den Chutardus “heh
308 1111 1774 1233 ich leider nicht wieder lesen können die
294 1223 1922 1365 Ihr und allerlei Acht nehmen sich recht
294 1360 1882 1504 an Bishly; setzt wir ich freier, aber wollte
302 1462 1877 1594 Ia reitielich nicht weiten lassen und bitte eine
300 1565 1847 1727 wenn wieder Tremplue frei sind in der neue
292 1654 1843 1845 können,  me aus en überlassen. - Iil hier
290 1819 1750 1993 mit der that zu Ende und fahre in
290 1916 1863 2123 einigen Tagen etwa Donaastuf Nacht, nach
288 2038 1859 2214 Helgeland. Briefe erreichen mich soviel über
306 2200 1900 2358 sich wie über Berlin, Zelten 14. - As freut
320 2326 1867 2504 nicht dass die ein Heim bei sich haben
355 2457 1835 2650 gewiss wird et sich unter dem Tagen des
357 2565 1918 2772 Somndig bald ganz aholen. Mit vielen
381 2711 1638 2914 hältlichen Wünschen für die alle
