7731 4088
3329 456 3490 644 I
234 775 1643 953 nente. Hauslingen Sie haben ja auch
2009 769 3454 925 nicht. Wie wollen Sie einen M teilen, wie
254 912 1619 1058 sicht so ely. Gra werder etse paerfalls
2015 919 3448 1044 at a Binsfildt, in and Stunde  &c
266 1007 1787 1181 mata pertiren: Aelt sein ist alles, syt
2025 1013 3515 1163 in einer Eröde das Fehlende täbringen?
297 1114 1676 1266 Grund. Und Sie sollen rechteitig übert
1990 1120 3474 1242 fuer die Spiele, auch die Heltig auf den
303 1211 1369 1332 werden mir lehten Probenwärche.
1988 1223 3515 1357 Einmalische Ortsrecht? Hätte ich noch einer
297 1318 1740 1433 Nicht endglich ist es den zu meiner Di¬
2071 1314 3480 1460 s'Aaropilde à la Parne, se mère est génées ni
1829 1179 1990 1427 be
291 1409 1623 1536 rections stell. Klehrei ein Fert in den
2029 1363 3547 1577 of Jedem atperment it i un hom rous bacct
1833 1415 2023 1583 [illegible]
303 1518 1663 1672 Arme Mutter einige; vorathen Sie es
2102 1496 3505 1653 ich schweren ja nicht dafür, die alte Gerde.
2108 1605 3450 1783 inin or and in jeder Tras inerficher;
333 1617 1667 1750 aber nicht dem Werkfeld, die wol es noch
1819 1565 2009 1688 to me,
2077 1682 3422 1861 aber gewe sie, die im Schatten sein mir
333 1714 1722 1898 mehr ist. Vielle Grüsse also mit auf
2011 1762 3549 1990 2 feckten, die Jürger und Neue, mass ich
313 1789 1332 1964 Andersche hiebei oder Müter.
1999 1861 3521 2035 & hessor kunne als irgend genand, und In
2108 1974 3563 2156 Kirche mit glasken: wie b. gel ist darunter.
1290 2015 1661 2182 6 Berlin
2144 2097 3505 2245 gehiliges muet sich Thölscher, du ist sehr
2136 2184 3521 2340 gleichlich an 2 Mänder eingeführt hat, als
1883 2150 2055 2318 o. h. I.
2132 2271 3456 2439 Direster famos, a werk - versicher Sie das
1845 2301 3188 2529 herte work - senationell within.
2112 2481 3529 2669 Nun werden Sie aber wohl gelesen haben, wie
2071 2544 3503 2733 stark „tue Meritori“ geweckt habe: sie sehen,
2102 2675 3547 2871 ein, wie ein ganz grossen Erfals. Morgen, Dienstig,
1932 2665 3424 2951 Sich war - in Werk hin uns am Wochentage -
1863 2818 3490 3014 Ihr rücksel ausverkehrt sei, meint’s. Holt
2083 2933 3509 3129 das einigermassen nur zu an, der schädige ist
2104 3022 3428 3262 See, Ichannen und nicht, um ich zu
1997 3071 3529 3355 Stich in den Pännern, den ich Ihnen nämlich
6412 446 6569 575 1 7
5527 707 6476 872 Berlin N. W., den 9. October 1896 6
5305 872 6486 1046 Herrn Dr. Arthur Schnitzler
4946 925 5249 1175 A
5909 1032 6292 1163 Wien IX
5869 1145 6454 1282 Trankgasse 1
5529 1260 6551 1464 Sehr geehrter Herr Doctor.
5113 1443 6529 1631 Ihrem Wunsche gewäß theilen wir
5138 1538 6515 1748 Ihren im Folgenden die Besitzung
5146 1686 6062 1841 von "Freiwild" mit:
6038 1770 6646 1940 Baldum - Hr. Biensfeldt
5103 1803 5941 1930 Fariaski - J. Sauer
5103 1843 6640 2039 Bohnstedt - " Nissen/Enderle -. Reinhardt
5713 1972 6646 2108 Rittner Anna - Frl. Prenner
5103 1995 5669 2146 Rönning - "
5075 2051 6648 2223 Frehlinger - - Fischer Pepi - Sr. Schneider
5085 2152 6583 2307 Dr. Wellner - Reicher Läthihen - Dr. Eberty
5535 2239 6640 2378 - Müller Kohn - Hr. Vallentin
5087 2279 5334 2402 Vogel
5002 2332 6613 2511 dit. Schneider -. Trielscher Stellner - Er-Ludwig
5093 2427 6541 2570 Finke - " Marx Piccolo - R. Pauli"
5057 2546 6634 2707 Von der dieser ist das Stück endlich mit
5051 2657 6599 2848 des Spielerlaubens zurückgetrieren.
5061 2776 6545 2925 Aus zwei kleinen Stellen sind von
5093 2899 6460 3064 ihr gestrichen worden, und zwar
