3984 4040
311 943 1927 1133 akter bedeutend überstieg, was ja
305 1047 1900 1233 beim „Puppenspider“ nicht der Fall
318 1175 1906 1358 ist. Ich bin deshalb überzeugt, daß
314 1260 1948 1436 Sie unter diesen Umständen darein
316 1354 1948 1549 willigen werden für den „Suppen¬
309 1478 1923 1649 opieler keine Ausnahmetantie
305 1588 1948 1779 me zu beansprüchen und den Ver¬
293 1708 1902 1894 trag, den wir Ihnen beifolgend
286 1825 1969 1994 mieder übersenden, so wie er ist,
343 1946 1248 2115 zu interzeichnen.
529 2042 1906 2201 Besten Geass und nächstens mehr von Ihrem
754 2167 1731 2320 und nicht recht Berlinreifen
1662 2291 1967 2481 O'Oulen
295 2472 1971 2646 Bitte freundliche, und sofort noch 2 Ex.
293 2585 1770 2719 von der N.W. So, senden zu lassen.
901 2648 1689 2792 Hochachtungs von
817 2707 1969 2855 Deutscher Theater zu Berlin
920 2796 1896 2947 J A. Ad. Mewes, Spar.
