4013 4071
2135 591 3588 764 Ich bin sit Montag hier, die einen sehr stellen
2128 698 3674 870 Ort die Hänken in der Ersechten, mit zugleichter
2135 818 3663 968 schönen Wildern und eine so milder Luft, die ich
2149 929 3688 1093 s'e asse irpnt fand. Heise habe er 12 Grs,
2170 1048 3601 1191 und ich schritte sie offeren Fensterrn. Mit Gefor¬
2185 1139 3613 1287 and Freunde beside ich das Erfteil zum
2197 1264 3692 1412 täglich und lasse nur die Juni, wenn sie gerade
2228 1368 3703 1510 Geschstärke hat, auf die Berst ziehen Mann
2233 1479 3636 1637 Bruhr habe ich verdicht und verhört hei
2260 1622 3572 1729 guten Hänner rapfanden; d gesent Sie
2282 1743 2861 1845 mit mir herilich.
3078 1781 3238 1905 in
3228 1841 3609 2116 1 Bulwer
2422 2072 3599 2255 Gegen Eine sie ist erf alle Fülle.
2422 2199 3667 2355 wann? Oder, wenn Ihnen das in judische
2441 2293 2953 2470 ist: sei born?
