3984 4103
1941 710 3593 901 inzischen. Den Wärtl will ich auch noch
3190 803 3458 940 Pebkkam
3632 862 3716 964 50.5
1955 862 3507 1016 anschen, als ich gleich, ein Belied frem¬
1962 977 3530 1147 das nicht copiren. – Zihn Ihnen gutes, Ruf
1988 1130 3573 1265 hat er sich retürlich sehr gefiert; und
2009 1253 3536 1384 Ihren Abbruch der Rech-Brücke kam ist.
2007 1384 3466 1517 Ihnen arzt sieht übelnehmen, es lebe das
2013 1507 3581 1634 Temperment, was Pötzleinsdorf betrifft.
2039 1632 3569 1771 der Aesste ich Sie doch auch mit, wenn der
2062 1765 3634 1910 frage Wien bliebt; und er mich ein Ihnen
2062 1898 3530 2037 für 1910 Nären von Eisen, Tantiemen,
2076 2013 3483 2193 von Gold (ohne Karantie) und eine
2099 2164 3493 2318 Bergttewehr me Ihrem Herzen.
3204 2299 3425 2502 105
