4018 4057
2658 670 2801 806 77
1981 736 2466 912 Hissing=Theater
2663 789 3502 930 Berlin plW. 40, den 9.9 190.5
2119 845 2305 904 Direction
2027 882 2403 991 Dr. Otto Brahm.
2528 1224 3004 1417 Lieber Freut,
2263 1487 3465 1632 es freut nich haglich an erfahren,
2268 1582 3490 1744 dass der Gattes friede nit dem Barf.
2260 1701 3420 1874 Theater wieder hergestellt ist. Mögen
2339 1830 3630 2005 gleich weitern Mittheilung sehr iste, hoffent¬
2321 1937 3431 2090 ich in unser beiden Befriedigen
2348 2061 3555 2191 also entgegen. Für heute will ich nur
2360 2178 3486 2321 wch sicher dass the Vaussebry.
2376 2260 3526 2424 ich hätte andern dertschen Antwort
2385 2376 3505 2544 für Berliner Aufführungsregst
2413 2467 3627 2671 einzelner Stöcke Gereiten angebilligt,
2409 2612 3484 2760 irrig ist. Sollten Sie daher er
2414 2723 3627 2874 an Vaterpräkltig wisser Herzt
2408 2848 3490 2972 men und nicht gedacht haben, so
2437 2936 3576 3110 wäre zu tranken, dass H., auf eine
2470 3044 3564 3219 eine Anregung in die Täpflichke
2454 3185 3471 3330 eingegangen ist, die alle seine
