3981 4103
329 928 1834 1051 hinter nicht, und 2-3 wobei werden. Es
331 1053 1846 1236 es’ möglich, dass ich dann auf der Transdring
347 1190 1883 1322 gebe und gewiss so hoff ich dass ich Sie
326 1257 1885 1445 dem sehr. - Was nicht die Arrestügle?
343 1410 1842 1581 Ihn bin, so ciflih, die Kur alscht, an Klest¬
343 1545 1924 1728 Studien, für ein ein Anflage der Kirgephie, die
349 1653 1241 1824 ich in 27. Ihnen schrieb
1341 1771 1765 1957 Heilsh 14
1669 1930 1865 2120 Wm
522 2106 1844 2322 Wenn Sie diesen Wassermann schon, bitte
543 2228 1922 2485 ihn schl an grüssen, ich freue mich siein
547 2367 1944 2587 vorzutre, unter Seis ehr komme ich schwerlich
2538 369 3042 520 Votre très-cié-elle.
2718 794 2907 914 270
2136 875 2654 1016 lessing-Theater
3552 863 3671 971 1910
2899 892 3311 1026 Berlin UW. 40, den
2318 957 2479 1030 Direktion
2212 1014 2573 1122 Dr. Otto Brahm.
3022 1090 3577 1238 Karlsbed Villa
3054 1243 3656 1379 Charlotte 12.6.11
2628 1524 3099 1696 Lieber Freund,
2440 1759 3599 1946 das weite Land findet sich in
2444 1910 3569 2091 Ihrem engeren Land. Ihre längst
2430 2055 3540 2230 hätte ich Ihnen Beiden für Ihre
2444 2169 3669 2383 Schwerer Grösse danker sollen,
2434 2338 3779 2514 ich ben fest, dass die gute Botschaft
2434 2463 3648 2659 um da nie zugedachter Leudung is
2422 2630 3603 2754 mich wenigstens pkt tun lässt.
2477 2740 3715 2877 von haben bis Ende Ma: in B. ge¬
2440 2861 3724 3063 ment, aun ein Worte in Hamburg
2455 2985 3775 3163 mit schreibendem Anfolge, Hrn. (wie
2440 3103 3726 3283 my cs M. R. in bien ajarpa sch.
2463 3226 3771 3438 wählich, nicht rotrassmässig anpêcher?
2495 3348 3709 3505 geht hat ich eine Kirche schon.
