4007 4104
373 1267 1685 1519 nicht; auch wegen des Termins in den ich
398 1430 1650 1586 Schünhell bringen, ten ich noch nicht im Reinen.
519 1534 1649 1667 Ich her set gestern Metty hid der este
403 1639 1654 1742 Eindrach ist ein sehr angerehnd, man ist
419 1724 1683 1844 in einem guten soliden Hans, der Blich auf
436 1806 1655 1940 die Waltung und die Meinigfaltigkeit der
442 1890 1631 1986 milder ist schön. Du Wasser peut om iene
459 1991 1427 2102 allerdings etwas primitiv, scheerts.
1059 2063 1566 2175 Paul de Gröning
1249 2137 1695 2275 Mr O’Richam
2839 597 2942 704 116
3659 649 3781 801 190
2862 702 3398 853 Berlin N. 20., den
2997 837 3713 958 Hairstein bel Eiserah
3225 939 3477 1054 14.2.02
2732 1202 3332 1343 Liebe Her Schickler,
2479 1318 3781 1516 the darke I haveaeft for The
2490 1481 3761 1627 Die Verhandlungen die ich ihr hierauf
2497 1573 3730 1700 meines Vortrages führten, geriethen auf eine
2515 1660 3708 1775 todten Pacht, als ich Herr Zitronge’s
2517 1764 3751 1905 wurde, einen Sohn Herr als Reginor,
2538 1853 3795 1997 aufzunehmen, rafäsirte; Linden ist wohl
2548 1974 3866 2091 gefällige Genossen. Nun liegt je da Gerake
2576 2079 3830 2231 rahe, mit der ist nicht zu euch recht ge-
2548 2170 3809 2303 Macht worden, dass ich in einen andern
2556 2263 3837 2403 resp. neuen Hause wurde genehmenen Be¬
2579 2380 3786 2535 strebeniger würde erstehen lassen Ich
2586 2498 3864 2642 will dies iset ganz verleden und hoffe,
2591 2607 3823 2712 dass auch Sie an welchem Vorhaben
2595 2696 3792 2840 Interesse nehmen ind den; Art ist die
2607 2801 3904 2965 Gegenwärtige Moment mit sinde / pätisch
2627 2893 3838 3056 arg gestörten) Er nicht geegnet,
2627 2993 3812 3158 schlossen in fassen, und so würde ihn
2640 3113 3817 3238 erst in diesen Wochen Ihnen eben
2627 3195 3393 3319 Bestimmung sagen können.
