4056 4103
1051 1461 1155 1552 75.
1370 1538 1569 1605 BERLIN N.W.
1370 1541 1754 1651 LUISENPLATZ 2. 28.5.07
553 1560 946 1652 DR. OITO BRAMM.
579 1756 1793 1845 Guhr Her Ichstuld sein Sie schon beducht
558 1849 1724 1976 für den Lieutenant, dessen Behantschaft ist,
579 1927 1694 2034 geen änent hybe. Die eigene Form und
585 2000 1737 2104 die nélige Begehobigie haben sich wieder¬
592 2086 1715 2190 enfent; and die lechte stet, wie hier ein
597 2161 1699 2230 stand und in einzel wesen festgehalten.
606 2239 1707 2319 sind, fenelte mich über den Ärgertlichen
619 2306 1751 2405 hinaus und führte nich in der rech derle
624 2357 1793 2464 lichen Frage: warum schrecht diese treffliche
2850 707 2944 821 70
3571 831 3715 890 190
2818 813 3364 919 Berlin N. 20., den
2951 930 3613 1051 Hdglad 3.8.01
2681 1404 3456 1531 Lieter Herr Schnitzler,
2526 1619 3796 1743 wo weilen Sie? Wollen Sie noch
2544 1753 3637 1842 immer nicht rasachen, wie das
2549 1836 3830 1955 Noldmcer that? I have him
2582 1936 3704 2069 me syn: verdort ist! Hier
2613 2054 3758 2153 est gut segel haka regitiren
2592 2156 3750 2262 no nicht arbiten: wenn Sie das
2617 2251 3825 2381 Letzt de wollen i. B. fus Deutsche
2592 2316 3686 2448 Theator ein Stich schreiben, dan
2613 2431 3747 2549 freilich bloten Sie liets in Sie
2622 2557 3782 2665 sind und schaum Sie dass Sie
2643 2665 3798 2834 is so talk we trefflise forty
2635 2751 2890 2873 Wicgens
2605 2858 3761 3015 Da gute Georg hat mir zu
2619 2971 3692 3090 etwas von einen Stuh für
2635 3061 3632 3171 das isiher als Ihrer
2630 3147 3815 3279 Feder entflussen will: lassen Sie's
