3997 4136
325 844 1972 992 Cassastuapuht was - then so got the Verder
331 965 2014 1103 Plätte geben könne, wie diese hinter, deren schleptig
368 1076 1920 1196 het uttigens bestritten wird: je werden tci
368 1175 1901 1330 allen stark heisptes Vorschläger erkunft,
385 1300 1918 1466 sagt men sit. Nun sei als an Gericht
408 1426 1863 1551 schon, fast nichts mehr dazuvesen, als
412 1520 1991 1673 Ihr Brief hier nicht unglücklicher weise hat
406 1656 1817 1771 et sich noch irgendson ind - we in der
415 1721 1974 1897 partie aufuyen fa ea Paa Strader
415 1857 1801 2012 den soll'en sich dieses von mir schienend
442 1968 1880 2096 behlegte, Resultat heraushan., Sie dem, ich
475 2060 1910 2221 waderhile u feierlich niet Kranerei sordeln
465 2188 1845 2335 an Tazettelung is gewirkt hat. And isk
511 2282 1914 2410 tin, wie Sie wissen nicht im eigenen Heise,
513 2397 1882 2494 im alles an den behaarten Schreibchen, in
534 2500 1742 2630 gehen hat, sondern an selbst in Gest.
532 2611 1725 2772 in the Hiffary, dass I have here
553 2726 1970 2883 Edle Erklärung genossen wird, gerne
590 2833 1912 2984 ¼ Edelich in der Hoffnung baldefahren
590 2952 1028 3053 Avec daschans
1323 2977 1484 3113 Mr
1440 3046 1897 3283 1 Berlin
1518 3304 1786 3526 " Am
