4035 4088
3337 314 3741 490 Monsieur de
1261 363 1466 508 ¬
2134 394 2232 496 11
2565 383 2685 572 II
2893 638 3020 732 301
3048 685 3809 810 Berlin WW. 40, den 21. 10. 1911
2347 730 2782 857 Tieder-Theater
2263 797 2622 904 Direktion
515 787 2157 988 richt entgelten, was die Idioten gesündigt haben,
2347 884 2704 994 Dr. Otto Brahm.
517 935 2062 1084 und kommen. Sie nicht noch mehr mehr,
523 1027 2126 1195 sondern auch wegen der lieben Berliner her!
564 1156 2150 1330 Die Klast, ewersten Nord und Sich hat
2895 1234 3407 1369 Liebr. Freind,
564 1294 2214 1445 sich diesmal etwas weit erwiesen, ehe erlebt
597 1417 2169 1570 sind sich doch herunter gekommen, und das ist
2671 1437 3860 1617 nen will ich Ihnen den Inhalt
597 1552 2175 1701 wol die Hauptsätze. - Thee Charakteristik aus¬
2683 1607 3965 1771 meines Telegramms noch mal bestätigen
613 1695 2243 1814 Wm Elvesse, und Kan find ich sietig, unkreust
2716 1724 3883 1892 und ergränen. Wir sich mit dem
611 1818 2132 1954 ich he P.S. mehr Ohnmacht und Schwer¬
2767 1835 3961 2019 Quas der Berquisse zufrieden, mit
621 1931 2187 2095 fälligkeit sehr. Salters las ich, eine sch Re¬
2770 1995 3858 2146 die Kritchen scheinen nicht so
621 2062 2241 2208 merhorpen ihn die Gestalt des Hofrechts haben
2786 2122 3885 2267 ndtschmetternd geruht nu haben.
627 2175 2226 2341 mit sehr gefallen, hier versigt P.S. in un¬
2815 2251 3989 2386 we is he Irem minden etellirten
638 2335 1310 2462 tepeillisten weise.
2796 2374 3889 2515 Autre der Fall wäre. Dichter
701 2442 2208 2599 Als wäre sehr klein meine Frau Olga mit
2811 2513 3942 2669 und Darstellung wirken wohl
697 2597 2116 2741 Ihnen käme, befreit an den allerlehter
2815 2634 4000 2774 und wenn Sie vorkommen, melden
703 2714 2058 2852 Spuren dieses nachrichtigen Katanschs.
2833 2774 3954 2882 mit ihnen sehr erwünschten, nehmen
1775 2864 2216 3024 Henlick the
2843 2876 3977 3022 Empels erhalten. Das Geblihum
2868 3016 3909 3163 beninnt sich ja ganz kar.
664 3022 1841 3182 Eben kommt an Mittagsrappolt, sich
676 3134 1995 3311 den ich der Abend auf 4000 Entire, den
2874 3118 3975 3274 also lassen Sie die Aushaldigen
3620 3233 3977 3327 v. w.
693 3239 1250 3389 Sonntag auf 5’000
1822 3428 2021 3594 ary
