3984 4040
255 649 1883 789 der man rech seinem in der Werthe so wenig hondern
263 736 1881 894 hann dan die Frage 2 von 3% nach Anlugler abkeit.
318 815 1897 1009 Ich wollte deshalb schon wen letzten Briefe hinzufügen,
342 947 1826 1064 dass wenn Sie auf 3 % bestehen, 4/4 das den Vattaf
354 1009 1903 1151 an dem möchten und ande also hiemit den Geänderten
380 1100 1794 1232 Entrat vom 1 hoffentlich unerderruflich, letzten
364 1165 791 1292 Mite wirk
398 1264 1853 1426 Für die Rolle des Obristen ist Mark gewiss nicht
398 1365 1855 1543 nif. Ich schätte seine Begehung, aber es würde
423 1478 1931 1669 ihn kein Gefallen geschehen mit solchem plötzlichen
435 1557 1845 1749 warstiehen. Ihm habe zweld genommen, der in
455 1662 1877 1853 sonst Individuelität nie in vorhanden etwas
443 1747 1863 1984 für die Gestalt unterbringen wärt, dann auch
475 1887 1875 2045 ein Element von Liebhaber hat das man doch
512 1984 1855 2146 nicht ganz enthekten möchte. Wie haben das
528 2077 1832 2259 Ytich heute allergilt. In zähle es an dem
534 2172 1632 2372 feinsten, was Sie geschrieben haben.
544 2298 1923 2449 auf die Zeit, wo ich Sie am Sternwarten¬
556 2391 1891 2536 parte trasten und auf ihrem der Bathore
580 2492 1796 2643 in der Wieder Landrecht bisher kann,
576 2583 1885 2736 hen ist nich jetzt schon. Wie steht's mit
603 2680 1824 2850 dem neuen Stich. Lassen Sie nicht halb
611 2779 1687 2983 Gutes darin hören. Verblich grüssend
1335 2963 1446 3076 ev.
1462 2999 1596 3133 Pr.
2587 815 2751 973 140
3028 1135 3446 1250 Berlin 4.9.03
2352 1276 3454 1448 Zicht Herr Schehen, im Georg höre
2378 1398 3552 1519 ist, dass Sie in dieser Tagen geheirathet,
2385 1487 3489 1614 haben und kann nicht an doch nicht
2415 1582 3467 1675 davon abbringen Ihnen hözlich die
2423 1660 3444 1774 Heid in schütteln, mit allen guten
2447 1741 3485 1865 schrieben. Glitesters, was? Aber
2465 1822 3125 1931 wie will man machen.
3105 1913 3234 1998 1er
3171 1966 3533 2124 AorBuchin
