3996 4152
225 642 1848 803 haten gewesen, hätte ich sie gern herangeholt
223 737 1732 872 Innacher gleich ich dass aus der Heims
253 846 1872 984 négistamise etwas eigenartiges herausentrilgen
277 945 1844 1109 ist for de Intella. Und das Feuer derihal
293 1052 1769 1200 müssen u.t nach Nichten schönen – lämmen Sie
308 1192 1746 1309 und rekkeitig ist und mehr ihr wahm.
320 1291 1864 1423 For Benoss hatten is a one juyer Maan
338 1382 1876 1514 an vielmehr 2 in spe, die eben werde nicht
368 1518 1864 1655 in the Justing getreten ist, wil saiten
374 1629 1805 1783 also nach einem neam. Ein Mitglücken
364 1732 1815 1900 den Hofen nehmen der Dumont schien auch
403 1856 1852 2034 drk indenkliste. Die 19 Jahre der Rosine¬
407 1969 1836 2121 härter sie ja nicht auf dem Zelle etc
435 2072 1817 2216 nerathen behaupten vor sie sei 2272
437 2212 1809 2348 Irationeinen sind ja früh so reif, wie
461 2307 700 2428 14 D
478 2435 1773 2572 Wir haben bisher, um weige kleine
486 2536 1712 2669 strisse gemeht, mit denen Sie gewiss
486 2681 1827 2797 einverstanden sie werden, etwaige weitere
500 2766 1791 2924 wollen ved his an Phadm Rommin
123 2851 397 2955 o D. h : Ia
508 2862 1769 3003 nortreter. At mea in II. ck staet,
136 2943 423 3038 himmen us.
526 2975 1840 3133 in Tessing, Schmiede, da Sie nie darüber
144 3023 409 3113 ank-dre
136 3086 419 3179 Risher, wenn
540 3078 1775 3238 sehen in Agneten soll Ihren Willen
111 3171 397 3321 Sie’s zu ich
518 3214 1340 3351 ins kak geprigt hatten.
2926 603 3068 741 123
2896 690 3839 931 Berlin, N. 20., den 13. Februar 1903
2663 860 2880 1052 Herrn
2746 1020 3809 1247 Dr. Arthur Schnikler
3410 1212 3657 1364 Wien
2712 1421 3871 1615 Sehr geehrter Herr Doctor!
2378 1589 3861 1793 Mit einem freundlichen Grüß von
2333 1694 3880 1910 Herrn Dr. Brahm, der unwohl ist und
2362 1821 3718 1997 Ihnen deshalb heute nicht selber
2350 1933 3821 2103 schreiben kann, senden wir ihren
2354 2046 3797 2232 beifolgend noch die gewünschte
2331 2111 3742 2331 Besetzung der übrigen Rollen.
2339 2265 3857 2467 Die Decaration, wegen deren mir
2339 2390 3847 2617 mit Herrn Lehnert in Verbindung
2319 2491 3790 2736 Worten, haben wir leider bei ihm
2333 2635 3734 2813 nicht bestellen können. Obersteht
2337 2728 3803 2934 uns das Modell im Ganzen mahl
2331 2856 3746 3030 gefiel, wären doch wegen der
2339 2963 3778 3185 technischen Verhältnisse unserer
