7731 4088
2007 753 3439 954 an lehn, so wie viel gemmer. Mein
2030 861 3560 1053 billige, der Thumdireter des Stoches, will
2062 975 3562 1161 das gewiss thun und ist ihm nicht in lieber
2088 1066 3545 1271 schrieb, da sich wieder bess agstet hat. -
2094 1180 3492 1373 Die Vriesdanger, die zu regermann,
2113 1286 3551 1478 halte ich alle für gut; und ich freie
2126 1396 3486 1571 nich auf den Ty, in in ses Gem
2130 1502 3547 1671 recht fest und megs in auf die Beine
2147 1612 3562 1777 stellen werden – In Bey auf der Termin
2140 1681 3534 1889 homme I’u resolgt sin, ich weh an
2174 1806 3553 1986 Acte Zeit wie vorges Mal, hempen wenn
2178 1916 3551 2098 Ich thun auf nicht gerade den Vorstur
2178 2013 3433 2202 meines Geburtstages ist aller seine
2185 2109 3388 2295 einen Conseperum ersprechen will.
2202 2229 3454 2403 Wie schnecht wier? (Da wir sich
2208 2316 3545 2530 von Tissen reden) – Wir und fest in
2210 2420 3557 2629 da thät im Hünche auf den Heeren
2231 2525 3524 2739 wir das in den dreinaliger Testament
2197 2608 3268 2847 hiern. Heutste Gröne Krs
3094 2838 3496 3010 O’Bectum
2346 2963 2551 3043 I am
4082 723 5689 897 & Sie das liebe Ratikum ja über sich fahres
4171 854 5708 994 Gerichal lacht konkige hören. Ich het den
4046 909 5708 1102 I am very for ausarndnllesk sitty at
4141 1030 5719 1195 schaftnt; and glittfalls wekly
4135 1153 5668 1263 I sinige Grabe weniger – hielte ich so, wenn die
4255 1231 5715 1392 eigentl’ste d’aillerei (bei dem
4226 1347 5761 1491 ich, dass den Sie hinter die Böhne hinc, gleich¬
4236 1445 5727 1576 sich ob ein der in den andern, oder der andere
4122 1449 5727 1690 I am an allt. (Tir de Fruckelde stunde
4211 1652 5755 1834 her so reterled about way that was in
4247 1736 5239 1914 ach at an Heer gelegt.
4067 1774 5768 1994 I am dine so Neun Voigt gewesen as Broc
4008 1969 5685 2151 in der cha nach Geschrieben weit, nochter die
4277 2045 5679 2248 abattu; and auf the Christ will be
4266 2117 5734 2310 baltigst für alle Fälle. Spielt F. Tams n'est
4249 2223 5736 2424 dere geboren ich um dessen Frl. Freund, to
4266 2324 5691 2504 in them when I.L. I have and with
4274 2430 5778 2627 suchen in, Ohne Liebe auf der
4027 2456 4188 2618 be
4300 2506 5727 2701 tohm to Mr.tik and Gattan als nadare
4302 2627 5768 2809 Schaussich in empführt hat: Das wäre um freilich
4300 2695 5702 2887 heere Niese; aber kann dein Schneider um
4272 2785 5685 2974 Gokrubbe nicht wegen; ich habe, ich
3995 2800 4209 3048 24a
4312 2900 5691 3082 Sertencataler in Thran spielen kann. Ich
4293 2988 5732 3177 I have the [illegible] when no mitty. – I and spielt
4245 3092 5761 3274 by Freitag zum Theale in der Gütelee und kann
4361 3198 5675 3409 we a sogh schr gut restenestiert, was ich ja
6527 749 7500 952 Berlin N. W., den 21/9 1896
6779 1024 6950 1163 que je suis
6364 1218 7153 1426 Lieber Herr Schikler,
6174 1385 6372 1459 ....
6040 1510 7536 1707 Berckhard’s Gedanke, dass Paul den Königl.
6083 1660 7455 1832 naberschlasse, leichtet mir schr.
6053 1745 7521 1927 miette Sie kriegend hätten, wenn Sie es
6079 1853 7500 2022 malich irgend möglich finden, die
6051 1929 7403 2085 erführen: äusserlich ist ja die Antrag
6083 2020 7515 2227 ben jeny. Da Annia, den deel
6083 2145 7411 2305 son mittel ist, wenn a ich
6104 2240 7557 2460 selben wäre, ist nicht alle plauern,
6108 2341 7489 2555 und das gewinnen, dem Gattihuren gehabt.
6098 2445 7460 2635 Ia, fr ihm meidlich, viel, woran
6112 2534 7466 2739 was a will not in Magter we is.
6104 2627 7477 2826 Impliese gerne die Teilung des Stickes
6110 2750 7481 2936 zu weit am oder werden zu reden ist;
6098 2851 7485 3016 Murch mit dem neuen Ehe-Gefühl
6140 2936 7502 3107 als Sache ganz xxx Gellers des kla¬
6129 3014 7532 3208 dine als Gefallend. Und in ihm Mohn
6157 3113 7225 3268 gehandelt hat - in xxxx
6165 3211 7280 3401 Herrn und xyz in xyz
