8007 4105
2954 742 3212 880 80 79
2392 828 2822 952 DR. OITO BR.-H-M.
244 866 1750 1010 entirend wirhen the die Combination in it
3334 876 3576 962 BERLIN N.W.
270 980 1768 1128 Kahndn’ habe ich auch schon gedacht. Er
3402 984 3660 1096 19.9.01
270 1074 1804 1244 tent mit, dass die Littelatur unarbeten
280 1218 1850 1380 und ist sehr Ihrer Sendung mit teilen
2760 1244 3440 1396 Liebe Herr Schnittler
296 1286 994 1484 Cromartny entgegen.
1110 1420 1722 1562 Händik gewesene,
2544 1434 3750 1646 The Stocke hebe ich wiederhalt
2582 1576 3634 1700 mit vielem Genuss gelesen. Es sind
1430 1560 1604 1660 Mr
2580 1650 3696 1810 geistrische Spiele alle drei, wir deren
1456 1670 1866 1828 C. Reuby
2594 1750 3756 1936 die viel an vielen im Theater allerdings
2594 1850 3726 2010 Nieul’sch rathlos stehen dürften (wenn
2606 1948 3684 2120 sie nicht gar das Gesentheil bald
2606 2044 3730 2210 werden, viel na meenige /  Das soll
2622 2136 3672 2326 aber nicht abhalten, mit Liebe an
2620 2236 3736 2416 du Artit du Insidierung ne gehen¬
2760 2348 3750 2520 Nachdem ist die drei heure
2580 2404 3690 2614 (ein vierte mich nicht viel gewesen,
2606 2508 3620 2712 Noch wirds auch in den Abend
2608 2606 3652 2812 voll werden denke Vk/ in V/h
2606 2722 3706 2902 dix sehr dafür, einen gemeinsamen
2600 2770 3580 2984 Titel in nehmen, aber, falls
2604 2892 3718 3100 Ihnen nichts noch Resseres einfällt,
2622 2976 3680 3152 Litteraturseln (litteraten seelen)
4976 398 5722 576 1 1/2 1/4 „ 4 „ „ —: —:
4566 802 6016 924 Bemühung als „Justspiel“ her wählen wäre? Ho¬
4288 798 4454 898 tire
4588 884 6036 1010 etwas wie in Leitenstich zur Gerksche Kahada?
4594 956 5896 1082 Besetzung betr. stimme ist ein: Pauline
4298 1006 4462 1142 peut
4588 1036 5914 1162 Mogarethe Friesse, Heinrich-Rittud. Für
4588 1100 5910 1266 Hansdorfer hatte ich Reichardt ausgezeichnet,
4588 1164 5974 1338 E Borronius dann etwa besser. Leonhard ist
4598 1256 6004 1442 wegen Lionerko, für uns k.k. h. un neh einen
4588 1356 6030 1528 hagen Liebhaber, Hahn, der im bestim mehr zu
4574 1420 5956 1602 ※Glause ist als Kaysilu, mit diesem möchte die
4588 1556 6074 1704 d’einen Versch näher, gehts richt, bleibt, K. immer
4580 1588 5980 1778 noch, den die Zwecken über theilich besonders
4586 1674 5998 1854 liegt. Könnten Sie als Resigin rient. Sommer
4580 1746 5942 1940 storff denken : n’ellesent etions au chel, cher
4600 1828 5946 2044 drk gut rep äsisterend, ttssend, sprekend.
4564 1872 5916 2128 Bisserman ist mit dufür etwas in leisert
4584 1988 6006 2212 an Gericht. Für Gebart nichte, ich bittet
4578 2062 5944 2262 Euer Ewägung geben, deinen Runde werde nicht
4574 2150 5994 2360 Genny erhaut ist; she wirde ihm das Stücke
4588 2232 6012 2422 i-erent. vorher lesen lassen, er greift sich nur
4596 2304 6030 2522 noch der Rolle, wenn a sie nicht fällt. Elemens
4582 2376 6036 2604 der doch erst verweichigt am schuster wicht
4580 2466 6068 2706 & minute Hofmeister se'en ; Bassamanns ies terrein.
4580 2528 5490 2716 = Diublet ist nicht echt Gewiß
4596 2592 6012 2840 Hann ich bald weitere Exemplare haben? ich
4642 2690 5884 2898 werde inwistern die Ballen ausschreiben
4656 2782 5918 2972 lassen. Einen Termin bezeichne ist thun
4562 2802 6008 3088 heute nicht, du ich noch eine 3/4 vaatl.étuy.
4668 2926 5944 3134 eilten Datums habe, es wäre mir auf lieh,
4668 3012 5982 3184 des Material cheskes bei der Hand zu habe.
4754 3074 5974 3240 i fl gehen Fælles gleich ergehen in bekäme.
6730 412 6888 576 i e a
6144 822 7518 950 licht finden würden; harptsächlich aber
6150 920 7502 1034 die lehrten Wasser der wieder Modémisirten
6164 1002 7548 1134 finde ich viel zu inde abgehecht und bei
6188 1120 7554 1228 schat, dass sie das Geblihan in einer voll¬
6216 1192 7450 1328 ständigen Verwirrung wirck lassen würden
6200 1280 7506 1424 was ist los? wilde jeden flage auch
6198 1362 7560 1518 der Dienstätigke - und Ihren Gedähnen und
6212 1448 7640 1612 den ad Pauline nicht nästchen! Ihre
6090 1510 7580 1720 Als ist einer prosaischen Erläutern, sich wissen
6222 1646 7630 1820 welchen vörtche ich schon; aber ich fühle
6222 1720 7454 1884 nur deutlich dass an diesem Grund des
6208 1782 7524 1970 Gasse im Theater, en Me’tere Moht, um
6240 1886 7504 2078 Ihnen ist entschieden eine Verbreterung
6244 1974 7578 2156 und vordertöstig dieses Schlosses am
6246 2050 7556 2242 rathen - die übrigens auszunehmen
6230 2132 7504 2340 Gründen wünschers wolth vier: der Umky
6246 2232 7556 2396 wird so bliteshaft, wie die ihn wünschen
6246 2312 7548 2470 richt zu schaffen sein und deskalten würde
6256 2386 7530 2560 am allen keinen Schluss von Missverhältniss
6234 2482 7522 2662 sein in der nothgedeungenen kleine Pause
6226 2546 7462 2732 Und die "Contrefigulen", sind nicht minder
6248 2632 7494 2802 Arderhalt: selbst wenn man sie nicht als
6264 2726 7538 2890 welke erkennt, wirde man sicher hören, dass
6250 2790 7370 2958 die Stimmen uns das Comlisse schallen.
6218 2848 7486 3054 Fr Littaater”, das durch die Umerteitung
6252 2954 7514 3134 sehr gewonnen hat und nur nach einzel¬
6244 3022 7412 3188 Stitke hdarf, um sehr bezug an wirhen
6236 3092 7630 3318 worfe ich die Frage auf, ob ist eine andre
