3991 4088
1252 1404 1440 1482 Telegr.-Adr.
2278 1388 2584 1526 Huis, ter Duin
1200 1456 1494 1534 Tappenbeck
2320 1440 2786 1586 Noordwijk aan Zee.
1222 1518 1492 1590 Noordwijkbinnen.
2454 1558 2824 1636 Holland. 91.7.06
1216 1554 2790 1698 chiebe Freund zur einen herzlichen Gruss in der
1222 1642 2832 1814 chile der Abreise, und die beschädere Frage: ob die Berde
1244 1718 2736 1908 nicht Lust hätten nicht in bisher auf Helgeland
1238 1810 2760 1982 zu besuchen? Dahin fahre ich nämlich heute; ich
1256 1896 2746 2068 haben Berlin aufgesteckt (wenigstens für demnächst, mit
1280 1968 2740 2152 will die Wagen in alten Felsenest Hansen. Von
1288 2052 2840 2248 Hamburg aus hinnten Sie (Hein: expedirt hahnd) wurden
1252 2130 2770 2318 schon dorthin absterben, und die diesen einen alten
1300 2214 2742 2368 Nordlands rechen glaaten: es lohnt! - Das H. - Z Stich
1316 2312 2834 2446 wird jedenfalls hilderkein; das entnimmt mein Intritirn
1330 2372 2782 2536 Ihrer meisterliche Darstellung unwiderzuflich Hützlich
