4003 4056
2658 660 2803 765 158
2086 723 2540 881 sing=Theater
3331 801 3534 913 190
2668 800 3135 918 Berlin N W. 40, den
2137 842 2334 910 Direction,
2088 900 2455 1004 Dr. Otto Brahm.
2803 931 3473 1113 et queten durf 11.§.04
2316 1248 3594 1398 Lieber Freund ich wollte Ihnen grade
2319 1373 3565 1502 die Frage vorlegen ob Sie nicht einen
2337 1469 3612 1632 schönen Einreder für mich haben, als
2338 1584 3645 1719 Ihr Brief von 8. eintref. Ich habe rem-
2355 1679 3559 1791 lieb du Abredt, die Komédie von
2355 1783 3596 1909 Mongéé, on étant pour Ehre, du in
2381 1893 3661 2017 der Neuen Rundsken steht, aufzuführen,
2403 2005 3676 2122 und möchte damit zwei andre Hure
2429 2083 3653 2244 The in Verbendny setten, in ever,
2449 2221 3682 2324 dan da thar entweder gus nak der
2457 2299 3710 2457 teiteren Täte geht, oder ahn Gerichte
2490 2433 3635 2553 Gefülle erwecht. In wirten Fall
2478 2543 3681 2688 dichte, ob an L'intruk, im alsten an
2488 2639 3637 2777 du Medaille me Thoma, hedes in
2506 2735 3660 2894 der Vorenschry, dass Sie nicht einen
2498 2832 3694 3003 früherplieren Einunleter diese schon
2501 2948 3655 3135 Sollten Sie gar einen wei stiften, sich
2509 3045 3723 3221 fielen wohl die Enttärzliche M. mit
2504 3170 3660 3333 Th. i soltten Sie gar keiner Ehe, so
