<?xml version="1.0" encoding="UTF-8" standalone="yes"?>
<PcGts xmlns="http://schema.primaresearch.org/PAGE/gts/pagecontent/2013-07-15" xmlns:xsi="http://www.w3.org/2001/XMLSchema-instance" xsi:schemaLocation="http://schema.primaresearch.org/PAGE/gts/pagecontent/2013-07-15 http://schema.primaresearch.org/PAGE/gts/pagecontent/2013-07-15/pagecontent.xsd">
    <Metadata>
        <Creator>prov=READ-COOP:name=TrHtr:version=2.1.0:model_id=51170:date=25_07_2023_23:30</Creator>
        <Created>2023-05-02T07:44:25.027+02:00</Created>
        <LastChange>2023-07-25T23:30:37.593+02:00</LastChange>
        <TranskribusMetadata docId="1416705" pageId="54950249" pageNr="16" tsid="130848687" status="IN_PROGRESS" userId="64420" imgUrl="https://files.transkribus.eu/Get?id=RHQHZHACUFAXAHBULOOBTADE&amp;fileType=view" xmlUrl="https://files.transkribus.eu/Get?id=SNXGLVZYJJOKFJBEJACFGBZF" imageId="44453975"/>
    </Metadata>
    <Page imageFilename="1416705_0016.jpg" imageWidth="3835" imageHeight="4121">
        <ReadingOrder>
            <OrderedGroup id="ro_1711829570063" caption="Regions reading order">
                <RegionRefIndexed index="0" regionRef="tr_1"/>
            </OrderedGroup>
        </ReadingOrder>
        <TextRegion id="tr_1" custom="readingOrder {index:0;}">
            <Coords points="1964,538 3589,538 3589,3360 1964,3360"/>
            <TextLine id="tr_1_tl_1" custom="readingOrder {index:0;}">
                <Coords points="2572,584 2582,582 2599,595 2608,595 2640,626 2644,622 2661,627 2689,622 2684,518 2667,522 2657,516 2648,518 2627,503 2614,512 2603,507 2584,522 2569,522"/>
                <Baseline points="2583,588 2627,591 2672,591 2693,597"/>
                <TextEquiv>
                    <Unicode>Veu.</Unicode>
                </TextEquiv>
            </TextLine>
            <TextLine id="tr_1_tl_2" custom="readingOrder {index:1;}">
                <Coords points="1956,936 2113,896 2423,954 2584,907 2716,960 2792,922 2869,949 2996,926 2994,869 2952,849 2792,833 2680,864 2508,799 2347,798 2209,862 1954,832"/>
                <Baseline points="1964,880 2009,886 2054,889 2099,889 2144,892 2188,895 2233,895 2278,898 2323,901 2368,901 2412,904 2457,901 2502,901 2547,898 2592,898 2636,901 2681,904 2726,901 2771,901 2816,901 2860,904 2905,904 2950,910 2995,913 3001,916"/>
                <TextEquiv>
                    <Unicode>¼ doch eine Perle gefunden.</Unicode>
                </TextEquiv>
            </TextLine>
            <TextLine id="tr_1_tl_3" custom="readingOrder {index:2;}">
                <Coords points="1966,1011 2283,1005 2412,1068 2708,1019 3483,1036 3481,983 3321,937 3001,1002 2873,939 2255,990 1966,941"/>
                <Baseline points="1976,994 2021,997 2066,1000 2111,1000 2156,1003 2200,1006 2245,1003 2290,1006 2335,1006 2380,1003 2424,1006 2469,1006 2514,1009 2559,1009 2603,1009 2648,1009 2693,1009 2738,1009 2783,1012 2827,1012 2872,1012 2917,1012 2962,1012 3007,1015 3051,1015 3096,1009 3141,1009 3186,1012 3231,1009 3275,1009 3320,1009 3365,1009 3410,1009 3455,1012 3487,1018"/>
                <TextEquiv>
                    <Unicode>In Wien nur es recht schön abgesehen, um</Unicode>
                </TextEquiv>
            </TextLine>
            <TextLine id="tr_1_tl_4" custom="readingOrder {index:3;}">
                <Coords points="1998,1126 2387,1102 2491,1159 2969,1170 3066,1115 3508,1119 3508,1062 3343,1022 2975,1087 1998,1040"/>
                <Baseline points="2009,1092 2054,1095 2099,1098 2144,1101 2188,1101 2233,1101 2278,1101 2323,1101 2368,1101 2412,1101 2457,1104 2502,1104 2547,1107 2592,1107 2636,1110 2681,1110 2726,1107 2771,1107 2816,1107 2860,1107 2905,1107 2950,1107 2995,1107 3039,1110 3084,1107 3129,1107 3174,1107 3219,1110 3263,1107 3308,1107 3353,1101 3398,1104 3443,1110 3487,1113 3511,1119"/>
                <TextEquiv>
                    <Unicode>dem oben dreiheten Mangel an einem Lieblich</Unicode>
                </TextEquiv>
            </TextLine>
            <TextLine id="tr_1_tl_5" custom="readingOrder {index:4;}">
                <Coords points="2026,1210 2610,1211 2824,1274 3321,1215 3542,1244 3540,1166 3273,1168 3221,1128 2650,1183 2553,1132 2425,1183 2279,1126 2026,1151"/>
                <Baseline points="2036,1191 2081,1194 2126,1197 2170,1197 2215,1200 2260,1200 2305,1203 2350,1203 2394,1206 2439,1206 2484,1209 2529,1206 2574,1206 2618,1209 2663,1209 2708,1209 2753,1209 2798,1212 2842,1212 2887,1215 2932,1218 2977,1215 3022,1209 3066,1212 3111,1212 3156,1212 3201,1209 3246,1209 3290,1212 3335,1215 3380,1218 3425,1218 3470,1221 3514,1230 3547,1233"/>
                <TextEquiv>
                    <Unicode>der Gering. Der itzfang des Im¬</Unicode>
                </TextEquiv>
            </TextLine>
            <TextLine id="tr_1_tl_6" custom="readingOrder {index:5;}">
                <Coords points="2041,1319 2631,1315 2782,1363 2926,1319 3118,1357 3355,1323 3496,1374 3481,1238 3273,1240 3143,1295 3062,1257 2417,1287 2300,1246 2160,1287 2041,1247"/>
                <Baseline points="2051,1293 2096,1296 2141,1301 2185,1304 2230,1307 2275,1307 2320,1307 2365,1310 2409,1310 2454,1310 2499,1310 2544,1310 2589,1313 2633,1313 2678,1310 2723,1310 2768,1310 2813,1313 2857,1310 2902,1310 2947,1313 2992,1310 3036,1310 3081,1313 3126,1316 3171,1313 3216,1313 3260,1313 3305,1316 3350,1310 3395,1313 3440,1319 3484,1331 3499,1334"/>
                <TextEquiv>
                    <Unicode>Ich möglichzweise in Schreiterhan sein, und</Unicode>
                </TextEquiv>
            </TextLine>
            <TextLine id="tr_1_tl_7" custom="readingOrder {index:6;}">
                <Coords points="2062,1410 2610,1448 3045,1419 3118,1459 3496,1433 3496,1397 3340,1348 2829,1404 2665,1338 2580,1382 2393,1332 2060,1365"/>
                <Baseline points="2072,1388 2117,1394 2162,1400 2206,1409 2251,1409 2296,1415 2341,1415 2385,1415 2430,1412 2475,1409 2520,1409 2565,1412 2609,1415 2654,1412 2699,1415 2744,1415 2789,1418 2833,1418 2878,1415 2923,1418 2968,1418 3013,1418 3057,1421 3102,1421 3147,1424 3192,1424 3237,1424 3281,1427 3326,1430 3371,1430 3416,1427 3461,1430 3499,1430"/>
                <TextEquiv>
                    <Unicode>wenn Sie dorthin können oder mehrere Pfude.</Unicode>
                </TextEquiv>
            </TextLine>
            <TextLine id="tr_1_tl_8" custom="readingOrder {index:7;}">
                <Coords points="2079,1518 2553,1554 2780,1523 3016,1591 3253,1538 3323,1582 3576,1578 3555,1450 3177,1501 2973,1482 2877,1421 2684,1484 2533,1444 2425,1486 2285,1431 2077,1467"/>
                <Baseline points="2087,1490 2132,1493 2176,1499 2221,1502 2266,1508 2311,1508 2356,1508 2400,1508 2445,1508 2490,1505 2535,1505 2580,1508 2624,1514 2669,1517 2714,1519 2759,1522 2804,1522 2848,1522 2893,1522 2938,1522 2983,1522 3028,1528 3072,1525 3117,1528 3162,1531 3207,1534 3252,1531 3296,1534 3341,1537 3386,1537 3431,1540 3475,1540 3520,1546 3565,1552 3580,1552"/>
                <TextEquiv>
                    <Unicode>one sonst begegnete  in ae des faites</Unicode>
                </TextEquiv>
            </TextLine>
            <TextLine id="tr_1_tl_9" custom="readingOrder {index:8;}">
                <Coords points="2098,1595 2468,1641 2587,1610 2705,1654 2867,1620 3060,1676 3326,1646 3462,1690 3459,1593 3262,1548 3118,1603 2911,1563 2795,1595 2661,1531 2580,1582 2448,1540 2096,1561"/>
                <Baseline points="2108,1588 2153,1594 2197,1594 2242,1600 2287,1600 2332,1606 2377,1606 2421,1606 2466,1606 2511,1609 2556,1612 2601,1612 2645,1615 2690,1615 2735,1621 2780,1621 2824,1621 2869,1621 2914,1621 2959,1624 3004,1627 3048,1630 3093,1630 3138,1633 3183,1636 3228,1639 3272,1645 3317,1645 3362,1642 3407,1645 3452,1651 3464,1651"/>
                <TextEquiv>
                    <Unicode>hehrte. Ich bin ja nur weiß selber</Unicode>
                </TextEquiv>
            </TextLine>
            <TextLine id="tr_1_tl_10" custom="readingOrder {index:9;}">
                <Coords points="2126,1720 2688,1722 3171,1790 3308,1750 3425,1801 3419,1688 3342,1663 3187,1718 2869,1620 2699,1695 2508,1644 2387,1682 2276,1642 2122,1656"/>
                <Baseline points="2135,1687 2179,1690 2224,1696 2269,1699 2314,1705 2359,1705 2403,1708 2448,1711 2493,1708 2538,1708 2583,1711 2627,1717 2672,1720 2717,1723 2762,1723 2807,1723 2851,1729 2896,1732 2941,1735 2986,1735 3031,1735 3075,1737 3120,1740 3165,1743 3210,1743 3254,1746 3299,1749 3344,1752 3389,1761 3425,1773"/>
                <TextEquiv>
                    <Unicode>wvret met them and [illegible] gefahren</Unicode>
                </TextEquiv>
            </TextLine>
            <TextLine id="tr_1_tl_11" custom="readingOrder {index:10;}">
                <Coords points="2162,1777 2376,1850 2540,1813 3457,1864 3455,1797 3268,1771 3098,1820 2795,1743 2703,1792 2584,1750 2499,1784 2323,1733 2160,1750"/>
                <Baseline points="2173,1773 2218,1785 2263,1791 2308,1791 2353,1800 2397,1806 2442,1809 2487,1812 2532,1812 2577,1812 2621,1812 2666,1815 2711,1818 2756,1815 2801,1818 2845,1821 2890,1827 2935,1830 2980,1833 3025,1836 3069,1836 3114,1839 3159,1839 3204,1842 3249,1842 3293,1845 3338,1848 3383,1848 3428,1857 3461,1863"/>
                <TextEquiv>
                    <Unicode>.  Wegen eine Louisissin - Eitung</Unicode>
                </TextEquiv>
            </TextLine>
            <TextLine id="tr_1_tl_12" custom="readingOrder {index:11;}">
                <Coords points="2168,1899 2361,1950 2567,1909 3088,1941 3566,2032 3557,1905 3519,1890 3134,1869 2990,1909 2682,1841 2576,1879 2236,1818 2164,1847"/>
                <Baseline points="2176,1872 2221,1878 2266,1884 2311,1890 2356,1896 2400,1902 2445,1905 2490,1905 2535,1905 2580,1908 2624,1911 2669,1911 2714,1914 2759,1917 2804,1923 2848,1926 2893,1929 2938,1932 2983,1935 3028,1935 3072,1938 3117,1938 3162,1941 3207,1947 3252,1950 3296,1950 3341,1952 3386,1955 3431,1961 3475,1961 3520,1967 3565,1982 3568,1982"/>
                <TextEquiv>
                    <Unicode>hen ist thun aise use that wort shubly.</Unicode>
                </TextEquiv>
            </TextLine>
            <TextLine id="tr_1_tl_13" custom="readingOrder {index:12;}">
                <Coords points="2164,1984 2950,2070 3090,2034 3241,2100 3502,2075 3498,1996 3425,1977 3368,2007 3256,1964 3077,2015 2903,1967 2854,2007 2718,2005 2160,1932"/>
                <Baseline points="2173,1970 2218,1979 2263,1985 2308,1991 2353,1994 2397,2000 2442,2000 2487,2000 2532,2003 2577,2009 2621,2012 2666,2015 2711,2018 2756,2024 2801,2027 2845,2030 2890,2033 2935,2036 2980,2033 3025,2033 3069,2033 3114,2039 3159,2045 3204,2048 3249,2051 3293,2051 3338,2054 3383,2057 3428,2060 3472,2066 3505,2075"/>
                <TextEquiv>
                    <Unicode>Es ist in wissen die sei uns eingelaufen</Unicode>
                </TextEquiv>
            </TextLine>
            <TextLine id="tr_1_tl_14" custom="readingOrder {index:13;}">
                <Coords points="2177,2068 2480,2160 2665,2115 2941,2162 3033,2132 3200,2196 3357,2156 3464,2187 3459,2090 3266,2115 3196,2079 3128,2115 2920,2047 2778,2096 2705,2051 2570,2085 2175,2037"/>
                <Baseline points="2188,2060 2233,2069 2278,2081 2323,2087 2368,2090 2412,2093 2457,2099 2502,2099 2547,2105 2592,2108 2636,2111 2681,2114 2726,2117 2771,2123 2816,2126 2860,2126 2905,2126 2950,2129 2995,2132 3039,2132 3084,2135 3129,2141 3174,2141 3219,2144 3263,2147 3308,2153 3353,2156 3398,2156 3443,2159 3470,2165"/>
                <TextEquiv>
                    <Unicode>und abgelehnt worden – ist das b'e Ihres</Unicode>
                </TextEquiv>
            </TextLine>
            <TextLine id="tr_1_tl_15" custom="readingOrder {index:14;}">
                <Coords points="2170,2196 2478,2198 2640,2242 2888,2223 3168,2289 3387,2277 3383,2221 3317,2202 3101,2221 2937,2166 2861,2192 2731,2151 2476,2160 2255,2081 2164,2119"/>
                <Baseline points="2179,2162 2224,2165 2269,2168 2314,2179 2359,2185 2403,2191 2448,2194 2493,2194 2538,2191 2583,2197 2627,2203 2672,2203 2717,2209 2762,2212 2807,2218 2851,2221 2896,2224 2941,2227 2986,2227 3031,2230 3075,2236 3120,2236 3165,2236 3210,2239 3254,2242 3299,2245 3344,2248 3389,2257"/>
                <TextEquiv>
                    <Unicode>Protegis? Ich glück kenn, dass aus</Unicode>
                </TextEquiv>
            </TextLine>
            <TextLine id="tr_1_tl_16" custom="readingOrder {index:15;}">
                <Coords points="2204,2270 2971,2321 3107,2374 3187,2334 3515,2347 3512,2294 3421,2277 3086,2294 2962,2251 2888,2289 2771,2240 2629,2270 2198,2206"/>
                <Baseline points="2212,2254 2257,2254 2302,2263 2347,2269 2391,2275 2436,2278 2481,2281 2526,2284 2571,2290 2615,2293 2660,2299 2705,2299 2750,2296 2795,2302 2839,2305 2884,2311 2929,2317 2974,2320 3019,2320 3063,2320 3108,2323 3153,2326 3198,2326 3243,2329 3287,2332 3332,2335 3377,2338 3422,2341 3467,2341 3511,2350 3520,2353"/>
                <TextEquiv>
                    <Unicode>yhich he was hare hfte; ehr wir</Unicode>
                </TextEquiv>
            </TextLine>
            <TextLine id="tr_1_tl_17" custom="readingOrder {index:16;}">
                <Coords points="2217,2368 2466,2387 2604,2453 2744,2397 2824,2440 2975,2412 3563,2459 3557,2359 3406,2414 3054,2351 2926,2380 2790,2313 2716,2366 2669,2332 2542,2362 2364,2287 2211,2283"/>
                <Baseline points="2227,2344 2272,2350 2317,2359 2362,2368 2406,2374 2451,2380 2496,2385 2541,2388 2586,2391 2630,2388 2675,2391 2720,2394 2765,2400 2810,2400 2854,2400 2899,2406 2944,2409 2989,2412 3034,2415 3078,2415 3123,2418 3168,2421 3213,2427 3257,2430 3302,2433 3347,2433 3392,2436 3437,2439 3481,2436 3526,2439 3568,2448"/>
                <TextEquiv>
                    <Unicode>die Tärte für Ihrem Butchenatur noch</Unicode>
                </TextEquiv>
            </TextLine>
            <TextLine id="tr_1_tl_18" custom="readingOrder {index:17;}">
                <Coords points="2249,2463 2570,2519 2807,2493 2924,2538 3468,2548 3464,2504 3247,2468 2797,2476 2243,2393"/>
                <Baseline points="2257,2439 2302,2445 2347,2454 2391,2460 2436,2472 2481,2478 2526,2481 2571,2484 2615,2487 2660,2487 2705,2490 2750,2490 2795,2493 2839,2496 2884,2499 2929,2502 2974,2505 3019,2508 3063,2514 3108,2520 3153,2523 3198,2532 3243,2532 3287,2535 3332,2541 3377,2541 3422,2541 3467,2550 3472,2550"/>
                <TextEquiv>
                    <Unicode>nicht erleugt ist – einreichen kann die</Unicode>
                </TextEquiv>
            </TextLine>
            <TextLine id="tr_1_tl_19" custom="readingOrder {index:18;}">
                <Coords points="2234,2578 2400,2563 2574,2618 2705,2587 2877,2633 3290,2646 3285,2593 3103,2529 2822,2565 2228,2502"/>
                <Baseline points="2242,2562 2287,2550 2332,2556 2377,2559 2421,2565 2466,2571 2511,2577 2556,2577 2601,2577 2645,2586 2690,2586 2735,2592 2780,2589 2824,2595 2869,2595 2914,2601 2959,2603 3004,2609 3048,2615 3093,2621 3138,2624 3183,2627 3228,2633 3272,2642 3293,2645"/>
                <TextEquiv>
                    <Unicode>In hand, das ist Meysterrecht.</Unicode>
                </TextEquiv>
            </TextLine>
            <TextLine id="tr_1_tl_20" custom="readingOrder {index:19;}">
                <Coords points="2236,2686 2695,2689 2841,2737 2922,2706 3120,2767 3217,2737 3336,2778 3559,2763 3527,2688 3226,2648 2916,2680 2364,2580 2230,2616"/>
                <Baseline points="2242,2648 2287,2651 2332,2657 2377,2666 2421,2669 2466,2675 2511,2675 2556,2681 2601,2681 2645,2684 2690,2687 2735,2693 2780,2696 2824,2699 2869,2702 2914,2705 2959,2708 3004,2714 3048,2720 3093,2729 3138,2735 3183,2735 3228,2735 3272,2738 3317,2741 3362,2744 3407,2753 3452,2753 3496,2753 3541,2753 3559,2756"/>
                <TextEquiv>
                    <Unicode>it in the the rest will, given the</Unicode>
                </TextEquiv>
            </TextLine>
            <TextLine id="tr_1_tl_21" custom="readingOrder {index:20;}">
                <Coords points="2242,2782 3585,2860 3578,2767 3481,2756 3368,2807 3239,2737 3156,2786 2996,2727 2884,2771 2236,2716"/>
                <Baseline points="2248,2747 2290,2756 2335,2765 2380,2771 2424,2774 2469,2777 2514,2777 2559,2780 2603,2780 2648,2783 2693,2789 2738,2792 2783,2792 2827,2795 2872,2804 2917,2807 2962,2810 3007,2813 3051,2819 3096,2821 3141,2827 3186,2833 3231,2833 3275,2836 3320,2836 3365,2842 3410,2845 3455,2848 3499,2845 3544,2848 3589,2851"/>
                <TextEquiv>
                    <Unicode>Ihnen unthelechten Freund Hrn. Guld.</Unicode>
                </TextEquiv>
            </TextLine>
            <TextLine id="tr_1_tl_22" custom="readingOrder {index:21;}">
                <Coords points="2249,2875 2674,2884 2843,2964 2947,2916 3411,2930 3408,2861 3360,2852 3077,2884 2918,2835 2446,2867 2357,2814 2245,2814"/>
                <Baseline points="2257,2842 2302,2854 2347,2863 2391,2872 2436,2878 2481,2881 2526,2875 2571,2881 2615,2881 2660,2884 2705,2884 2750,2887 2795,2890 2839,2893 2884,2896 2929,2899 2974,2902 3019,2905 3063,2908 3108,2911 3153,2914 3198,2917 3243,2920 3287,2920 3332,2926 3377,2926 3416,2929"/>
                <TextEquiv>
                    <Unicode>mann und schreibe i/n nie auf</Unicode>
                </TextEquiv>
            </TextLine>
            <TextLine id="tr_1_tl_23" custom="readingOrder {index:22;}">
                <Coords points="2249,2984 2612,2992 2706,3045 2981,3003 3109,3041 3430,3037 3425,2960 3279,2931 2720,2960 2597,2899 2457,2909 2351,2871 2245,2897"/>
                <Baseline points="2260,2959 2305,2959 2350,2965 2394,2974 2439,2980 2484,2980 2529,2980 2574,2983 2618,2983 2663,2986 2708,2989 2753,2989 2798,2989 2842,2992 2887,2995 2932,2992 2977,2995 3022,2998 3066,3004 3111,3007 3156,3013 3201,3016 3246,3019 3290,3019 3335,3019 3380,3019 3425,3022 3434,3025"/>
                <TextEquiv>
                    <Unicode>ohne Katarrk, in abschläßig Zeit</Unicode>
                </TextEquiv>
            </TextLine>
            <TextLine id="tr_1_tl_24" custom="readingOrder {index:23;}">
                <Coords points="2251,3081 2705,3088 2835,3143 2988,3109 3551,3137 3546,3011 3491,3049 3147,3067 2954,3022 2775,3067 2468,2998 2247,3026"/>
                <Baseline points="2260,3063 2305,3069 2350,3075 2394,3078 2439,3081 2484,3084 2529,3084 2574,3087 2618,3090 2663,3090 2708,3090 2753,3093 2798,3090 2842,3093 2887,3093 2932,3093 2977,3096 3022,3099 3066,3102 3111,3102 3156,3105 3201,3108 3246,3111 3290,3117 3335,3123 3380,3120 3425,3123 3470,3126 3514,3132 3556,3135"/>
                <TextEquiv>
                    <Unicode>an Gutes und Glückliches Stinck</Unicode>
                </TextEquiv>
            </TextLine>
            <TextLine id="tr_1_tl_25" custom="readingOrder {index:24;}">
                <Coords points="2255,3264 2655,3264 2744,3222 2878,3262 3067,3226 3211,3249 3207,3173 2945,3122 2767,3149 2351,3098 2247,3124"/>
                <Baseline points="2260,3168 2305,3171 2350,3177 2394,3180 2439,3183 2484,3186 2529,3189 2574,3192 2618,3195 2663,3198 2708,3198 2753,3204 2798,3204 2842,3201 2887,3201 2932,3204 2977,3207 3022,3210 3066,3213 3111,3216 3156,3222 3201,3222 3213,3222"/>
                <TextEquiv>
                    <Unicode>hätte ich gesagt: Stichliches)</Unicode>
                </TextEquiv>
            </TextLine>
            <TextLine id="tr_1_tl_26" custom="readingOrder {index:25;}">
                <Coords points="3215,3304 3228,3302 3232,3306 3243,3296 3270,3302 3279,3298 3290,3304 3302,3294 3309,3304 3319,3294 3328,3302 3340,3302 3345,3213 3315,3211 3306,3198 3285,3192 3275,3183 3236,3202 3222,3198"/>
                <Baseline points="3228,3284 3257,3284 3302,3278 3347,3278"/>
                <TextEquiv>
                    <Unicode>9ter</Unicode>
                </TextEquiv>
            </TextLine>
            <TextLine id="tr_1_tl_27" custom="readingOrder {index:26;}">
                <Coords points="3338,3360 3372,3364 3389,3349 3411,3357 3432,3340 3462,3357 3474,3347 3495,3355 3502,3347 3531,3364 3557,3362 3551,3266 3525,3281 3508,3275 3476,3281 3453,3266 3436,3272 3404,3255 3381,3270 3355,3258 3332,3262"/>
                <Baseline points="3347,3338 3392,3338 3437,3338 3481,3341 3526,3347 3559,3350"/>
                <TextEquiv>
                    <Unicode>Ober</Unicode>
                </TextEquiv>
            </TextLine>
        </TextRegion>
    </Page>
</PcGts>
