4045 4120
2876 681 2992 784 101
356 745 1883 887 auf das rekende Zinsen-Bude resp. Wiener
2834 762 3767 923 Berlin N. W., den 1. 9 1902
390 887 2010 1018 Gestspiel – habe und gut, oder vielmehr schlecht:
404 984 1984 1137 Ihre etc frage kommt gerade in dem Angertlisch
428 1071 1899 1224 wo ich wie selbst nicht in helfen wiss¬
438 1216 1965 1341 und steh beschärt, man ich bekennen muss:
448 1297 2016 1479 hener wird es mit den beiden schönen Hußen
2687 1315 3367 1507 (liche Her Schitzler,
432 1414 2048 1594 fürcht ich nichts mehr werden können Ferie
434 1513 1218 1658 yours ick majeure.
2545 1561 3763 1723 einen Termin hier ich Ihnen wohl
461 1622 1707 1774 Sie kam unter diesen Mustärden
1745 1658 1885 1804 Y'a
2529 1691 3719 1864 finden und thue es gern, um die
473 1755 1919 1909 freilich nicht dort bitten, das Früher¬
2545 1816 3743 1994 Stücke allein zu behatten – aber eine
473 1842 1925 2024 theater abzuweisen, aber ihn möchte Ihnen
497 1933 1994 2163 dich in bedenken geben, dass Ihnen dises,
2553 1976 3711 2157 Garantie heim ich für alten Besitz
503 2087 1923 2250 dans je veux deux être. Repettoit aus.
2545 2101 3733 2210 [illegible] leisten. Wollem I’e also
517 2141 1899 2378 schliesslich hebt, weit fortlicht, das
2571 2200 3703 2367 the preasible Isherheit qu'aisser,
556 2289 1919 2479 Sie es leist auf eine späteren Zeit.
2582 2309 3658 2456 dee Ihnen aus Ich. Th. bieten
556 2414 1893 2588 faubt, in dem Sie sich melden wurden.
2573 2430 3684 2580 heam so gehen Sie ihnen die
560 2505 1949 2711 nistersten hönnen, und dass wir dan
2584 2549 3697 2699 Stücke in Gottes Namen; die
578 2632 1941 2834 das Weitel etwa in Wien mündlich,
2578 2662 3765 2804 Aufführungsrecht bleht dem Dr. Ph.
582 2737 1782 2931 besprechen können. - Doch wie Sie
2590 2773 3648 2905 Je me suis été bien dire etre
594 2844 824 2980 wollen
2602 2891 3767 3038 später auf die beiden Worte sich
610 2977 1864 3137 Wir werden in Brien les Ende Mai
2596 3032 3711 3151 gleifen. – Als Termin könnte ich
624 3078 1830 3232 risten blicken; geht es gut, hat ihn
2578 3125 3785 3276 Ihnen er den 1. März anscheben, indem
628 3169 1917 3339 Parlongations at tis Mitte Juni
1501 3373 1790 3452 is him
