<?xml version="1.0" encoding="UTF-8" standalone="yes"?>
<PcGts xmlns="http://schema.primaresearch.org/PAGE/gts/pagecontent/2013-07-15" xmlns:xsi="http://www.w3.org/2001/XMLSchema-instance" xsi:schemaLocation="http://schema.primaresearch.org/PAGE/gts/pagecontent/2013-07-15 http://schema.primaresearch.org/PAGE/gts/pagecontent/2013-07-15/pagecontent.xsd">
    <Metadata>
        <Creator>prov=READ-COOP:name=TrHtr:version=2.1.0:model_id=51170:date=25_07_2023_23:30</Creator>
        <Created>2023-05-02T07:44:27.290+02:00</Created>
        <LastChange>2023-07-25T23:30:59.401+02:00</LastChange>
        <TranskribusMetadata docId="1416705" pageId="54950281" pageNr="33" tsid="130848779" status="IN_PROGRESS" userId="64420" imgUrl="https://files.transkribus.eu/Get?id=EBXENTAMKSHFCCAURXKSRGXG&amp;fileType=view" xmlUrl="https://files.transkribus.eu/Get?id=LLUESHMWHWRVBWZQZZDKPWBS" imageId="44454007"/>
    </Metadata>
    <Page imageFilename="1416705_0033.jpg" imageWidth="11592" imageHeight="4088">
        <ReadingOrder>
            <OrderedGroup id="ro_1711829582908" caption="Regions reading order">
                <RegionRefIndexed index="0" regionRef="tr_3"/>
                <RegionRefIndexed index="1" regionRef="tr_1"/>
                <RegionRefIndexed index="2" regionRef="tr_2"/>
            </OrderedGroup>
        </ReadingOrder>
        <TextRegion id="tr_3" custom="readingOrder {index:0;}">
            <Coords points="2163,834 3711,834 3711,3231 2163,3231"/>
            <TextLine id="tr_3_tl_1" custom="readingOrder {index:0;}">
                <Coords points="2678,908 2750,926 2826,892 3108,892 3316,936 3384,904 3630,914 3628,822 3548,826 3484,790 3394,810 3290,758 3092,760 2900,832 2778,814 2678,838"/>
                <Baseline points="2689,890 2779,884 2868,884 2958,884 3048,884 3137,884 3227,884 3317,890 3406,896 3496,896 3585,896 3633,902"/>
                <TextEquiv>
                    <Unicode>Berlin N. 20., den 10. September 1838</Unicode>
                </TextEquiv>
            </TextLine>
            <TextLine id="tr_3_tl_2" custom="readingOrder {index:1;}">
                <Coords points="2226,1214 3108,1178 3406,1206 3628,1140 3624,1028 3398,1076 3244,1026 3136,1070 2570,938 2406,1036 2220,1048"/>
                <Baseline points="2235,1123 2259,1117 2348,1117 2438,1117 2528,1111 2621,1107 2701,1134 2797,1141 2886,1141 2976,1141 3066,1147 3155,1141 3245,1147 3334,1147 3424,1147 3514,1147 3603,1147 3633,1147"/>
                <TextEquiv>
                    <Unicode>Herrn Dr. Arthur Schnitzler,</Unicode>
                </TextEquiv>
            </TextLine>
            <TextLine id="tr_3_tl_3" custom="readingOrder {index:2;}">
                <Coords points="3158,1348 3186,1348 3198,1338 3220,1350 3264,1316 3294,1332 3318,1332 3350,1308 3360,1314 3420,1294 3418,1212 3396,1216 3354,1200 3316,1212 3254,1206 3236,1190 3204,1192 3154,1216"/>
                <Baseline points="3167,1284 3257,1284 3346,1284 3424,1296"/>
                <TextEquiv>
                    <Unicode>Wien</Unicode>
                </TextEquiv>
            </TextLine>
            <TextLine id="tr_3_tl_4" custom="readingOrder {index:3;}">
                <Coords points="2494,1494 2586,1538 2632,1510 2660,1538 2810,1518 2846,1544 2950,1504 3084,1550 3248,1528 3286,1554 3440,1502 3598,1506 3598,1448 3394,1394 3338,1430 3214,1398 2740,1450 2658,1440 2594,1386 2492,1412"/>
                <Baseline points="2504,1488 2593,1488 2683,1488 2773,1494 2862,1500 2952,1500 3042,1506 3131,1506 3221,1506 3311,1506 3400,1506 3490,1506 3579,1512 3603,1518"/>
                <TextEquiv>
                    <Unicode>Sehr geehrter Herr Doctor!</Unicode>
                </TextEquiv>
            </TextLine>
            <TextLine id="tr_3_tl_5" custom="readingOrder {index:4;}">
                <Coords points="2164,1626 2278,1662 2498,1628 2634,1678 2860,1630 3000,1672 3400,1642 3576,1712 3666,1680 3664,1592 3516,1558 3280,1594 3150,1530 2642,1564 2550,1510 2416,1564 2278,1514 2164,1564"/>
                <Baseline points="2175,1619 2265,1625 2354,1625 2444,1625 2534,1625 2623,1631 2713,1631 2803,1625 2892,1631 2982,1631 3071,1631 3161,1631 3251,1631 3340,1637 3430,1637 3520,1643 3609,1649 3669,1655"/>
                <TextEquiv>
                    <Unicode>Besten Dank für die Uebersendung</Unicode>
                </TextEquiv>
            </TextLine>
            <TextLine id="tr_3_tl_6" custom="readingOrder {index:5;}">
                <Coords points="2182,1782 2554,1750 2702,1788 2864,1734 3116,1786 3270,1750 3368,1798 3586,1778 3586,1710 2920,1674 2856,1638 2754,1716 2644,1672 2510,1694 2422,1642 2180,1694"/>
                <Baseline points="2193,1745 2283,1739 2372,1739 2462,1739 2552,1739 2641,1739 2731,1739 2820,1733 2910,1739 3000,1739 3089,1739 3179,1739 3269,1745 3358,1757 3448,1757 3538,1763 3591,1769"/>
                <TextEquiv>
                    <Unicode>der Bücher vom "Vermächtniß", die</Unicode>
                </TextEquiv>
            </TextLine>
            <TextLine id="tr_3_tl_7" custom="readingOrder {index:6;}">
                <Coords points="2194,1888 2400,1868 2900,1932 3078,1876 3202,1942 3280,1892 3664,1906 3648,1826 3502,1848 3258,1796 3154,1838 2844,1768 2714,1822 2192,1782"/>
                <Baseline points="2205,1852 2295,1852 2384,1846 2474,1858 2563,1858 2653,1858 2743,1864 2832,1864 2922,1870 3012,1870 3101,1870 3191,1876 3281,1876 3370,1882 3460,1882 3550,1882 3639,1882 3669,1882"/>
                <TextEquiv>
                    <Unicode>noch nöthigen Exemplare haben wir</Unicode>
                </TextEquiv>
            </TextLine>
            <TextLine id="tr_3_tl_8" custom="readingOrder {index:7;}">
                <Coords points="2176,1990 2318,1970 2480,2020 2706,1982 2848,2034 3090,2002 3190,2056 3292,2012 3404,2030 3398,1922 3142,1918 3034,1958 2956,1918 2714,1928 2594,1882 2444,1934 2372,1884 2280,1934 2174,1924"/>
                <Baseline points="2187,1966 2277,1966 2366,1972 2456,1972 2546,1978 2635,1978 2725,1984 2814,1984 2904,1984 2994,1990 3083,1996 3173,2002 3263,2008 3352,2014 3406,2014"/>
                <TextEquiv>
                    <Unicode>uns von Entsch geben lassen.</Unicode>
                </TextEquiv>
            </TextLine>
            <TextLine id="tr_3_tl_9" custom="readingOrder {index:8;}">
                <Coords points="2196,2140 2382,2094 2526,2138 2640,2098 2708,2142 2850,2104 3234,2178 3292,2136 3694,2136 3692,2040 3574,1992 3304,2058 2932,2006 2800,2058 2524,2002 2444,2046 2292,1988 2192,2006"/>
                <Baseline points="2205,2097 2295,2091 2384,2091 2474,2091 2563,2091 2653,2097 2743,2097 2832,2103 2922,2103 3012,2109 3101,2115 3191,2115 3281,2121 3370,2121 3460,2115 3550,2115 3639,2121 3699,2121"/>
                <TextEquiv>
                    <Unicode>Zur endgiltigen Besetzung des Stückes</Unicode>
                </TextEquiv>
            </TextLine>
            <TextLine id="tr_3_tl_10" custom="readingOrder {index:9;}">
                <Coords points="2200,2230 2324,2216 2452,2278 2820,2220 3128,2292 3212,2240 3558,2290 3682,2258 3680,2164 3566,2144 3426,2196 3292,2146 2800,2184 2638,2096 2442,2164 2256,2108 2198,2140"/>
                <Baseline points="2211,2199 2300,2199 2390,2205 2480,2199 2569,2205 2659,2205 2749,2211 2838,2217 2928,2223 3018,2229 3107,2229 3197,2235 3287,2235 3376,2235 3466,2241 3556,2241 3645,2247 3687,2253"/>
                <TextEquiv>
                    <Unicode>habe ich Ihnen mitzutheilen, daß</Unicode>
                </TextEquiv>
            </TextLine>
            <TextLine id="tr_3_tl_11" custom="readingOrder {index:10;}">
                <Coords points="2174,2378 2292,2338 2400,2400 2800,2334 2880,2390 3520,2382 3706,2430 3672,2268 3060,2314 2694,2228 2586,2286 2290,2244 2170,2288"/>
                <Baseline points="2181,2306 2271,2318 2360,2318 2450,2324 2540,2324 2629,2324 2719,2324 2809,2330 2898,2336 2988,2342 3077,2354 3167,2348 3257,2360 3346,2366 3436,2372 3526,2372 3615,2378 3705,2390 3711,2390"/>
                <TextEquiv>
                    <Unicode>ich noch nochmaliger sorgsamer Uebet.</Unicode>
                </TextEquiv>
            </TextLine>
            <TextLine id="tr_3_tl_12" custom="readingOrder {index:11;}">
                <Coords points="2160,2450 2400,2512 2524,2446 2796,2508 2928,2476 2994,2524 3676,2516 3672,2434 3474,2390 2858,2408 2708,2352 2348,2414 2220,2358 2156,2400"/>
                <Baseline points="2169,2438 2259,2444 2348,2444 2438,2444 2528,2438 2617,2444 2707,2450 2797,2456 2886,2462 2976,2468 3066,2474 3155,2480 3245,2486 3334,2492 3424,2498 3514,2498 3603,2504 3681,2504"/>
                <TextEquiv>
                    <Unicode>legung die Rolle des Professor Losatt,</Unicode>
                </TextEquiv>
            </TextLine>
            <TextLine id="tr_3_tl_13" custom="readingOrder {index:12;}">
                <Coords points="2154,2618 2474,2562 2842,2632 3102,2604 3218,2650 3610,2660 3606,2536 3556,2522 3214,2558 2628,2504 2506,2452 2368,2526 2236,2470 2148,2486"/>
                <Baseline points="2163,2581 2253,2569 2342,2569 2432,2563 2522,2563 2611,2563 2701,2569 2791,2575 2880,2575 2970,2581 3060,2587 3149,2593 3239,2605 3328,2611 3418,2617 3508,2617 3597,2617 3615,2623"/>
                <TextEquiv>
                    <Unicode>Herrn Reicher zugetheilt habe. Ich</Unicode>
                </TextEquiv>
            </TextLine>
            <TextLine id="tr_3_tl_14" custom="readingOrder {index:13;}">
                <Coords points="2170,2686 2612,2682 3002,2774 3156,2734 3422,2800 3690,2788 3686,2700 3584,2650 3512,2690 3238,2640 3122,2696 2558,2594 2404,2602 2334,2656 2236,2604 2168,2630"/>
                <Baseline points="2181,2683 2271,2683 2360,2683 2450,2683 2540,2683 2629,2683 2719,2695 2809,2701 2898,2707 2988,2707 3077,2719 3167,2719 3257,2725 3346,2731 3436,2743 3526,2749 3615,2749 3693,2755"/>
                <TextEquiv>
                    <Unicode>bei der Ueberzeugung, daß sich seine</Unicode>
                </TextEquiv>
            </TextLine>
            <TextLine id="tr_3_tl_15" custom="readingOrder {index:14;}">
                <Coords points="2166,2832 2326,2810 2460,2880 2530,2838 2942,2874 3070,2838 3366,2914 3436,2860 3566,2892 3658,2860 3654,2788 3578,2770 3424,2802 3162,2738 2646,2776 2446,2716 2160,2724"/>
                <Baseline points="2175,2797 2265,2803 2354,2803 2444,2803 2534,2809 2623,2814 2713,2820 2803,2826 2892,2832 2982,2838 3071,2838 3161,2838 3251,2844 3340,2850 3430,2850 3520,2856 3609,2856 3663,2856"/>
                <TextEquiv>
                    <Unicode>Art doch mehr mit dem Wesen der</Unicode>
                </TextEquiv>
            </TextLine>
            <TextLine id="tr_3_tl_16" custom="readingOrder {index:15;}">
                <Coords points="2164,2932 3688,3022 3684,2920 3560,2888 3006,2916 2912,2858 2454,2880 2158,2828"/>
                <Baseline points="2175,2916 2265,2916 2354,2922 2444,2922 2534,2928 2623,2934 2713,2934 2803,2940 2892,2946 2982,2952 3071,2958 3161,2964 3251,2964 3340,2970 3430,2976 3520,2982 3609,2982 3693,2994"/>
                <TextEquiv>
                    <Unicode>Rolle deckt, daß er sie seiner, dis¬</Unicode>
                </TextEquiv>
            </TextLine>
            <TextLine id="tr_3_tl_17" custom="readingOrder {index:16;}">
                <Coords points="2174,3064 2382,3028 2736,3104 3086,3078 3344,3140 3652,3104 3648,3034 3488,3040 3356,2986 3054,2978 2978,3018 2622,2966 2490,3006 2166,2934"/>
                <Baseline points="2181,3024 2271,3018 2360,3024 2450,3030 2540,3036 2629,3042 2719,3048 2809,3054 2898,3060 2988,3060 3077,3071 3167,3071 3257,3077 3346,3083 3436,3089 3526,3095 3615,3095 3657,3095"/>
                <TextEquiv>
                    <Unicode>konter und mehr als der Mürzel,</Unicode>
                </TextEquiv>
            </TextLine>
            <TextLine id="tr_3_tl_18" custom="readingOrder {index:17;}">
                <Coords points="2160,3154 2318,3194 2554,3168 2728,3238 2992,3198 3256,3272 3582,3246 3574,3134 3512,3122 3342,3140 3120,3084 3038,3152 2868,3080 2670,3100 2386,3028 2154,3058"/>
                <Baseline points="2169,3131 2259,3137 2348,3143 2438,3149 2528,3149 2617,3155 2707,3161 2797,3173 2886,3179 2976,3179 3066,3191 3155,3191 3245,3197 3334,3197 3424,3203 3514,3215 3585,3221"/>
                <TextEquiv>
                    <Unicode>des Charakters heraus gestalten</Unicode>
                </TextEquiv>
            </TextLine>
        </TextRegion>
        <TextRegion id="tr_1" custom="readingOrder {index:1;}">
            <Coords points="4273,906 7536,906 7536,3267 4273,3267"/>
            <TextLine id="tr_1_tl_1" custom="readingOrder {index:0;}">
                <Coords points="5956,996 6280,1010 6456,954 6570,1014 6734,976 7038,1020 7224,992 7332,1038 7474,1010 7472,912 7240,920 7148,868 6942,924 6728,872 6596,932 5954,874"/>
                <Baseline points="5964,962 6054,962 6143,962 6233,956 6323,962 6412,962 6502,962 6592,974 6681,968 6771,974 6861,974 6950,974 7040,974 7130,980 7219,974 7309,974 7399,980 7476,998"/>
                <TextEquiv>
                    <Unicode>wäre dann auch kann wahrscheinlich,</Unicode>
                </TextEquiv>
            </TextLine>
            <TextLine id="tr_1_tl_2" custom="readingOrder {index:1;}">
                <Coords points="4328,1014 4628,1060 4724,1016 5256,1048 5586,990 5670,1020 5726,1002 5728,934 5548,936 5478,890 5256,950 4978,914 4752,966 4542,926 4328,954"/>
                <Baseline points="4339,1004 4386,1004 4476,1004 4566,1004 4655,1004 4745,1004 4835,1004 4924,1004 5014,998 5104,998 5193,1004 5283,1004 5372,1004 5462,998 5552,992 5641,992 5731,998"/>
                <TextEquiv>
                    <Unicode>wird, während Herr Müller sie vor¬</Unicode>
                </TextEquiv>
            </TextLine>
            <TextLine id="tr_1_tl_3" custom="readingOrder {index:2;}">
                <Coords points="5930,1078 6536,1126 6654,1080 7240,1094 7520,1164 7518,1054 7206,1000 7068,1042 6806,986 6680,1040 6496,990 5928,990"/>
                <Baseline points="5940,1069 6030,1075 6120,1075 6209,1075 6299,1069 6388,1069 6478,1069 6568,1075 6657,1081 6747,1081 6837,1087 6926,1087 7016,1087 7106,1087 7195,1093 7285,1093 7375,1105 7464,1117 7524,1123"/>
                <TextEquiv>
                    <Unicode>daß eine Natur wie Franziska überhaupt</Unicode>
                </TextEquiv>
            </TextLine>
            <TextLine id="tr_1_tl_4" custom="readingOrder {index:3;}">
                <Coords points="4340,1126 4552,1160 4694,1116 4846,1180 4958,1122 5202,1162 5304,1116 5534,1114 5704,1170 5702,1068 5636,1032 5408,1026 5294,1076 5064,1014 4918,1070 4812,1024 4764,1060 4340,1066"/>
                <Baseline points="4350,1111 4440,1105 4530,1105 4619,1111 4709,1105 4799,1105 4888,1105 4978,1105 5068,1105 5157,1111 5247,1111 5337,1105 5426,1105 5516,1105 5606,1111 5695,1117 5707,1117"/>
                <TextEquiv>
                    <Unicode>wiegend auf die komische Wirkung</Unicode>
                </TextEquiv>
            </TextLine>
            <TextLine id="tr_1_tl_5" custom="readingOrder {index:4;}">
                <Coords points="5948,1190 7514,1238 7512,1160 7250,1170 7194,1128 5946,1122"/>
                <Baseline points="5958,1183 6048,1177 6137,1177 6227,1177 6317,1171 6406,1171 6496,1171 6586,1177 6675,1183 6765,1189 6855,1189 6944,1195 7034,1195 7124,1195 7213,1195 7303,1201 7393,1207 7482,1219 7518,1225"/>
                <TextEquiv>
                    <Unicode>daran denken könnte, sich mit einem</Unicode>
                </TextEquiv>
            </TextLine>
            <TextLine id="tr_1_tl_6" custom="readingOrder {index:5;}">
                <Coords points="4340,1256 4522,1226 4672,1272 4972,1216 5156,1252 5208,1218 5592,1274 5758,1230 5724,1162 5458,1172 5378,1130 5276,1178 5066,1142 4786,1200 4626,1138 4340,1128"/>
                <Baseline points="4350,1231 4416,1219 4506,1219 4596,1219 4685,1219 4775,1219 4864,1213 4954,1213 5044,1219 5133,1219 5223,1219 5313,1219 5402,1219 5492,1219 5582,1219 5671,1225 5761,1225"/>
                <TextEquiv>
                    <Unicode>hin anlegen wurde, was der Einheit</Unicode>
                </TextEquiv>
            </TextLine>
            <TextLine id="tr_1_tl_7" custom="readingOrder {index:6;}">
                <Coords points="5930,1346 6300,1274 6588,1332 6770,1292 7480,1334 7478,1252 7312,1208 6956,1258 6614,1208 6488,1252 6282,1182 6146,1234 5926,1182"/>
                <Baseline points="5940,1284 6030,1278 6120,1278 6209,1278 6299,1273 6388,1273 6478,1273 6568,1278 6657,1278 6747,1290 6837,1290 6926,1290 7016,1296 7106,1296 7195,1296 7285,1302 7375,1308 7464,1320 7482,1326"/>
                <TextEquiv>
                    <Unicode>solchen Mann zu verloben. Das Alles</Unicode>
                </TextEquiv>
            </TextLine>
            <TextLine id="tr_1_tl_8" custom="readingOrder {index:7;}">
                <Coords points="4334,1328 4458,1326 4564,1386 5014,1330 5140,1374 5288,1330 5350,1374 5444,1332 5798,1368 5796,1272 5646,1260 5250,1314 5058,1250 4674,1294 4606,1246 4426,1242 4334,1284"/>
                <Baseline points="4344,1326 4434,1320 4524,1320 4613,1320 4703,1320 4793,1326 4882,1326 4972,1326 5062,1326 5151,1332 5241,1326 5331,1326 5420,1326 5510,1326 5600,1332 5689,1338 5779,1350 5803,1356"/>
                <TextEquiv>
                    <Unicode>des Gesammtstimmung nicht vortheil¬</Unicode>
                </TextEquiv>
            </TextLine>
            <TextLine id="tr_1_tl_9" custom="readingOrder {index:8;}">
                <Coords points="5932,1450 6362,1398 7510,1442 7508,1368 7190,1312 7066,1374 6988,1324 6908,1364 6710,1318 6664,1362 6446,1310 6374,1368 6140,1322 6054,1372 5928,1348"/>
                <Baseline points="5940,1398 6030,1392 6120,1392 6209,1392 6299,1392 6388,1392 6478,1392 6568,1398 6657,1398 6747,1398 6837,1404 6926,1410 7016,1410 7106,1416 7195,1416 7285,1422 7375,1422 7464,1428 7512,1440"/>
                <TextEquiv>
                    <Unicode>wurde gemildert, wenn sein Aeußeres</Unicode>
                </TextEquiv>
            </TextLine>
            <TextLine id="tr_1_tl_10" custom="readingOrder {index:9;}">
                <Coords points="4304,1484 4508,1424 5684,1466 5684,1412 5500,1376 5384,1406 5322,1366 4986,1338 4466,1398 4390,1356 4304,1412"/>
                <Baseline points="4315,1440 4404,1428 4494,1422 4584,1422 4673,1422 4763,1428 4853,1428 4942,1428 5032,1434 5121,1434 5211,1434 5301,1434 5390,1434 5480,1440 5570,1446 5659,1452 5689,1452"/>
                <TextEquiv>
                    <Unicode>haft wäre. Außerdem möchte ich</Unicode>
                </TextEquiv>
            </TextLine>
            <TextLine id="tr_1_tl_11" custom="readingOrder {index:10;}">
                <Coords points="5942,1528 6144,1560 6316,1524 6568,1578 6682,1532 7076,1528 7246,1594 7532,1584 7530,1486 7304,1446 7020,1482 6924,1444 6758,1502 6376,1412 6274,1482 6164,1428 5940,1470"/>
                <Baseline points="5952,1506 6042,1512 6132,1512 6221,1506 6311,1512 6400,1506 6490,1512 6580,1512 6669,1512 6759,1518 6849,1518 6938,1524 7028,1524 7118,1524 7207,1530 7297,1541 7387,1547 7476,1565 7536,1577"/>
                <TextEquiv>
                    <Unicode>wie sein Benehmen eine etwas plumpe</Unicode>
                </TextEquiv>
            </TextLine>
            <TextLine id="tr_1_tl_12" custom="readingOrder {index:11;}">
                <Coords points="4310,1568 4808,1540 4952,1604 5114,1546 5208,1590 5670,1576 5684,1464 5612,1450 5516,1524 5316,1460 5064,1500 4980,1458 4760,1500 4684,1458 4526,1506 4370,1448 4310,1476"/>
                <Baseline points="4321,1541 4410,1541 4500,1541 4590,1541 4679,1535 4769,1541 4858,1541 4948,1535 5038,1541 5127,1541 5217,1541 5307,1535 5396,1547 5486,1553 5576,1553 5665,1559 5689,1565"/>
                <TextEquiv>
                    <Unicode>Thoen aber auch vorschlagen, die</Unicode>
                </TextEquiv>
            </TextLine>
            <TextLine id="tr_1_tl_13" custom="readingOrder {index:12;}">
                <Coords points="5930,1632 6364,1634 6518,1684 6828,1636 7110,1684 7246,1644 7406,1692 7404,1584 6816,1552 6510,1588 6266,1544 6154,1580 5928,1510"/>
                <Baseline points="5940,1613 6030,1619 6120,1619 6209,1625 6299,1625 6388,1625 6478,1625 6568,1631 6657,1631 6747,1631 6837,1631 6926,1631 7016,1637 7106,1637 7195,1643 7285,1649 7375,1655 7410,1667"/>
                <TextEquiv>
                    <Unicode>Correitheit zeigte, was auch zu den</Unicode>
                </TextEquiv>
            </TextLine>
            <TextLine id="tr_1_tl_14" custom="readingOrder {index:13;}">
                <Coords points="4292,1686 5750,1676 5750,1606 5664,1576 5220,1628 5090,1574 4752,1614 4644,1562 4570,1628 4292,1594"/>
                <Baseline points="4303,1667 4392,1661 4482,1661 4572,1661 4661,1649 4751,1649 4841,1649 4930,1655 5020,1655 5110,1649 5199,1655 5289,1655 5378,1655 5468,1661 5558,1661 5647,1661 5737,1667 5755,1673"/>
                <TextEquiv>
                    <Unicode>Rolle des Ferdinand nicht mit Herrn</Unicode>
                </TextEquiv>
            </TextLine>
            <TextLine id="tr_1_tl_15" custom="readingOrder {index:14;}">
                <Coords points="5948,1734 6160,1780 7142,1758 7492,1826 7488,1736 7308,1680 6998,1652 6788,1702 6702,1654 6598,1704 6364,1704 6268,1644 6084,1692 5944,1644"/>
                <Baseline points="5958,1721 6048,1727 6137,1727 6227,1733 6317,1733 6406,1733 6496,1739 6586,1739 6675,1739 6765,1739 6855,1745 6944,1745 7034,1745 7124,1751 7213,1757 7303,1769 7393,1775 7482,1787 7494,1787"/>
                <TextEquiv>
                    <Unicode>Voraussetzungen seines Vorlebens ganz</Unicode>
                </TextEquiv>
            </TextLine>
            <TextLine id="tr_1_tl_16" custom="readingOrder {index:15;}">
                <Coords points="4292,1802 4616,1824 4930,1764 5060,1812 5164,1772 5732,1828 5732,1708 5612,1744 5428,1676 5290,1730 5206,1682 4948,1678 4874,1730 4678,1684 4536,1736 4376,1688 4292,1724"/>
                <Baseline points="4303,1775 4392,1781 4482,1781 4572,1781 4661,1769 4751,1763 4841,1763 4930,1763 5020,1763 5110,1763 5199,1763 5289,1769 5378,1769 5468,1769 5558,1775 5647,1781 5737,1781"/>
                <TextEquiv>
                    <Unicode>Sauer, sondern mit herrn Nissen zu</Unicode>
                </TextEquiv>
            </TextLine>
            <TextLine id="tr_1_tl_17" custom="readingOrder {index:16;}">
                <Coords points="5938,1896 6268,1892 6420,1842 6528,1892 6612,1830 6748,1880 7486,1900 7484,1828 7186,1764 7014,1802 6700,1744 6632,1782 5934,1792"/>
                <Baseline points="5946,1840 6036,1828 6126,1834 6215,1834 6305,1834 6394,1828 6484,1828 6574,1828 6663,1834 6753,1834 6843,1840 6932,1846 7022,1852 7112,1858 7201,1864 7291,1876 7381,1882 7470,1888 7488,1894"/>
                <TextEquiv>
                    <Unicode>gut stimmt. Ich halte es deshalb für</Unicode>
                </TextEquiv>
            </TextLine>
            <TextLine id="tr_1_tl_18" custom="readingOrder {index:17;}">
                <Coords points="4292,1910 4670,1936 4908,1890 5080,1944 5182,1898 5666,1902 5666,1822 5574,1790 5148,1836 4738,1800 4656,1844 4292,1802"/>
                <Baseline points="4303,1888 4392,1888 4482,1894 4572,1888 4661,1888 4751,1882 4841,1882 4930,1882 5020,1876 5110,1882 5199,1876 5289,1882 5378,1882 5468,1888 5558,1888 5647,1894 5671,1894"/>
                <TextEquiv>
                    <Unicode>besetzen. Die Wirkung dieser Rolle</Unicode>
                </TextEquiv>
            </TextLine>
            <TextLine id="tr_1_tl_19" custom="readingOrder {index:18;}">
                <Coords points="5930,1948 6156,2002 6250,1942 6428,2022 6532,1944 6666,1944 6828,2054 6976,1970 7164,2016 7412,1990 7410,1948 7222,1874 7090,1932 6936,1864 6774,1904 6620,1830 6538,1890 5928,1898"/>
                <Baseline points="5940,1942 6030,1936 6120,1936 6209,1936 6299,1936 6388,1936 6478,1942 6568,1942 6657,1936 6747,1942 6837,1954 6926,1954 7016,1960 7106,1966 7195,1966 7285,1972 7375,1978 7416,1984"/>
                <TextEquiv>
                    <Unicode>richtiger, diese Rolle Herrn Nissen,</Unicode>
                </TextEquiv>
            </TextLine>
            <TextLine id="tr_1_tl_20" custom="readingOrder {index:19;}">
                <Coords points="4286,2012 4504,2050 4798,2016 4918,2088 5130,2000 5204,2046 5744,2034 5744,1936 5678,1912 5554,1994 5412,1932 5076,1962 4976,1918 4848,1978 4490,1930 4286,1956"/>
                <Baseline points="4297,2008 4386,2008 4476,2008 4566,2014 4655,2008 4745,2008 4835,2008 4924,2008 5014,2002 5104,1996 5193,2002 5283,2008 5372,2008 5462,2014 5552,2014 5641,2008 5731,2020 5749,2020"/>
                <TextEquiv>
                    <Unicode>bedarf einer sehr vorsichtigen Ab¬</Unicode>
                </TextEquiv>
            </TextLine>
            <TextLine id="tr_1_tl_21" custom="readingOrder {index:20;}">
                <Coords points="5972,2104 6674,2050 6908,2092 7120,2070 7366,2136 7490,2098 7490,2026 7252,1998 7080,2038 6894,1962 6768,2030 6626,1958 6436,2026 6228,1996 5972,2030"/>
                <Baseline points="5982,2079 6072,2061 6161,2067 6251,2061 6341,2055 6430,2061 6520,2055 6610,2055 6699,2049 6789,2055 6879,2061 6968,2067 7058,2067 7148,2073 7237,2073 7327,2079 7416,2085 7494,2097"/>
                <TextEquiv>
                    <Unicode>zu geben und bitte Sie, mir möglichst</Unicode>
                </TextEquiv>
            </TextLine>
            <TextLine id="tr_1_tl_22" custom="readingOrder {index:21;}">
                <Coords points="4304,2136 4648,2180 4786,2118 4902,2116 4974,2162 5142,2122 5226,2164 5336,2130 5480,2168 5636,2144 5636,2084 5252,2026 4916,2092 4740,2016 4660,2070 4570,2032 4304,2072"/>
                <Baseline points="4315,2115 4404,2115 4494,2121 4584,2121 4673,2121 4763,2115 4853,2115 4942,2115 5032,2115 5121,2109 5211,2115 5301,2115 5390,2121 5480,2121 5570,2121 5641,2121"/>
                <TextEquiv>
                    <Unicode>wägung. Herrn Tauers Spielweise</Unicode>
                </TextEquiv>
            </TextLine>
            <TextLine id="tr_1_tl_23" custom="readingOrder {index:22;}">
                <Coords points="5962,2202 6094,2248 6296,2174 6404,2242 7424,2210 7422,2138 7022,2086 6784,2144 6566,2080 5960,2128"/>
                <Baseline points="5970,2175 6060,2175 6149,2175 6239,2175 6329,2175 6418,2175 6508,2175 6598,2175 6687,2181 6777,2181 6867,2181 6956,2187 7046,2187 7136,2193 7225,2193 7315,2205 7405,2205 7428,2211"/>
                <TextEquiv>
                    <Unicode>umgehend. zu sagen, ob Sie damit</Unicode>
                </TextEquiv>
            </TextLine>
            <TextLine id="tr_1_tl_24" custom="readingOrder {index:23;}">
                <Coords points="4292,2264 4554,2300 4768,2250 4866,2308 4942,2256 5102,2246 5234,2286 5358,2242 5666,2264 5666,2180 5276,2198 5172,2146 5090,2204 4838,2214 4558,2164 4508,2192 4414,2142 4292,2186"/>
                <Baseline points="4303,2247 4392,2247 4482,2247 4572,2247 4661,2241 4751,2241 4841,2241 4930,2241 5020,2241 5110,2235 5199,2241 5289,2241 5378,2241 5468,2241 5558,2247 5647,2253 5671,2253"/>
                <TextEquiv>
                    <Unicode>und Erscheinung wurde ihr etwas</Unicode>
                </TextEquiv>
            </TextLine>
            <TextLine id="tr_1_tl_25" custom="readingOrder {index:24;}">
                <Coords points="5948,2308 6098,2286 6346,2322 6410,2298 6774,2304 6802,2296 6802,2230 6766,2212 6714,2246 6650,2214 6562,2264 6468,2218 6404,2242 6272,2208 6178,2252 5948,2254"/>
                <Baseline points="5958,2283 6048,2283 6137,2289 6227,2289 6317,2289 6406,2289 6496,2289 6586,2289 6675,2289 6765,2289 6807,2295"/>
                <TextEquiv>
                    <Unicode>einverstanden sind.</Unicode>
                </TextEquiv>
            </TextLine>
            <TextLine id="tr_1_tl_26" custom="readingOrder {index:25;}">
                <Coords points="4280,2432 4736,2392 4812,2420 5162,2356 5216,2402 5436,2384 5554,2430 5672,2400 5672,2316 5406,2310 5336,2260 5210,2320 5110,2276 4930,2322 4710,2272 4496,2316 4280,2290"/>
                <Baseline points="4291,2372 4380,2378 4470,2372 4560,2372 4649,2366 4739,2360 4829,2360 4918,2360 5008,2360 5098,2354 5187,2354 5277,2354 5366,2354 5456,2360 5546,2366 5635,2372 5677,2372"/>
                <TextEquiv>
                    <Unicode>Innes, Bedächtiges, Aristokratisches</Unicode>
                </TextEquiv>
            </TextLine>
            <TextLine id="tr_1_tl_27" custom="readingOrder {index:26;}">
                <Coords points="5942,2392 6576,2432 6626,2392 7062,2396 7218,2472 7378,2410 7522,2452 7520,2324 7234,2296 7062,2362 6930,2298 6778,2354 6618,2306 6504,2352 6250,2302 6112,2358 6044,2298 5942,2312"/>
                <Baseline points="5952,2378 6042,2384 6132,2390 6221,2390 6311,2396 6400,2396 6490,2396 6580,2390 6669,2384 6759,2390 6849,2390 6938,2390 7028,2390 7118,2396 7207,2402 7297,2402 7387,2408 7476,2414 7524,2420"/>
                <TextEquiv>
                    <Unicode>Frau Lehmann ist nun soweit hergestellt,</Unicode>
                </TextEquiv>
            </TextLine>
            <TextLine id="tr_1_tl_28" custom="readingOrder {index:27;}">
                <Coords points="4292,2556 4712,2548 4860,2496 4996,2540 5152,2502 5702,2532 5702,2460 5482,2406 5082,2452 4838,2406 4664,2456 4426,2410 4292,2432"/>
                <Baseline points="4303,2480 4392,2492 4482,2492 4572,2492 4661,2492 4751,2492 4841,2492 4930,2492 5020,2492 5110,2492 5199,2486 5289,2486 5378,2486 5468,2492 5558,2492 5647,2498 5707,2504"/>
                <TextEquiv>
                    <Unicode>geben, was einerseits mit ihrem</Unicode>
                </TextEquiv>
            </TextLine>
            <TextLine id="tr_1_tl_29" custom="readingOrder {index:28;}">
                <Coords points="5954,2536 6292,2512 6536,2556 6872,2500 7052,2556 7502,2532 7502,2440 7378,2422 7246,2484 6982,2410 6782,2456 6464,2428 6404,2470 6156,2410 5954,2430"/>
                <Baseline points="5964,2504 6054,2510 6143,2510 6233,2510 6323,2504 6412,2504 6502,2510 6592,2504 6681,2504 6771,2504 6861,2498 6950,2504 7040,2504 7130,2504 7219,2504 7309,2504 7399,2504 7488,2510 7506,2516"/>
                <TextEquiv>
                    <Unicode>daß sie am 15. hier eintreffen will.</Unicode>
                </TextEquiv>
            </TextLine>
            <TextLine id="tr_1_tl_30" custom="readingOrder {index:29;}">
                <Coords points="4304,2670 4978,2608 5170,2652 5322,2610 5684,2656 5714,2566 5666,2596 5236,2532 5066,2588 4802,2510 4696,2558 4304,2570"/>
                <Baseline points="4315,2611 4404,2617 4494,2617 4584,2611 4673,2611 4763,2605 4853,2605 4942,2605 5032,2605 5121,2605 5211,2605 5301,2605 5390,2605 5480,2611 5570,2611 5659,2617 5719,2629"/>
                <TextEquiv>
                    <Unicode>eigentlichen Wesen nicht überein.</Unicode>
                </TextEquiv>
            </TextLine>
            <TextLine id="tr_1_tl_31" custom="readingOrder {index:30;}">
                <Coords points="5954,2618 6302,2622 6506,2676 6846,2620 7322,2650 7432,2708 7508,2682 7506,2610 7240,2540 6820,2586 6702,2536 6380,2544 6338,2582 5952,2544"/>
                <Baseline points="5964,2617 6054,2623 6143,2617 6233,2617 6323,2617 6412,2617 6502,2623 6592,2623 6687,2619 6687,2619 6783,2617 6873,2623 6962,2623 7052,2629 7142,2635 7231,2635 7321,2641 7410,2647 7500,2659 7512,2665"/>
                <TextEquiv>
                    <Unicode>Die Arrangierproben werden demnach</Unicode>
                </TextEquiv>
            </TextLine>
            <TextLine id="tr_1_tl_32" custom="readingOrder {index:31;}">
                <Coords points="6682,2674 6718,2668 6748,2690 6770,2674 6808,2692 6836,2680 6860,2690 6880,2680 6912,2698 6950,2688 6982,2694 6978,2630 6952,2630 6942,2642 6894,2632 6868,2646 6814,2620 6786,2636 6766,2622 6728,2622 6680,2644"/>
                <Baseline points="6693,2664 6789,2671 6879,2677 6968,2683 6986,2689"/>
                <TextEquiv>
                    <Unicode>horrichston</Unicode>
                </TextEquiv>
            </TextLine>
            <TextLine id="tr_1_tl_33" custom="readingOrder {index:32;}">
                <Coords points="4300,2778 4430,2744 4488,2782 4616,2748 4952,2780 5090,2734 5280,2792 5446,2738 5774,2788 5772,2712 5590,2642 5338,2706 5048,2646 4674,2712 4298,2672"/>
                <Baseline points="4309,2743 4398,2737 4488,2737 4578,2737 4667,2737 4757,2731 4847,2731 4936,2731 5026,2731 5115,2731 5205,2731 5295,2737 5384,2731 5474,2737 5564,2743 5653,2749 5743,2761 5779,2773"/>
                <TextEquiv>
                    <Unicode>stimmen, andererseits auch das Unan¬</Unicode>
                </TextEquiv>
            </TextLine>
            <TextLine id="tr_1_tl_34" custom="readingOrder {index:33;}">
                <Coords points="5956,2762 6444,2730 7514,2778 7472,2698 7206,2646 6770,2704 6556,2636 6176,2710 5952,2620"/>
                <Baseline points="5964,2749 6054,2737 6143,2737 6233,2731 6323,2731 6412,2731 6502,2731 6592,2731 6681,2737 6771,2737 6861,2743 6950,2743 7040,2737 7130,2737 7219,2743 7309,2755 7399,2761 7488,2773 7518,2779"/>
                <TextEquiv>
                    <Unicode>schon in der künftigen Woche begin¬</Unicode>
                </TextEquiv>
            </TextLine>
            <TextLine id="tr_1_tl_35" custom="readingOrder {index:34;}">
                <Coords points="5954,2882 6830,2854 7466,2914 7464,2772 6882,2746 6766,2818 6578,2750 6326,2812 6208,2740 6096,2818 5952,2802"/>
                <Baseline points="5964,2856 6054,2856 6143,2856 6233,2844 6323,2850 6412,2850 6502,2856 6592,2856 6681,2856 6771,2850 6861,2856 6950,2856 7040,2856 7130,2856 7219,2862 7309,2868 7399,2874 7470,2886"/>
                <TextEquiv>
                    <Unicode>ner können. haben Sie deshalb die</Unicode>
                </TextEquiv>
            </TextLine>
            <TextLine id="tr_1_tl_36" custom="readingOrder {index:35;}">
                <Coords points="4300,2906 4380,2876 4598,2916 4678,2862 4836,2900 4908,2856 5400,2864 5546,2924 5768,2898 5766,2802 5616,2784 5368,2834 4900,2754 4620,2834 4488,2784 4298,2792"/>
                <Baseline points="4309,2868 4398,2862 4488,2856 4578,2862 4667,2862 4757,2856 4847,2856 4936,2850 5026,2856 5115,2856 5205,2856 5295,2856 5384,2862 5474,2862 5564,2874 5653,2880 5743,2886 5773,2898"/>
                <TextEquiv>
                    <Unicode>genehme ihres Eindrucks nur verschär¬</Unicode>
                </TextEquiv>
            </TextLine>
            <TextLine id="tr_1_tl_37" custom="readingOrder {index:36;}">
                <Coords points="4318,3020 4596,2984 4804,3028 4872,2990 5526,3004 5608,3056 5746,3028 5744,2940 5570,2910 5456,2946 5116,2894 4780,2930 4692,2882 4462,2944 4314,2906"/>
                <Baseline points="4327,2976 4416,2976 4506,2976 4596,2976 4685,2976 4775,2976 4864,2982 4954,2982 5044,2982 5133,2982 5223,2988 5313,2988 5402,2994 5492,3000 5582,3006 5671,3006 5749,3018"/>
                <TextEquiv>
                    <Unicode>fen wurde. Es würde als vorbedachte</Unicode>
                </TextEquiv>
            </TextLine>
            <TextLine id="tr_1_tl_38" custom="readingOrder {index:37;}">
                <Coords points="5942,3000 6224,2986 6294,3028 6394,2984 6488,3028 6928,2982 7400,3040 7398,2914 7144,2954 6962,2876 6888,2910 6796,2866 6606,2940 6072,2864 5940,2902"/>
                <Baseline points="5952,2976 6042,2976 6132,2976 6221,2976 6311,2982 6400,2976 6490,2982 6580,2982 6669,2982 6759,2976 6849,2982 6938,2982 7028,2988 7118,2988 7207,2994 7297,3000 7387,3006 7405,3012"/>
                <TextEquiv>
                    <Unicode>Freundlichkeit, wenn Sie im zweiten</Unicode>
                </TextEquiv>
            </TextLine>
            <TextLine id="tr_1_tl_39" custom="readingOrder {index:38;}">
                <Coords points="5960,3090 6682,3102 6754,3146 7430,3124 7428,3060 7356,3082 7196,3000 7028,3060 6982,3026 6686,3044 6592,2998 6318,3042 5958,3004"/>
                <Baseline points="5970,3089 6060,3083 6149,3083 6239,3083 6329,3083 6418,3089 6508,3089 6598,3095 6687,3095 6777,3101 6867,3101 6956,3101 7046,3101 7136,3107 7225,3107 7315,3107 7405,3113 7434,3113"/>
                <TextEquiv>
                    <Unicode>Akt die 14. Scene zwischen Emma</Unicode>
                </TextEquiv>
            </TextLine>
            <TextLine id="tr_1_tl_40" custom="readingOrder {index:39;}">
                <Coords points="4294,3134 4618,3106 4762,3164 4824,3118 5050,3102 5088,3138 5336,3114 5482,3180 5546,3132 5726,3148 5724,3060 5626,3092 5476,3028 5072,3078 4786,3026 4528,3050 4452,2994 4290,3032"/>
                <Baseline points="4303,3089 4392,3095 4482,3095 4572,3095 4661,3089 4751,3095 4841,3101 4930,3101 5020,3101 5110,3107 5199,3107 5289,3113 5378,3113 5468,3125 5558,3125 5647,3131 5731,3143"/>
                <TextEquiv>
                    <Unicode>Besheit erscheinen, was nur eng¬</Unicode>
                </TextEquiv>
            </TextLine>
            <TextLine id="tr_1_tl_41" custom="readingOrder {index:40;}">
                <Coords points="5980,3210 6088,3194 6278,3268 6454,3210 6626,3282 6720,3232 7416,3320 7508,3288 7502,3168 7436,3154 7280,3202 7110,3140 6740,3160 6476,3096 6058,3088 5976,3128"/>
                <Baseline points="5988,3191 6078,3191 6167,3191 6257,3191 6347,3197 6436,3203 6526,3203 6616,3209 6705,3215 6795,3221 6885,3227 6974,3233 7064,3239 7154,3245 7243,3245 7333,3245 7422,3251 7512,3257"/>
                <TextEquiv>
                    <Unicode>und Ferdinand noch umarbeiten wollen,</Unicode>
                </TextEquiv>
            </TextLine>
            <TextLine id="tr_1_tl_42" custom="readingOrder {index:41;}">
                <Coords points="4262,3286 4458,3236 4532,3284 4754,3288 4864,3246 5002,3274 5288,3240 5576,3314 5660,3294 5658,3170 5492,3194 5384,3146 5286,3200 5202,3152 5090,3182 4888,3116 4758,3164 4658,3114 4522,3174 4258,3122"/>
                <Baseline points="4273,3233 4362,3221 4452,3221 4542,3227 4631,3227 4721,3227 4811,3227 4900,3227 4990,3233 5080,3233 5169,3233 5259,3233 5349,3239 5438,3245 5528,3251 5618,3257 5665,3257"/>
                <TextEquiv>
                    <Unicode>herzige. Gefühlsrohheit sein soll. Es</Unicode>
                </TextEquiv>
            </TextLine>
        </TextRegion>
        <TextRegion id="tr_2" custom="readingOrder {index:2;}">
            <Coords points="8032,804 11385,804 11385,3398 8032,3398"/>
            <TextLine id="tr_2_tl_1" custom="readingOrder {index:0;}">
                <Coords points="10336,884 10580,860 10746,896 11310,892 11308,780 11182,788 11100,730 10820,824 10730,786 10334,782"/>
                <Baseline points="10345,860 10435,860 10524,854 10614,854 10704,854 10793,860 10883,860 10973,860 11062,866 11152,866 11242,866 11313,872"/>
                <TextEquiv>
                    <Unicode>Berlin N. 20, den 15. Septbr 8.</Unicode>
                </TextEquiv>
            </TextLine>
            <TextLine id="tr_2_tl_2" custom="readingOrder {index:1;}">
                <Coords points="8040,1084 8250,1050 8318,1080 8430,1034 8604,1082 8856,1018 9094,1034 9150,1080 9438,1014 9440,912 8932,988 8604,984 8502,938 8040,986"/>
                <Baseline points="8050,1039 8098,1039 8187,1039 8277,1033 8367,1033 8456,1027 8546,1027 8636,1027 8725,1027 8815,1027 8905,1027 8994,1027 9084,1022 9174,1022 9263,1016 9353,1016 9443,1027"/>
                <TextEquiv>
                    <Unicode>wie es ihre Absicht war, und auch mir</Unicode>
                </TextEquiv>
            </TextLine>
            <TextLine id="tr_2_tl_3" custom="readingOrder {index:2;}">
                <Coords points="9988,1126 10134,1066 10328,1130 10962,1162 11196,1084 11376,1110 11374,960 11222,1014 10942,942 10816,986 10708,986 10642,932 10384,986 10294,914 10062,1016 9986,1006"/>
                <Baseline points="9998,1087 10088,1057 10178,1057 10267,1063 10357,1063 10447,1063 10536,1057 10626,1057 10716,1057 10805,1063 10895,1069 10985,1075 11074,1075 11164,1081 11253,1081 11343,1087 11379,1087"/>
                <TextEquiv>
                    <Unicode>Lieber Doctor Schnitzler!</Unicode>
                </TextEquiv>
            </TextLine>
            <TextLine id="tr_2_tl_4" custom="readingOrder {index:3;}">
                <Coords points="8046,1182 8262,1204 8470,1148 8550,1206 8830,1154 8928,1190 9114,1152 9210,1208 9318,1156 9486,1180 9486,1110 9192,1046 8896,1104 8632,1106 8432,1052 8358,1092 8046,1092"/>
                <Baseline points="8056,1153 8146,1153 8235,1153 8325,1153 8415,1147 8504,1147 8594,1141 8684,1141 8773,1147 8863,1141 8952,1147 9042,1141 9132,1141 9221,1141 9311,1141 9401,1147 9490,1165 9496,1159"/>
                <TextEquiv>
                    <Unicode>wünschenswerth erscheint, dies noch mög¬</Unicode>
                </TextEquiv>
            </TextLine>
            <TextLine id="tr_2_tl_5" custom="readingOrder {index:4;}">
                <Coords points="8044,1308 8116,1334 8262,1260 8382,1254 8494,1302 8692,1268 8800,1318 8918,1262 9434,1242 9434,1204 9118,1206 9034,1166 8830,1170 8744,1236 8400,1170 8136,1216 8046,1190"/>
                <Baseline points="8056,1261 8092,1267 8181,1267 8271,1255 8361,1255 8450,1249 8540,1255 8630,1255 8719,1249 8809,1249 8899,1249 8988,1249 9078,1249 9168,1249 9257,1243 9347,1243 9437,1237"/>
                <TextEquiv>
                    <Unicode>lichst bis dahin zu thun, damit wir</Unicode>
                </TextEquiv>
            </TextLine>
            <TextLine id="tr_2_tl_6" custom="readingOrder {index:5;}">
                <Coords points="9940,1310 10180,1280 10382,1346 10524,1308 10672,1370 10770,1314 10900,1366 10982,1296 11362,1336 11362,1250 11120,1208 10990,1250 10704,1188 10326,1250 10120,1182 9940,1248"/>
                <Baseline points="9951,1284 10040,1284 10130,1278 10220,1278 10309,1278 10399,1284 10488,1278 10578,1284 10668,1278 10757,1278 10847,1284 10937,1290 11026,1290 11116,1290 11206,1296 11295,1296 11367,1296"/>
                <TextEquiv>
                    <Unicode>Selbstverständlich ergeben wir</Unicode>
                </TextEquiv>
            </TextLine>
            <TextLine id="tr_2_tl_7" custom="readingOrder {index:6;}">
                <Coords points="8022,1418 8308,1376 8636,1402 8772,1368 8904,1404 8960,1368 9112,1398 9444,1368 9432,1326 9314,1326 9216,1260 9120,1308 8766,1336 8626,1268 8238,1336 8024,1312"/>
                <Baseline points="8032,1404 8104,1392 8193,1380 8283,1374 8373,1368 8462,1368 8552,1362 8642,1362 8731,1362 8821,1362 8911,1362 9000,1362 9090,1356 9180,1356 9269,1350 9359,1350 9449,1356"/>
                <TextEquiv>
                    <Unicode>später keine Schwierigkeit haben.</Unicode>
                </TextEquiv>
            </TextLine>
            <TextLine id="tr_2_tl_8" custom="readingOrder {index:7;}">
                <Coords points="9648,1422 9818,1480 9932,1398 10090,1394 10210,1468 10348,1404 10520,1474 10682,1402 11306,1430 11332,1338 10970,1310 10898,1364 10766,1316 10690,1370 10412,1380 10338,1326 10124,1310 9994,1362 9882,1298 9648,1356"/>
                <Baseline points="9658,1392 9747,1392 9837,1392 9927,1392 10016,1386 10106,1386 10196,1392 10285,1392 10375,1392 10465,1398 10554,1392 10644,1398 10733,1392 10823,1398 10913,1398 11002,1398 11092,1404 11182,1404 11271,1404 11337,1410"/>
                <TextEquiv>
                    <Unicode>ein Ihrer Anschauung über die Rolle</Unicode>
                </TextEquiv>
            </TextLine>
            <TextLine id="tr_2_tl_9" custom="readingOrder {index:8;}">
                <Coords points="8040,1508 8140,1544 8410,1490 8500,1530 8552,1490 9006,1502 9170,1462 9276,1500 9480,1464 9482,1348 9146,1424 9088,1384 9004,1446 8788,1392 8632,1396 8532,1450 8042,1418"/>
                <Baseline points="8050,1494 8140,1494 8229,1482 8319,1482 8409,1482 8498,1482 8588,1476 8678,1476 8767,1476 8857,1476 8946,1476 9036,1470 9126,1464 9215,1458 9305,1458 9395,1446 9484,1446"/>
                <TextEquiv>
                    <Unicode>Auch möchte ich Sie bitten, den Tod des</Unicode>
                </TextEquiv>
            </TextLine>
            <TextLine id="tr_2_tl_10" custom="readingOrder {index:9;}">
                <Coords points="9796,1514 10270,1504 10478,1554 10640,1508 10820,1576 10918,1526 11374,1528 11336,1460 10766,1458 10694,1406 10522,1474 10290,1420 10208,1468 9938,1398 9796,1478"/>
                <Baseline points="9807,1500 9897,1488 9986,1494 10076,1494 10166,1494 10255,1500 10345,1506 10435,1506 10524,1500 10614,1506 10704,1506 10793,1506 10883,1512 10973,1512 11062,1512 11152,1518 11242,1518 11331,1518 11379,1518"/>
                <TextEquiv>
                    <Unicode>des Ferdinand und haben nun</Unicode>
                </TextEquiv>
            </TextLine>
            <TextLine id="tr_2_tl_11" custom="readingOrder {index:10;}">
                <Coords points="8028,1608 8316,1586 8426,1644 9096,1566 9450,1592 9450,1530 9392,1494 9288,1530 9158,1472 8988,1542 8028,1516"/>
                <Baseline points="8038,1595 8110,1589 8199,1583 8289,1583 8379,1589 8468,1583 8558,1583 8648,1577 8737,1577 8827,1577 8917,1577 9006,1577 9096,1565 9186,1565 9275,1565 9365,1565 9454,1571"/>
                <TextEquiv>
                    <Unicode>Kindes noch mit im Haar kleinen</Unicode>
                </TextEquiv>
            </TextLine>
            <TextLine id="tr_2_tl_12" custom="readingOrder {index:11;}">
                <Coords points="9778,1636 10350,1618 10506,1692 10624,1648 10962,1702 11082,1626 11326,1656 11324,1524 11086,1604 10942,1538 10788,1588 10554,1534 10394,1584 10218,1570 10136,1512 9964,1540 9888,1504 9776,1550"/>
                <Baseline points="9789,1607 9879,1607 9968,1601 10058,1601 10148,1601 10237,1607 10327,1613 10417,1619 10506,1619 10596,1619 10686,1619 10775,1625 10865,1625 10955,1625 11044,1619 11134,1625 11224,1625 11313,1643 11331,1649"/>
                <TextEquiv>
                    <Unicode>das Stück endgiltig folgender¬</Unicode>
                </TextEquiv>
            </TextLine>
            <TextLine id="tr_2_tl_13" custom="readingOrder {index:12;}">
                <Coords points="8022,1710 8722,1686 8852,1730 9334,1686 9462,1722 9522,1714 9524,1628 9406,1572 9136,1652 8940,1596 8720,1646 8576,1614 8522,1660 8024,1610"/>
                <Baseline points="8032,1691 8092,1691 8181,1685 8271,1685 8361,1685 8450,1685 8540,1685 8630,1685 8719,1679 8809,1679 8899,1685 8988,1685 9078,1685 9168,1679 9257,1679 9347,1679 9437,1679 9526,1685"/>
                <TextEquiv>
                    <Unicode>Strichen stärker vorzubereiten. Denn</Unicode>
                </TextEquiv>
            </TextLine>
            <TextLine id="tr_2_tl_14" custom="readingOrder {index:13;}">
                <Coords points="9802,1744 10310,1718 10508,1784 10616,1728 11126,1754 11260,1742 11260,1700 11182,1666 10502,1690 10322,1642 10260,1682 9800,1704"/>
                <Baseline points="9813,1721 9903,1715 9992,1715 10082,1721 10172,1715 10261,1721 10351,1715 10441,1721 10530,1721 10620,1721 10710,1727 10799,1721 10889,1721 10979,1721 11068,1727 11158,1727 11247,1733 11265,1733"/>
                <TextEquiv>
                    <Unicode>maßen besetzt: Quiatti¬</Unicode>
                </TextEquiv>
            </TextLine>
            <TextLine id="tr_2_tl_15" custom="readingOrder {index:14;}">
                <Coords points="8034,1846 8310,1810 8408,1840 8592,1788 8856,1832 9160,1792 9268,1830 9482,1800 9484,1718 9352,1696 9162,1756 8930,1706 8792,1754 8674,1698 8034,1750"/>
                <Baseline points="8044,1816 8050,1816 8140,1810 8229,1804 8319,1798 8409,1798 8498,1792 8588,1787 8678,1787 8767,1787 8857,1787 8946,1792 9036,1787 9126,1787 9215,1787 9305,1792 9395,1792 9484,1787"/>
                <TextEquiv>
                    <Unicode>jetzt sieht es beinahe so aus, als</Unicode>
                </TextEquiv>
            </TextLine>
            <TextLine id="tr_2_tl_16" custom="readingOrder {index:15;}">
                <Coords points="9784,1860 10048,1834 10170,1884 10322,1830 10420,1914 10520,1854 10598,1894 10704,1836 10956,1836 11064,1902 11226,1860 11226,1816 10898,1722 10554,1802 10362,1720 10244,1804 9912,1728 9784,1788"/>
                <Baseline points="9795,1840 9885,1828 9974,1828 10064,1828 10154,1834 10243,1828 10333,1828 10423,1822 10512,1828 10602,1828 10692,1828 10781,1834 10871,1834 10961,1834 11050,1840 11140,1846 11230,1858"/>
                <TextEquiv>
                    <Unicode>Reicher, Besty - fr v. Pvellnitz,</Unicode>
                </TextEquiv>
            </TextLine>
            <TextLine id="tr_2_tl_17" custom="readingOrder {index:16;}">
                <Coords points="8034,1922 8652,1906 8854,1962 9152,1882 9258,1936 9514,1924 9518,1846 9152,1792 8842,1868 8512,1802 8036,1872"/>
                <Baseline points="8044,1918 8086,1918 8176,1918 8265,1918 8355,1912 8444,1912 8534,1912 8624,1900 8713,1894 8803,1894 8893,1894 8982,1894 9072,1888 9162,1882 9251,1882 9341,1888 9431,1888 9520,1894"/>
                <TextEquiv>
                    <Unicode>ob die bloße Störung des Nachmit¬</Unicode>
                </TextEquiv>
            </TextLine>
            <TextLine id="tr_2_tl_18" custom="readingOrder {index:17;}">
                <Coords points="9790,1948 9850,1942 9916,2006 10056,1936 10534,1988 10732,1958 10786,2000 10868,1956 11208,1962 11170,1910 10842,1896 10716,1842 10424,1912 10282,1842 10156,1918 10004,1856 9790,1854"/>
                <Baseline points="9801,1942 9891,1936 9980,1936 10070,1936 10160,1936 10249,1936 10339,1930 10429,1936 10518,1936 10608,1936 10698,1936 10787,1942 10877,1948 10967,1948 11056,1948 11146,1954 11212,1954"/>
                <TextEquiv>
                    <Unicode>Hugo - Rittner, Franziska -</Unicode>
                </TextEquiv>
            </TextLine>
            <TextLine id="tr_2_tl_19" custom="readingOrder {index:18;}">
                <Coords points="8070,2052 8208,2078 8916,2018 9002,2066 9292,2016 9388,2056 9438,2026 9440,1954 8072,1946"/>
                <Baseline points="8080,2014 8170,2020 8259,2026 8349,2020 8438,2020 8528,2014 8618,2014 8707,2020 8797,2020 8887,2014 8976,2014 9066,2008 9156,2008 9245,2008 9335,2014 9425,2026 9443,2026"/>
                <TextEquiv>
                    <Unicode>tagsschlafs dazu genügt hätte,</Unicode>
                </TextEquiv>
            </TextLine>
            <TextLine id="tr_2_tl_20" custom="readingOrder {index:19;}">
                <Coords points="9796,2048 10142,2056 10204,2094 10312,2052 10626,2050 10838,2072 10908,2124 10992,2064 11046,2096 11178,2072 11178,2018 11098,1996 10880,2018 10732,1958 10652,2020 10486,1960 10066,2010 9796,1972"/>
                <Baseline points="9807,2038 9897,2044 9986,2049 10076,2044 10166,2044 10255,2044 10345,2044 10435,2044 10524,2049 10614,2049 10704,2049 10793,2049 10883,2049 10973,2049 11062,2055 11152,2061 11182,2067"/>
                <TextEquiv>
                    <Unicode>Särrow, Luln-Elsinger,</Unicode>
                </TextEquiv>
            </TextLine>
            <TextLine id="tr_2_tl_21" custom="readingOrder {index:20;}">
                <Coords points="8070,2152 8142,2184 8260,2140 8382,2186 8468,2142 8666,2172 8912,2134 9028,2174 9316,2128 9374,2178 9522,2162 9522,2116 9364,2098 9248,2020 9000,2068 8860,2030 8638,2106 8454,2052 8070,2084"/>
                <Baseline points="8080,2139 8170,2133 8259,2133 8349,2133 8438,2133 8528,2133 8618,2133 8707,2133 8797,2133 8887,2133 8976,2133 9066,2133 9156,2127 9245,2127 9335,2127 9425,2139 9514,2145 9526,2145"/>
                <TextEquiv>
                    <Unicode>was leicht einen komischen Berge¬</Unicode>
                </TextEquiv>
            </TextLine>
            <TextLine id="tr_2_tl_22" custom="readingOrder {index:21;}">
                <Coords points="9754,2192 10798,2164 10942,2228 11046,2176 11226,2184 11226,2134 11044,2116 10984,2066 10886,2130 10818,2100 10694,2136 10468,2118 10392,2052 10214,2132 9754,2084"/>
                <Baseline points="9765,2157 9855,2157 9945,2157 10034,2157 10124,2157 10214,2157 10303,2163 10393,2163 10482,2163 10572,2169 10662,2163 10751,2163 10841,2163 10931,2163 11020,2163 11110,2163 11200,2169 11230,2169"/>
                <TextEquiv>
                    <Unicode>Emma-Dumont Agnes -</Unicode>
                </TextEquiv>
            </TextLine>
            <TextLine id="tr_2_tl_23" custom="readingOrder {index:22;}">
                <Coords points="8058,2292 8286,2264 8378,2296 8580,2244 8756,2296 9230,2274 9276,2264 9278,2210 9194,2160 9120,2208 8840,2142 8612,2208 8440,2154 8236,2206 8060,2166"/>
                <Baseline points="8068,2271 8116,2265 8205,2259 8295,2253 8385,2253 8474,2247 8564,2241 8654,2241 8743,2241 8833,2241 8923,2241 9012,2241 9102,2241 9192,2235 9281,2253"/>
                <TextEquiv>
                    <Unicode>schmack hervorrufen könnte.</Unicode>
                </TextEquiv>
            </TextLine>
            <TextLine id="tr_2_tl_24" custom="readingOrder {index:23;}">
                <Coords points="9766,2290 9970,2340 10050,2280 10332,2268 11350,2304 11350,2174 10700,2244 10530,2170 10388,2242 10138,2174 9964,2228 9894,2172 9766,2234"/>
                <Baseline points="9777,2271 9867,2277 9957,2277 10046,2271 10136,2271 10225,2265 10315,2265 10405,2265 10494,2265 10584,2265 10674,2271 10763,2271 10853,2271 10943,2271 11032,2271 11122,2277 11212,2271 11301,2277 11355,2289"/>
                <TextEquiv>
                    <Unicode>Lux; Toni - Lehmann; Ferdi¬</Unicode>
                </TextEquiv>
            </TextLine>
            <TextLine id="tr_2_tl_25" custom="readingOrder {index:24;}">
                <Coords points="9730,2408 10316,2382 10430,2462 10680,2386 11334,2416 11380,2318 10892,2302 10776,2356 10556,2294 10462,2344 10276,2330 10212,2280 10124,2340 10028,2294 9730,2370"/>
                <Baseline points="9741,2396 9771,2390 9861,2384 9951,2384 10040,2378 10130,2378 10220,2378 10309,2372 10399,2378 10488,2378 10578,2384 10668,2384 10757,2384 10847,2384 10937,2384 11026,2384 11116,2378 11206,2384 11295,2384 11385,2390"/>
                <TextEquiv>
                    <Unicode>nemd - Seiner; Hustav - Winterstein;</Unicode>
                </TextEquiv>
            </TextLine>
            <TextLine id="tr_2_tl_26" custom="readingOrder {index:25;}">
                <Coords points="8112,2456 9466,2452 9486,2374 8806,2396 8528,2386 8448,2340 8112,2378"/>
                <Baseline points="8122,2438 8146,2432 8235,2432 8325,2438 8415,2432 8504,2432 8594,2426 8684,2432 8773,2426 8863,2426 8952,2426 9042,2426 9132,2432 9221,2432 9311,2432 9401,2432 9490,2432"/>
                <TextEquiv>
                    <Unicode>Qlaten Sie denn um ausgeradett?</Unicode>
                </TextEquiv>
            </TextLine>
            <TextLine id="tr_2_tl_27" custom="readingOrder {index:26;}">
                <Coords points="9748,2508 9874,2496 10044,2562 10194,2494 10656,2494 10894,2578 11070,2502 11350,2496 11350,2400 10440,2462 10330,2386 10242,2446 10036,2394 9930,2450 9748,2434"/>
                <Baseline points="9759,2498 9831,2498 9921,2492 10010,2492 10100,2492 10190,2492 10279,2492 10369,2486 10459,2486 10548,2492 10638,2492 10728,2498 10817,2498 10907,2498 10996,2498 11086,2498 11176,2492 11265,2492 11355,2492"/>
                <TextEquiv>
                    <Unicode>Ein Angt - Reinhardt; Ein fremder,</Unicode>
                </TextEquiv>
            </TextLine>
            <TextLine id="tr_2_tl_28" custom="readingOrder {index:27;}">
                <Coords points="8140,2562 9500,2552 9500,2454 9314,2502 9180,2450 8970,2484 8880,2456 8774,2508 8636,2448 8474,2514 8142,2476"/>
                <Baseline points="8152,2534 8241,2540 8331,2546 8421,2546 8510,2540 8600,2540 8689,2540 8779,2540 8869,2534 8958,2534 9048,2528 9138,2528 9227,2528 9317,2528 9407,2534 9496,2546 9502,2546"/>
                <TextEquiv>
                    <Unicode>Wellevnt habe ich Sie in Wien ent¬</Unicode>
                </TextEquiv>
            </TextLine>
            <TextLine id="tr_2_tl_29" custom="readingOrder {index:28;}">
                <Coords points="9748,2624 10308,2596 10436,2662 11036,2608 11142,2682 11332,2654 11330,2572 11206,2536 10896,2580 10656,2494 10506,2574 10270,2496 10166,2558 9986,2568 9878,2498 9746,2514"/>
                <Baseline points="9759,2605 9849,2599 9939,2599 10028,2593 10118,2593 10208,2593 10297,2593 10387,2593 10476,2593 10566,2599 10656,2599 10745,2599 10835,2605 10925,2605 11014,2605 11104,2605 11194,2605 11283,2599 11337,2605"/>
                <TextEquiv>
                    <Unicode>Mann - Ludwig, Stubenmädchen</Unicode>
                </TextEquiv>
            </TextLine>
            <TextLine id="tr_2_tl_30" custom="readingOrder {index:29;}">
                <Coords points="8178,2684 8360,2722 8602,2682 8980,2770 9500,2778 9494,2700 9240,2632 9030,2678 8852,2658 8734,2596 8174,2622"/>
                <Baseline points="8187,2659 8277,2665 8367,2671 8456,2671 8546,2665 8636,2665 8725,2659 8749,2665 8779,2695 8869,2701 8958,2719 9048,2719 9138,2725 9227,2725 9317,2749 9407,2767 9496,2779 9502,2779"/>
                <TextEquiv>
                    <Unicode>Berliefakt ich! Viele Quise für</Unicode>
                </TextEquiv>
            </TextLine>
            <TextLine id="tr_2_tl_31" custom="readingOrder {index:30;}">
                <Coords points="9742,2718 9788,2716 9818,2732 9862,2706 9902,2728 9936,2714 9986,2728 10062,2706 10188,2764 10186,2658 10040,2660 9912,2600 9862,2634 9802,2612 9742,2632"/>
                <Baseline points="9753,2707 9843,2701 9933,2701 10022,2707 10112,2707 10190,2713"/>
                <TextEquiv>
                    <Unicode>Höhne.</Unicode>
                </TextEquiv>
            </TextLine>
            <TextLine id="tr_2_tl_32" custom="readingOrder {index:31;}">
                <Coords points="9742,2812 10224,2848 10356,2810 10456,2848 11142,2816 11142,2750 10970,2782 10884,2728 10758,2756 10688,2712 10460,2788 9742,2740"/>
                <Baseline points="9753,2803 9843,2803 9933,2809 10022,2809 10112,2809 10202,2809 10291,2803 10381,2803 10471,2803 10560,2803 10650,2809 10739,2809 10829,2809 10919,2809 11008,2809 11098,2809 11146,2814"/>
                <TextEquiv>
                    <Unicode>ten der schweren Absicht Sie in</Unicode>
                </TextEquiv>
            </TextLine>
            <TextLine id="tr_2_tl_33" custom="readingOrder {index:32;}">
                <Coords points="9778,2918 10364,2912 10494,2948 10772,2916 10838,2954 11172,2924 11172,2884 10914,2824 10718,2892 10576,2866 10488,2898 10350,2846 10132,2844 9998,2898 9778,2824"/>
                <Baseline points="9789,2892 9879,2904 9968,2910 10058,2916 10148,2910 10237,2910 10327,2910 10417,2910 10506,2910 10596,2910 10686,2916 10775,2910 10865,2910 10955,2910 11044,2910 11134,2916 11176,2922"/>
                <TextEquiv>
                    <Unicode>Arien, in nichster von überrichter</Unicode>
                </TextEquiv>
            </TextLine>
            <TextLine id="tr_2_tl_34" custom="readingOrder {index:33;}">
                <Coords points="9230,2964 9286,2940 9334,2942 9348,2932 9458,2956 9500,2986 9520,2968 9542,2974 9534,2838 9482,2850 9334,2812 9308,2834 9266,2832 9240,2854 9224,2852"/>
                <Baseline points="9239,2922 9329,2922 9419,2928 9508,2934 9544,2940"/>
                <TextEquiv>
                    <Unicode>O’Berlin</Unicode>
                </TextEquiv>
            </TextLine>
            <TextLine id="tr_2_tl_35" custom="readingOrder {index:34;}">
                <Coords points="9808,3030 10092,3070 10160,3030 10346,3086 10602,3030 10710,3074 10954,3038 11126,3060 11126,2976 11050,2958 10952,2980 10876,2948 10752,3006 10626,2958 10366,2994 10116,2960 10028,3000 9808,2964"/>
                <Baseline points="9819,3012 9909,3018 9998,3024 10088,3030 10178,3030 10267,3036 10357,3036 10447,3030 10536,3030 10626,3030 10716,3030 10805,3030 10895,3030 10985,3030 11074,3036 11128,3036"/>
                <TextEquiv>
                    <Unicode>Gorte, freundlichtlich in stafelten,</Unicode>
                </TextEquiv>
            </TextLine>
            <TextLine id="tr_2_tl_36" custom="readingOrder {index:35;}">
                <Coords points="9814,3120 10108,3138 10230,3186 10404,3134 11178,3148 11156,3062 10836,3118 10692,3080 10412,3104 10276,3072 10210,3106 10068,3058 9812,3068"/>
                <Baseline points="9825,3119 9915,3119 10004,3131 10094,3131 10184,3143 10273,3143 10363,3137 10453,3131 10542,3131 10632,3131 10722,3137 10811,3143 10901,3137 10990,3143 11080,3137 11170,3149 11182,3149"/>
                <TextEquiv>
                    <Unicode>hätte ich fest; da wollen wir alle</Unicode>
                </TextEquiv>
            </TextLine>
            <TextLine id="tr_2_tl_37" custom="readingOrder {index:36;}">
                <Coords points="9856,3248 10632,3240 10836,3294 11174,3272 11172,3170 11016,3142 10880,3226 10590,3140 10462,3200 10286,3206 9854,3162"/>
                <Baseline points="9867,3215 9957,3221 10046,3227 10136,3233 10225,3233 10315,3233 10405,3233 10494,3233 10584,3233 10674,3239 10763,3239 10853,3245 10943,3245 11032,3245 11122,3245 11176,3257"/>
                <TextEquiv>
                    <Unicode>schreibenden und brennenden - Früher</Unicode>
                </TextEquiv>
            </TextLine>
            <TextLine id="tr_2_tl_38" custom="readingOrder {index:37;}">
                <Coords points="9852,3354 9922,3314 10134,3370 10516,3326 11254,3386 11250,3276 11130,3308 10928,3266 10848,3302 10692,3242 10154,3296 10014,3238 9848,3260"/>
                <Baseline points="9861,3311 9951,3317 10040,3317 10130,3322 10220,3322 10309,3322 10399,3317 10488,3322 10578,3328 10668,3340 10757,3340 10847,3352 10937,3358 11026,3358 11116,3358 11206,3370 11259,3388"/>
                <TextEquiv>
                    <Unicode>lischen mit binn. Ihr Eßahren,</Unicode>
                </TextEquiv>
            </TextLine>
        </TextRegion>
    </Page>
</PcGts>
