8007 4105
358 1346 1672 1440 Auter nicht wieder einmal etwas so zuver-tief¬
400 1428 1668 1524 sinniges firs Theater? Doch auch das traurige soll
400 1512 1410 1588 allen onnen sin – wenns na ast de ist
400 1552 1590 1666 Nun ahn komme ich mit hüheren Sprange in
400 1628 1584 1718 einen gern aus den Wercke: wissen Sie auch einen
412 1690 1558 1772 -Messen in Wien zu empfehlen? Ich will noch
442 1758 1672 1844 in diese Branddprinde ist da nir chors elgst ist
436 1802 1636 1904 durch Kartenlassen auf die Höhe in halten seiten
440 1866 1650 1974 the ghe Frey up Reg-Nens Dertrjus Theater
448 1934 1642 2032 A.s 5. Juni, f.a.6.-9 in that, Nenes Staatsrechts,
446 1998 1598 2092 am 10. als in Wien, Calthester. Priest man die
448 2058 1708 2172 doch in schon? The firelte, ne'a. Ießenfalls wiesse
458 2122 1584 2222 ich hier einen angenehmen und frühsterin
460 2188 1530 2288 Somnd, it one ohre Montaran, ind
474 2256 1728 2380 grosse Sie aufs 4 könste. The [illegible]
2800 806 3340 926 Berlin N. W., den...
2916 936 3588 1066 Hd gelard 3.8.01
2644 1408 3452 1530 Lieder Herr Schützld
2498 1604 3774 1750 I am in the of the
2512 1734 3622 1840 immer nicht rasachen, wie das
2512 1834 3808 1952 Noldincer that? In him. Then
2560 1952 3694 2070 [illegible] syn: verdar bast! Hier
2572 2066 3820 2174 est gut segeln, haden, regitiren -
2554 2160 3736 2250 an nicht arbiten: wenn Sie das
2582 2238 3820 2380 Letzt de wollen i. B. für Deutsche
2558 2312 3682 2482 Theator ein Stich schreiben, dann
2608 2432 3718 2562 freilich blotur Sie lietet von Sie
2594 2542 3786 2664 sind und xxx die dass Sie
2594 2652 3788 2848 is so bald we trefflise forty
2610 2752 2876 2876 Wiegens
2570 2852 3736 3020 Da gute Georg hat mir so
2602 2980 3688 3078 etwas von einem Stuch für
2614 3060 3604 3172 is daher das Ihrer
2594 3138 3796 3288 Feder ertflussen will: lassen Sie’s
4268 830 5682 962 rutig fliessen; es soll ehr willkommen
4268 926 5752 1062 sein auch wenn sie hier feschor Officier
4268 1026 5688 1164 moll sind. Ich sehe aufs Härz, nicht
4306 1134 5068 1246 auf die Sparletten
4306 1226 5794 1360 Dan wer in Wien so auch einander gekommen,
4300 1330 5752 1470 sind hat mir sehr leid gethan, um
4318 1446 5746 1558 so mehr, als Vh wthrend Sie sei
4314 1538 5782 1682 nicht indem dem Schlaf des Gerechten
4350 1618 5760 1778 klef, den ich aber - ist spreche
4360 1738 5890 1896 am grosses Wort aus – gern unter
4348 1816 5794 1992 bloken hätte, um Sie in schen.
4378 1954 5848 2106 Aha uhr hoffe das Versäumte nur
4384 2056 5874 2230 recht bald nur zu holen; denn wenn
4394 2154 5896 2358 ich auf sich ausnehmen wie,
4416 2270 5788 2436 dass Fé deu Ruth des Reliens
4434 2356 5788 2538 Tageblatt’s folgend 24 iis in
4456 2500 5820 2700 die Weltstadt ziehen werden sie
4456 2612 5668 2816 Ihm ist auch die Hefühl als
4456 2728 5856 2912 minister Ia bald annal in det
4456 2860 5872 3036 schönen Ehe werken kontinntal.
4522 2984 5862 3148 and aorg - Hotel aftaaken.
4770 3092 5866 3264 Lassie Sie sich bald Guter
4484 3210 5692 3394 da sich löden. Hächstgerin
5488 3324 5940 3430 Dr Rulin
6772 822 7316 956 Berlin N. W., den
6888 1000 7734 1146 Helgaland. Emporor of
6098 1052 6354 1208 T
6938 1146 7532 1274 Iustria 15.8.07.
6640 1424 7412 1576 Lieber Herr Christeld
6424 1670 7664 1850 es freut rich I’e an gutem Ort
6424 1804 7560 1934 ment in frater Arbeitslame in
6436 1922 7674 2058 wissen. Ich habe mich hier auch
6436 2040 7734 2186 gene eingewohnt und denke noch
6412 2152 7674 2282 t is 29. hid an 1.9 in Berlin in
6432 2264 6622 2354 sein.
6418 2352 7714 2514 Die Einunter hätte ich mir bald¬
6438 2484 7674 2652 mögerecht an senden; ich fürde
6438 2594 7768 2744 auch die Gesammttitel überück
6436 2680 7716 2872 Fürselin sich gebtihaus fremblich
6436 2814 7728 2968 Die Stücke, Leerste hat wir
6466 2934 7766 3092 niet, missfaller Gott bewahre
6466 3048 7688 3204 nich in solcher Kerkheit, uhr.
6490 3158 7722 3302 fand sie nur etwas gedehrt und
