3984 4040
2725 533 2855 660 139
2735 644 3682 791 Berlin, N.20., den 9.9.1909.
2602 1189 3268 1356 Lieber Herr Schütels
2409 1409 3619 1566 ich schlage sich an die Brust, rufe
2406 1481 3680 1688 mir Heer und sage: & meer selpe, nur
2428 1607 3720 1809 masina culpa. Bei einer nochmaligen Durch
2438 1671 3692 1899 Studium Ihres Briefes vom 30. Juli entdestre¬
2457 1780 3695 1961 ich, in der Hand Ihre seel. Daherz, dass
2446 1876 3667 2082 see in mai That einen „die percentigen Vertrag“
2435 1982 3592 2139 gerückt haben. Es ist aber auch ein
2438 2053 3709 2257 Ent Theil rester calpa, den ich das nicht
2452 2170 3658 2335 entziffern konnte, wie die Anlage beweist.
2468 2265 3663 2430 Sie werden nun vielleicht fragen, woher ich
2457 2326 3661 2520 der Wort gelesen habe, und da sige ich:
2457 2460 3714 2619 ich habe es überhaupt nicht gehören. Salzte
2449 2536 3671 2698 Wortnittsch giebt es zu telfach in Ihrem
2464 2631 3692 2799 Briefen die nur darum nicht weniger Freude
2480 2704 3730 2911 müssen! Mit so ich konnte nur achtlichste
2489 2789 3642 2969 sicht auf der kräftige kommen da diese
2496 2881 3666 3072 Ansängl. die erwärtigen Antrag
2518 2964 3655 3147 Sonst gebracht für liegt. - Dies ist die
2521 3051 3655 3213 matehaffige Christe im Pupperspicht
