3895 3928
220 622 306 747 all
980 775 1191 895 228
388 773 751 1060 Brahy
1312 1157 1895 1297 Winser Harch 14.3.04
759 1351 1832 1498 Lieter Freund, ich sende I have einen
755 1469 1905 1618 herlichen Gruss aus der alten Lehrern.
760 1588 1877 1717 burg, wo ich meine vom ider Wirter
760 1687 1892 1840 rauponierteu et aveu etwas in Ordnay
770 1793 1914 1914 en bringen suchte. Die niederösterreichte
785 1884 1808 2009 schen Möglichheiten schienen mit ein
790 1985 1840 2117 bestimmt - trok des velocherden
790 2074 1772 2222 Kellnds aus dem erkchel hefter
796 2186 1895 2328 Impoial – and in Eperimenten reisete
788 2296 1914 2421 auch die Zeit niet ihr man Mitwurk
811 2397 1841 2525 welke in Hans etc. Mark ist
828 2486 1812 2645 I have in supn, wie leid es min
829 2600 1767 2738 aber ist, um das Zusammersin
1963 740 3457 861 mit Ihnen Beiden gekommen an sein? Das hätte
1985 842 3461 958 nicht so sehr gefleut. Sie nach der schweren Zeit
2022 937 2658 1036 jetzt wiederzuschen:
2031 1029 3362 1152 was nicht der, Ruf und die andern
2024 1109 3394 1245 schönen Pläne? Da Abschluss mit Wien ist
2024 1221 3450 1359 er noch inne nicht geglückt, hoffentlich
2043 1331 3358 1463 wird's noch. Habe Sie die Presse über
2052 1411 3385 1549 Letztige St. Plesen? Sie war, was man
2072 1536 3444 1670 sagt recht freundlich das Publikum auch
2119 1631 3439 1763 aber diese rufreundliche Maison nicht die
2059 1707 3399 1847 Lanighot gegenste eischtern die in den
2059 1838 3396 1972 renstinären Zeit läuften wieder aufkam¬
2071 1931 3338 2063 (Sie hat auch eine Sattin sehr gesche det
2086 2041 3316 2177 liess is in keinem ganzen Gedeihen
2071 2127 3426 2266 kommen. Ich habe sonst Vorsage getraffen
2086 2248 3416 2378 auch über die Schiedestände der Trässelinns.
2106 2343 3342 2451 die Stärke zu halten, abgesehen von der
2095 2414 3411 2583 Möglichkeit, dass die T. selber in einiger
2138 2501 2928 2633 Vorstellung zurückkam.
2128 2596 3235 2712 Alles Gute für alles Amtslerische
2786 2676 3448 2742 an Ihrem von Beitung
