<?xml version="1.0" encoding="UTF-8" standalone="yes"?>
<PcGts xmlns="http://schema.primaresearch.org/PAGE/gts/pagecontent/2013-07-15" xmlns:xsi="http://www.w3.org/2001/XMLSchema-instance" xsi:schemaLocation="http://schema.primaresearch.org/PAGE/gts/pagecontent/2013-07-15 http://schema.primaresearch.org/PAGE/gts/pagecontent/2013-07-15/pagecontent.xsd">
    <Metadata>
        <Creator>prov=READ-COOP:name=TrHtr:version=2.1.0:model_id=51170:date=25_07_2023_23:35</Creator>
        <Created>2023-05-02T07:45:02.783+02:00</Created>
        <LastChange>2023-07-25T23:35:04.753+02:00</LastChange>
        <TranskribusMetadata docId="1416705" pageId="54951227" pageNr="320" tsid="130849979" status="IN_PROGRESS" userId="64420" imgUrl="https://files.transkribus.eu/Get?id=TMBATOGKOXQHWZAWDGICBSQR&amp;fileType=view" xmlUrl="https://files.transkribus.eu/Get?id=XESQTRGNQPVRXXXEESXVXYST" imageId="44454953"/>
    </Metadata>
    <Page imageFilename="1416705_0320.jpg" imageWidth="3960" imageHeight="4071">
        <ReadingOrder>
            <OrderedGroup id="ro_1711829799451" caption="Regions reading order">
                <RegionRefIndexed index="0" regionRef="tr_1"/>
            </OrderedGroup>
        </ReadingOrder>
        <TextRegion id="tr_1" custom="readingOrder {index:0;}">
            <Coords points="259,630 3766,630 3766,3457 259,3457"/>
            <TextLine id="tr_1_tl_1" custom="readingOrder {index:0;}">
                <Coords points="2602,716 2620,714 2646,735 2677,729 2699,741 2731,722 2741,727 2759,712 2781,714 2777,612 2747,614 2725,600 2691,616 2654,602 2630,614 2598,610"/>
                <Baseline points="2611,680 2656,683 2701,683 2745,683 2784,689"/>
                <TextEquiv>
                    <Unicode>279</Unicode>
                </TextEquiv>
            </TextLine>
            <TextLine id="tr_1_tl_2" custom="readingOrder {index:1;}">
                <Coords points="2809,803 2976,781 3089,839 3357,817 3443,865 3576,835 3582,680 3383,700 3254,660 3198,694 3011,727 2813,718"/>
                <Baseline points="2820,784 2823,781 2868,781 2912,778 2957,775 3002,773 3047,773 3092,773 3136,770 3181,767 3226,764 3271,764 3315,761 3360,761 3405,758 3450,758 3494,755 3539,755 3584,755"/>
                <TextEquiv>
                    <Unicode>Berlin WW. 40, den 14.11.1884</Unicode>
                </TextEquiv>
            </TextLine>
            <TextLine id="tr_1_tl_3" custom="readingOrder {index:2;}">
                <Coords points="2006,845 2071,863 2204,797 2278,803 2304,785 2328,803 2375,793 2477,853 2534,845 2538,686 2409,660 2339,672 2262,718 2008,733"/>
                <Baseline points="2017,832 2047,823 2092,811 2136,790 2181,778 2226,773 2271,773 2316,770 2360,773 2405,778 2450,793 2495,808 2539,820"/>
                <TextEquiv>
                    <Unicode>Tessing-Theater</Unicode>
                </TextEquiv>
            </TextLine>
            <TextLine id="tr_1_tl_4" custom="readingOrder {index:3;}">
                <Coords points="264,886 533,821 1805,813 1805,757 1634,696 831,779 268,755"/>
                <Baseline points="277,820 289,817 334,820 379,826 423,826 468,826 513,826 558,823 602,823 647,823 692,820 737,817 781,814 826,808 871,808 916,805 961,805 1005,802 1050,799 1095,799 1140,799 1184,793 1229,790 1274,787 1319,787 1363,787 1408,784 1453,787 1498,787 1543,784 1587,778 1632,781 1677,781 1722,784 1766,787 1811,796"/>
                <TextEquiv>
                    <Unicode>Hoffentlich steht Ihre Minstener Vorlesung</Unicode>
                </TextEquiv>
            </TextLine>
            <TextLine id="tr_1_tl_5" custom="readingOrder {index:4;}">
                <Coords points="2194,845 2208,849 2228,841 2234,847 2246,847 2260,841 2282,851 2294,845 2302,853 2359,847 2361,803 2349,805 2334,795 2324,799 2304,785 2276,803 2242,795 2232,801 2196,797"/>
                <Baseline points="2205,835 2250,832 2295,832 2339,832 2363,835"/>
                <TextEquiv>
                    <Unicode>Direktion</Unicode>
                </TextEquiv>
            </TextLine>
            <TextLine id="tr_1_tl_6" custom="readingOrder {index:5;}">
                <Coords points="2103,936 2139,944 2155,934 2174,948 2196,946 2218,968 2278,932 2401,948 2421,932 2445,938 2447,869 2399,867 2385,853 2375,861 2349,847 2308,859 2262,841 2159,869 2105,865"/>
                <Baseline points="2116,910 2139,904 2184,901 2229,901 2274,901 2319,898 2363,898 2408,898 2453,895"/>
                <TextEquiv>
                    <Unicode>Dr. Otto Brahm.</Unicode>
                </TextEquiv>
            </TextLine>
            <TextLine id="tr_1_tl_7" custom="readingOrder {index:6;}">
                <Coords points="276,954 477,1002 1006,932 1439,964 1686,920 1817,974 1835,865 1572,819 1364,865 1111,829 986,918 817,859 600,922 278,888"/>
                <Baseline points="286,940 319,943 364,946 408,946 453,946 498,946 543,946 587,949 632,946 677,943 722,943 767,946 811,940 856,934 901,931 946,931 990,931 1035,928 1080,925 1125,919 1169,916 1214,913 1259,913 1304,913 1349,913 1393,916 1438,913 1483,916 1528,916 1572,916 1617,919 1662,916 1707,919 1751,919 1796,922 1841,925"/>
                <TextEquiv>
                    <Unicode>du n'est un trèsse. Ihr hatte Ihnen ja aus</Unicode>
                </TextEquiv>
            </TextLine>
            <TextLine id="tr_1_tl_8" custom="readingOrder {index:7;}">
                <Coords points="254,1073 350,1129 455,1087 755,1133 847,1075 1216,1046 1624,1103 1858,1081 1860,994 1781,974 1467,1018 1127,970 783,1046 258,952"/>
                <Baseline points="265,1068 298,1071 343,1071 387,1077 432,1080 477,1080 522,1080 567,1077 611,1074 656,1074 701,1074 746,1074 790,1071 835,1068 880,1068 925,1062 969,1059 1014,1059 1059,1053 1104,1050 1149,1050 1193,1047 1238,1044 1283,1044 1328,1047 1372,1047 1417,1044 1462,1047 1507,1047 1551,1047 1596,1047 1641,1050 1686,1050 1731,1050 1775,1047 1820,1050 1865,1059"/>
                <TextEquiv>
                    <Unicode>Tepl Anfang Dec. als wahrsevalschen Gra¬</Unicode>
                </TextEquiv>
            </TextLine>
            <TextLine id="tr_1_tl_9" custom="readingOrder {index:8;}">
                <Coords points="260,1199 324,1236 767,1199 1051,1254 1338,1212 1523,1252 1767,1214 1767,1127 260,1149"/>
                <Baseline points="271,1196 292,1196 337,1199 382,1202 426,1202 471,1205 516,1205 561,1205 605,1205 650,1202 695,1202 740,1202 784,1199 829,1199 874,1199 919,1199 964,1199 1008,1193 1053,1193 1098,1196 1143,1193 1187,1193 1232,1193 1277,1193 1322,1190 1366,1190 1411,1190 1456,1190 1501,1187 1546,1187 1590,1190 1635,1187 1680,1187 1725,1187 1769,1190"/>
                <TextEquiv>
                    <Unicode>sal. Tein'n vermeldet; ud so hoffe ich</Unicode>
                </TextEquiv>
            </TextLine>
            <TextLine id="tr_1_tl_10" custom="readingOrder {index:9;}">
                <Coords points="2572,1336 2663,1320 2719,1344 2739,1324 2767,1326 2906,1366 3017,1348 3011,1240 2928,1252 2836,1226 2781,1268 2713,1266 2634,1222 2568,1248"/>
                <Baseline points="2581,1307 2626,1307 2671,1310 2715,1310 2760,1316 2805,1319 2850,1322 2895,1322 2939,1325 2984,1328 3020,1334"/>
                <TextEquiv>
                    <Unicode>Lieber Freund,</Unicode>
                </TextEquiv>
            </TextLine>
            <TextLine id="tr_1_tl_11" custom="readingOrder {index:10;}">
                <Coords points="248,1346 841,1338 1322,1407 1495,1350 1852,1366 1852,1306 1795,1280 1383,1222 1228,1304 1151,1260 1014,1302 749,1258 620,1314 248,1234"/>
                <Baseline points="259,1325 304,1322 349,1328 393,1334 438,1337 483,1343 528,1343 573,1343 617,1340 662,1337 707,1334 752,1331 796,1331 841,1334 886,1334 931,1334 975,1334 1020,1337 1065,1334 1110,1334 1155,1334 1199,1334 1244,1334 1289,1334 1334,1331 1378,1334 1423,1331 1468,1331 1513,1334 1557,1331 1602,1331 1647,1331 1692,1331 1737,1331 1781,1334 1826,1334 1856,1346"/>
                <TextEquiv>
                    <Unicode>bestimmt. Sie mit schön selbigtem Neder das,</Unicode>
                </TextEquiv>
            </TextLine>
            <TextLine id="tr_1_tl_12" custom="readingOrder {index:11;}">
                <Coords points="274,1527 590,1560 725,1497 904,1542 1193,1499 1674,1554 1823,1523 1821,1409 1691,1377 1385,1453 914,1391 745,1465 423,1411 272,1435"/>
                <Baseline points="283,1465 328,1459 373,1462 417,1471 462,1477 507,1477 552,1483 596,1483 641,1486 686,1486 731,1489 775,1492 778,1492 802,1471 847,1471 892,1471 937,1468 981,1468 1026,1468 1071,1471 1116,1471 1161,1474 1205,1474 1250,1474 1295,1477 1340,1477 1384,1477 1429,1480 1474,1480 1519,1477 1563,1477 1608,1477 1653,1477 1698,1480 1743,1480 1787,1486 1829,1489"/>
                <TextEquiv>
                    <Unicode>sich in schon. - Wir nehmen uns zu Theile</Unicode>
                </TextEquiv>
            </TextLine>
            <TextLine id="tr_1_tl_13" custom="readingOrder {index:12;}">
                <Coords points="2403,1554 2485,1590 2834,1550 3025,1592 3091,1564 3250,1566 3321,1604 3534,1588 3534,1507 3345,1465 3218,1507 3031,1451 2809,1519 2709,1477 2403,1491"/>
                <Baseline points="2414,1531 2459,1537 2504,1540 2548,1540 2593,1543 2638,1546 2683,1546 2727,1546 2772,1549 2817,1549 2862,1549 2907,1549 2951,1549 2996,1551 3041,1551 3086,1549 3130,1549 3175,1551 3220,1554 3265,1546 3309,1543 3354,1546 3399,1546 3444,1546 3489,1546 3533,1549 3539,1551"/>
                <TextEquiv>
                    <Unicode>an der Rise ein reuer Schütels</Unicode>
                </TextEquiv>
            </TextLine>
            <TextLine id="tr_1_tl_14" custom="readingOrder {index:13;}">
                <Coords points="296,1638 614,1616 890,1680 1057,1622 1276,1676 1614,1624 1890,1680 1856,1542 1630,1584 1453,1544 1318,1596 1095,1556 970,1602 648,1534 485,1584 296,1556"/>
                <Baseline points="307,1611 352,1605 396,1605 441,1611 486,1617 531,1617 576,1614 620,1617 665,1617 710,1617 755,1614 799,1614 844,1614 889,1620 934,1623 978,1623 1023,1623 1068,1623 1113,1626 1158,1629 1202,1629 1247,1629 1292,1629 1337,1635 1381,1635 1426,1632 1471,1626 1516,1620 1560,1620 1605,1620 1650,1620 1695,1620 1740,1623 1784,1626 1829,1632 1874,1641 1892,1644"/>
                <TextEquiv>
                    <Unicode>que y est ainsi un juge très. m'heuret</Unicode>
                </TextEquiv>
            </TextLine>
            <TextLine id="tr_1_tl_15" custom="readingOrder {index:14;}">
                <Coords points="2401,1660 2654,1664 2747,1703 2916,1672 3367,1703 3594,1678 3592,1584 3486,1574 2930,1654 2844,1614 2767,1642 2399,1590"/>
                <Baseline points="2411,1644 2456,1647 2501,1653 2545,1656 2590,1659 2635,1659 2680,1662 2724,1665 2769,1668 2814,1668 2859,1668 2904,1671 2948,1671 2993,1671 3038,1671 3083,1671 3127,1674 3172,1674 3217,1674 3262,1674 3306,1674 3351,1677 3396,1680 3441,1677 3486,1674 3530,1671 3575,1674 3599,1677"/>
                <TextEquiv>
                    <Unicode>wird mich der alte hindern, scheint</Unicode>
                </TextEquiv>
            </TextLine>
            <TextLine id="tr_1_tl_16" custom="readingOrder {index:15;}">
                <Coords points="284,1719 586,1787 815,1751 1244,1817 1709,1773 1900,1817 1896,1715 1852,1703 1324,1713 1205,1660 988,1721 284,1668"/>
                <Baseline points="295,1713 340,1713 385,1722 429,1728 474,1734 519,1737 564,1740 608,1743 653,1745 698,1745 743,1745 787,1745 832,1745 877,1748 922,1754 967,1757 1011,1760 1056,1763 1101,1763 1146,1757 1190,1760 1235,1763 1280,1766 1325,1766 1369,1763 1414,1769 1459,1769 1504,1769 1549,1769 1593,1769 1638,1769 1683,1772 1728,1775 1772,1778 1817,1784 1862,1793 1904,1799"/>
                <TextEquiv>
                    <Unicode>mit, immer schleibenden Influeriertheit hebben</Unicode>
                </TextEquiv>
            </TextLine>
            <TextLine id="tr_1_tl_17" custom="readingOrder {index:16;}">
                <Coords points="2423,1801 2999,1807 3232,1854 3451,1797 3631,1831 3629,1733 3472,1727 3339,1785 3218,1751 3140,1787 3011,1709 2934,1741 2781,1684 2695,1733 2423,1749"/>
                <Baseline points="2435,1775 2480,1778 2524,1781 2569,1778 2614,1778 2659,1784 2704,1784 2748,1784 2793,1787 2838,1787 2883,1793 2927,1796 2972,1796 3017,1799 3062,1802 3106,1805 3151,1805 3196,1805 3241,1802 3286,1802 3330,1802 3375,1802 3420,1799 3465,1796 3509,1796 3554,1793 3599,1793 3632,1796"/>
                <TextEquiv>
                    <Unicode>es. Wir heben diese Tage Anatol</Unicode>
                </TextEquiv>
            </TextLine>
            <TextLine id="tr_1_tl_18" custom="readingOrder {index:17;}">
                <Coords points="304,1916 644,1896 823,1964 1129,1902 1280,1948 1554,1906 1866,1940 1862,1823 1731,1807 1292,1860 976,1805 300,1801"/>
                <Baseline points="310,1841 355,1850 399,1856 444,1862 489,1865 534,1865 579,1871 623,1871 668,1877 713,1874 758,1874 802,1877 847,1883 892,1883 937,1883 981,1883 1026,1880 1071,1883 1116,1889 1161,1889 1205,1892 1250,1895 1295,1895 1340,1895 1384,1898 1429,1901 1474,1904 1519,1907 1563,1907 1608,1907 1653,1910 1698,1913 1743,1913 1787,1916 1832,1922 1871,1931"/>
                <TextEquiv>
                    <Unicode>sehr viel alter Wien empfohlen ist. Das</Unicode>
                </TextEquiv>
            </TextLine>
            <TextLine id="tr_1_tl_19" custom="readingOrder {index:18;}">
                <Coords points="2435,1944 3043,1924 3208,1980 3282,1926 3526,1934 3542,1862 3262,1878 3156,1839 3051,1874 2930,1835 2813,1880 2733,1835 2433,1833"/>
                <Baseline points="2447,1886 2492,1892 2536,1898 2581,1901 2626,1907 2671,1907 2715,1910 2760,1910 2805,1910 2850,1910 2895,1913 2939,1916 2984,1922 3029,1922 3074,1922 3118,1925 3163,1925 3208,1925 3253,1925 3297,1922 3342,1919 3387,1919 3432,1919 3477,1916 3521,1919 3548,1925"/>
                <TextEquiv>
                    <Unicode>arragirt, wollen am 15. mit der</Unicode>
                </TextEquiv>
            </TextLine>
            <TextLine id="tr_1_tl_20" custom="readingOrder {index:19;}">
                <Coords points="272,1984 529,2063 996,2039 1232,2101 1379,2047 1443,2093 1880,2135 1874,2025 1737,1968 270,1926"/>
                <Baseline points="283,1963 328,1972 373,1984 417,1990 462,1990 507,1993 552,1996 596,1999 641,1999 686,2002 731,2005 775,2002 820,2005 865,2008 910,2011 955,2014 999,2017 1044,2020 1089,2023 1134,2023 1178,2026 1223,2023 1268,2023 1313,2026 1357,2029 1402,2032 1447,2035 1492,2041 1537,2047 1581,2050 1626,2053 1671,2053 1716,2056 1760,2056 1805,2059 1850,2062 1880,2068"/>
                <TextEquiv>
                    <Unicode>sind in die Widersprüche des Lebens. Grev.</Unicode>
                </TextEquiv>
            </TextLine>
            <TextLine id="tr_1_tl_21" custom="readingOrder {index:20;}">
                <Coords points="2423,2083 2665,2089 2783,2043 2968,2089 3077,2045 3220,2051 3290,2093 3604,2087 3618,1996 3552,1974 3409,2023 3180,1964 2991,2006 2946,1974 2626,1988 2419,1948"/>
                <Baseline points="2432,2008 2477,2008 2521,2011 2566,2017 2611,2023 2656,2029 2701,2032 2745,2035 2790,2035 2835,2038 2880,2038 2924,2038 2969,2041 3014,2044 3059,2044 3103,2044 3148,2047 3193,2050 3238,2047 3283,2044 3327,2044 3372,2041 3417,2044 3462,2044 3506,2044 3551,2047 3596,2050 3626,2056"/>
                <TextEquiv>
                    <Unicode>Bühnepraha beginnen und – wenn</Unicode>
                </TextEquiv>
            </TextLine>
            <TextLine id="tr_1_tl_22" custom="readingOrder {index:21;}">
                <Coords points="2451,2133 2596,2176 2705,2161 2797,2206 2902,2161 3097,2165 3240,2186 3311,2238 3433,2176 3586,2192 3584,2145 3500,2113 2997,2123 2878,2063 2751,2105 2451,2105"/>
                <Baseline points="2462,2131 2507,2131 2551,2133 2596,2139 2641,2142 2686,2145 2730,2145 2775,2151 2820,2154 2865,2154 2909,2157 2954,2154 2999,2154 3044,2157 3089,2160 3133,2163 3178,2163 3223,2166 3268,2169 3312,2166 3357,2166 3402,2169 3447,2166 3491,2166 3536,2169 3581,2172 3590,2175"/>
                <TextEquiv>
                    <Unicode>nicht die Theater verschauf den</Unicode>
                </TextEquiv>
            </TextLine>
            <TextLine id="tr_1_tl_23" custom="readingOrder {index:22;}">
                <Coords points="1274,2228 1330,2224 1371,2208 1391,2220 1423,2194 1451,2208 1523,2194 1513,2095 1475,2089 1441,2117 1399,2113 1312,2077 1256,2087"/>
                <Baseline points="1274,2154 1319,2163 1363,2172 1408,2181 1453,2184 1498,2187 1531,2187"/>
                <TextEquiv>
                    <Unicode>mispt</Unicode>
                </TextEquiv>
            </TextLine>
            <TextLine id="tr_1_tl_24" custom="readingOrder {index:23;}">
                <Coords points="2481,2282 2634,2300 2687,2341 2777,2298 2846,2341 2944,2296 3003,2341 3494,2304 3604,2332 3600,2202 3554,2184 3212,2260 3069,2222 2928,2250 2759,2184 2673,2230 2479,2184"/>
                <Baseline points="2492,2268 2536,2268 2581,2268 2626,2271 2671,2277 2715,2277 2760,2277 2805,2280 2850,2283 2895,2283 2939,2283 2984,2283 3029,2283 3074,2286 3118,2289 3163,2292 3208,2289 3253,2289 3297,2292 3342,2292 3387,2295 3432,2292 3477,2292 3521,2295 3566,2295 3608,2298"/>
                <TextEquiv>
                    <Unicode>guten Georg viele werk Lehn</Unicode>
                </TextEquiv>
            </TextLine>
            <TextLine id="tr_1_tl_25" custom="readingOrder {index:24;}">
                <Coords points="1425,2373 1459,2391 1481,2389 1530,2351 1550,2353 1566,2343 1590,2343 1624,2363 1648,2363 1646,2248 1596,2222 1544,2216 1501,2252 1485,2246 1441,2272 1423,2268"/>
                <Baseline points="1435,2339 1480,2342 1525,2342 1569,2342 1614,2342 1653,2345"/>
                <TextEquiv>
                    <Unicode>O.</Unicode>
                </TextEquiv>
            </TextLine>
            <TextLine id="tr_1_tl_26" custom="readingOrder {index:25;}">
                <Coords points="2483,2397 2624,2433 2920,2417 3266,2483 3474,2423 3620,2463 3616,2353 3349,2399 3164,2320 2995,2385 2866,2341 2777,2367 2481,2324"/>
                <Baseline points="2495,2384 2539,2387 2584,2393 2629,2396 2674,2402 2718,2405 2763,2408 2808,2408 2853,2408 2898,2411 2942,2411 2987,2414 3032,2420 3077,2417 3121,2417 3166,2417 3211,2417 3256,2414 3300,2414 3345,2417 3390,2417 3435,2417 3480,2420 3524,2426 3569,2429 3614,2429 3623,2432"/>
                <TextEquiv>
                    <Unicode>bescheit wider Erwarten - an 2.</Unicode>
                </TextEquiv>
            </TextLine>
            <TextLine id="tr_1_tl_27" custom="readingOrder {index:26;}">
                <Coords points="2496,2552 2771,2550 3101,2606 3395,2560 3683,2592 3681,2524 3580,2496 3496,2526 3333,2465 3123,2514 2948,2493 2920,2526 2659,2447 2493,2481"/>
                <Baseline points="2504,2516 2548,2521 2593,2527 2638,2536 2683,2545 2727,2545 2772,2548 2817,2551 2862,2557 2907,2557 2951,2560 2996,2560 3041,2563 3086,2560 3130,2563 3175,2563 3220,2560 3265,2557 3309,2557 3354,2560 3399,2560 3444,2563 3489,2563 3533,2569 3578,2572 3623,2575 3668,2584 3685,2584"/>
                <TextEquiv>
                    <Unicode>oder 3. December die 5 Stocke indst</Unicode>
                </TextEquiv>
            </TextLine>
            <TextLine id="tr_1_tl_28" custom="readingOrder {index:27;}">
                <Coords points="2514,2697 2741,2751 2870,2701 3087,2693 3180,2733 3353,2691 3681,2777 3763,2763 3759,2630 3711,2618 3415,2673 3282,2622 3137,2652 2858,2632 2759,2588 2687,2626 2512,2622"/>
                <Baseline points="2524,2674 2569,2671 2614,2671 2659,2677 2704,2677 2748,2680 2793,2680 2838,2680 2883,2683 2927,2686 2972,2686 3017,2686 3062,2689 3106,2689 3151,2689 3196,2692 3241,2692 3286,2692 3330,2692 3375,2692 3420,2695 3465,2695 3509,2695 3554,2698 3599,2701 3644,2704 3688,2707 3733,2713 3766,2718"/>
                <TextEquiv>
                    <Unicode>spielen. Die Besitzung ist: Monast:</Unicode>
                </TextEquiv>
            </TextLine>
            <TextLine id="tr_1_tl_29" custom="readingOrder {index:28;}">
                <Coords points="2526,2805 2813,2890 3107,2811 3200,2858 3333,2818 3594,2838 3580,2737 3431,2783 3296,2723 3252,2747 3152,2723 3089,2763 2910,2715 2793,2759 2526,2733"/>
                <Baseline points="2536,2799 2581,2799 2626,2805 2671,2811 2715,2814 2760,2817 2805,2811 2850,2811 2895,2805 2939,2802 2984,2805 3029,2805 3074,2808 3118,2808 3163,2808 3208,2808 3253,2811 3297,2814 3342,2814 3387,2814 3432,2814 3477,2817 3521,2817 3566,2820 3599,2820"/>
                <TextEquiv>
                    <Unicode>Risher; Sommerz - Tup an N.Y. ;</Unicode>
                </TextEquiv>
            </TextLine>
            <TextLine id="tr_1_tl_30" custom="readingOrder {index:29;}">
                <Coords points="2548,2948 2671,2928 2864,2970 2916,2932 2989,2960 3158,2930 3349,2974 3562,2930 3749,2962 3747,2848 3695,2842 3290,2888 2546,2860"/>
                <Baseline points="2557,2907 2602,2912 2647,2921 2692,2927 2736,2933 2781,2933 2826,2930 2871,2930 2915,2930 2960,2930 3005,2927 3050,2927 3095,2927 3139,2930 3184,2930 3229,2933 3274,2933 3318,2936 3363,2936 3408,2936 3453,2936 3497,2930 3542,2930 3587,2933 3632,2936 3677,2942 3721,2951 3754,2954"/>
                <TextEquiv>
                    <Unicode>Lossen-Vileerschärkirche. Sessin¬</Unicode>
                </TextEquiv>
            </TextLine>
            <TextLine id="tr_1_tl_31" custom="readingOrder {index:30;}">
                <Coords points="2526,3049 3059,3111 3214,3059 3592,3107 3707,3083 3705,2972 3677,2966 3294,2987 3200,2934 2846,3011 2602,2962 2524,2995"/>
                <Baseline points="2536,3023 2581,3032 2626,3038 2671,3044 2715,3050 2760,3056 2805,3056 2850,3056 2895,3056 2939,3056 2984,3056 3029,3056 3074,3047 3118,3047 3163,3044 3208,3047 3253,3050 3297,3050 3342,3053 3387,3053 3432,3059 3477,3056 3521,3053 3566,3056 3611,3056 3656,3062 3700,3062 3712,3065"/>
                <TextEquiv>
                    <Unicode>Abzleichssonper; Güter'sch-spivak;</Unicode>
                </TextEquiv>
            </TextLine>
            <TextLine id="tr_1_tl_32" custom="readingOrder {index:31;}">
                <Coords points="2538,3178 2640,3196 3017,3170 3129,3202 3375,3196 3373,3101 3148,3129 2926,3095 2852,3146 2713,3127 2634,3073 2536,3071"/>
                <Baseline points="2548,3160 2593,3157 2638,3163 2683,3169 2727,3169 2772,3172 2817,3172 2862,3169 2907,3169 2951,3169 2996,3169 3041,3169 3086,3166 3130,3166 3175,3166 3220,3166 3265,3169 3309,3172 3354,3178 3381,3184"/>
                <TextEquiv>
                    <Unicode>Thiense- Ihrzeits mögen.</Unicode>
                </TextEquiv>
            </TextLine>
            <TextLine id="tr_1_tl_33" custom="readingOrder {index:32;}">
                <Coords points="1771,3504 1787,3502 1793,3492 1803,3490 1819,3490 1837,3502 1862,3498 1819,3286 1803,3286 1785,3305 1773,3301 1765,3311 1733,3315"/>
                <Baseline points="1763,3408 1808,3417 1853,3426"/>
                <TextEquiv>
                    <Unicode>4.</Unicode>
                </TextEquiv>
            </TextLine>
            <TextLine id="tr_1_tl_34" custom="readingOrder {index:33;}">
                <Coords points="531,3459 636,3421 1153,3459 1477,3417 1620,3437 1636,3268 1208,3371 940,3383 819,3345 729,3371 650,3335 531,3365"/>
                <Baseline points="543,3432 587,3435 632,3432 677,3429 722,3426 767,3426 811,3429 856,3429 901,3432 946,3432 990,3438 1035,3444 1080,3447 1125,3444 1169,3444 1214,3441 1259,3438 1304,3435 1349,3432 1393,3432 1438,3429 1483,3423 1528,3423 1572,3423 1617,3429 1641,3432"/>
                <TextEquiv>
                    <Unicode>" Ich einen erffahren lassen</Unicode>
                </TextEquiv>
            </TextLine>
        </TextRegion>
    </Page>
</PcGts>
