4004 4087
950 989 1134 1114 273
367 982 565 1111 Bwohn
1302 1293 1857 1458 rinning 29.6.11
710 1538 1860 1696 Liebe Freund, ich drücke zum Frau
716 1692 1848 1837 und Ihnen noch mein höchliches Re¬
708 1826 1819 1957 dander aus, dass ich gestern nicht
712 1930 1782 2080 lamen konck; so werde ich wol
714 2084 1841 2209 um den Abstied von der Spöttelgasse
710 2184 1807 2350 kommen? - Ich behan eine heftige
728 2316 1835 2460 Anhaltung mit Dienhre erhältet
710 2431 1825 2626 Tempratur, herz: ein echselhefter
723 2561 1862 2730 Zustand und der etwas gab mir die
739 2726 1869 2878 Gleich ich vereinstigste Weisung, gleich
1152 2832 1320 2898 hierhel
741 2841 1842 2978 mit "Schleftungen" durchzufallen, im
1964 928 3375 1052 ich wieder der Arzt etc hätte. Da bin ich
1975 1050 3402 1181 denn recht wegemisde angekommen, aber die
1982 1200 3372 1286 eigentliche Zustand’ ist schon vorühr und
2012 1279 3440 1431 ich beabsichtige baldigst wieder ein Namel¬
2016 1413 2579 1528 merk in werden
2037 1513 3467 1721 Oven In - nachstens, hoff ue – hirauf het man,
2027 1655 3425 1816 imelken In sich doch einen Tag vorher hilte,
2036 1780 3422 1930 damit sie mich wohl mit dem w. Z.
2050 1871 3490 2039 ruher beschäftigen kann: denn das ist ein¬
2102 2012 3123 2170 zu weiten Feld’ (sagt Fontane)
2860 2130 3209 2309 He ist mr
3164 2316 3332 2458 Sr
