3951 4087
1265 322 1402 476 in
2291 372 2402 461 11
2566 621 2730 731 297
2683 672 3448 795 Berlin WW. 40, den. 27. 9. 1911.
2001 666 2418 807 ling-Theater
1894 743 2273 870 Direktion
186 735 1661 868 and an Nicht genannten gesagt sein soll.
1971 822 2346 959 Dr. Otto Brahm.
219 830 1746 969 Sande konnten wil nun doch nicht nehmen
231 969 1759 1117 er geht wieder vflechter, heim Schritt.
253 1101 1738 1192 allein und man wirke rück, wie man
253 1214 1803 1352 ihn durch die (halb'sche) hell bringen
2487 1178 2993 1364 Lieber Freund
233 1342 1734 1449 sollte. Es hat also Rächer den Aigner
243 1449 1704 1583 Frobin den Natter (wird gehen, ahae
2256 1429 3535 1587 es tat mir sehr leid, dass Fraublga
257 1577 1730 1751 freilish die Reisher- Höhe ahren nn lusny
2273 1585 3511 1716 von diesem langwierigen Übel gegenült,
229 1678 1823 1831 Frest den Rhon Zierd der Paal Vatter
2281 1710 3505 1856 wird und ich hoffe, Sie hönnen
231 1805 1825 1973 den Gustav. My Trer Rhoa ist me our
2289 1831 3610 1959 nun bald reisen und andre Luft
241 1927 1856 2082 Arbeit, die sich durch die Rolle degréderte
2303 1955 3633 2107 ethmen, als die jetzt auf Ihnen lastet!
241 2034 1831 2202 fühlek (sie ist die Rolle, wirklich sehr
2366 2111 3612 2230 Dan Sie Beide mit meinen Büspern
245 2159 1813 2331 hlim) an The Chusius gewandit. Des
2352 2214 3519 2370 beschäftigt sind, freut nicht. Wir
255 2303 1765 2475 Eu hohe blieb wie geplent. Dr Meyer :
2350 2364 3519 2524 revenstiren aus durch Vertieferf.
249 2416 836 2578 Wassenian Dr.
2360 2483 3499 2641 das W. A. Land. Syngilprohn
255 2548 1874 2708 Die Contraction Pänzchen-Mihri sch ist
2370 2615 3610 2754 waren schon vorige wagte, überwissen
285 2655 1771 2819 geen my Ihnen gesegnet. Und gete our
2364 2718 3566 2874 fangen die Bührenproben an. Es
281 2787 1732 2955 "Hoffury, Andrugh, dass Sie diesmal
2384 2837 3618 2999 erst alles mit 9 ihr bei der Tage.
275 2906 1902 3137 die Bahr-Schausen noch sicherst empfinden
2380 2955 3560 3115 Mornard, Suria raspresen – sat
295 3034 1767 3266 als heim Concat. Haute M Tore
2380 3068 3592 3262 an werden – womit nichts gegen die
3420 3228 3606 3374 Witsen
