4063 4135
2125 751 3621 892 meister Meister sich im Verdacht des
2156 876 3646 992 Gegentheils haben. Ich meine ihr, dass
2192 984 3652 1114 an der Stelle an ich stehe, es Pflicht
2196 1065 3648 1222 est derzeigen, von denen man etwas hält
2208 1200 3586 1334 in mogliest feier and vollkamener
2220 1307 3684 1473 Wise das Wort an lassen aus dem,
2241 1422 3563 1546 was man dheer Vorheben wopfelud
2279 1538 3598 1660 gegenührtigkeit. Gerade wol von den
2295 1629 3584 1783 Theaterdirgen mehr als von andern
2289 1764 3684 1903 guten Dingen in dieser Welt, das Wort
2299 1864 3681 2005 Gilt: nichts gewisses weiss man nicht
2306 1974 3715 2119 hin ich, so wert die prcht'schen Erwä¬
2330 2065 3684 2247 gungen iset weigend entgefasshen, ge
2345 2183 3767 2328 ment, approbten Tàsédu en rêses, man
2364 2291 3630 2461 auch gemagtes Tärische erzubieten,
2360 2430 3760 2588 und dass in diesem Falle der Wägende
2378 2536 3628 2683 gewonnen hat, ist sie eine grosse
2397 2633 3708 2818 und dauernde Freude und Genug¬
2409 2739 2704 2924 thany
2810 2856 3341 2999 Gleichst geistet
3335 2947 3449 3073 me
3383 3042 3694 3177 Berlin
2177 3080 3684 3289 Ceber ein Vaiffertielung oder mindliche
2202 3204 3754 3364 Benslung wurde Abmekung schon ptat late
2225 3285 2963 3405 ich nichts einen wenden.
