4000 4089
353 727 1962 874 Zeit hätten in ordentlichen Proben. Wir beginne
379 844 1922 996 ründig auf Grund soeben getroffener Abrede,
419 956 1970 1100 am 4. Mai, und haben nur alle Hände voll in
413 1074 1976 1222 than, um einen höchst emplisirten Protemplan
427 1204 1988 1343 durchzuführen. Sie scheint sich das Raisonna¬
445 1312 1942 1415 telsk den Juhan des R. der itztens nach
463 1439 1920 1567 hende und feindre Momert hat und den
493 1547 1859 1685 mit ein in Güternhausen und Salten
503 1639 1996 1801 Markele grötter Competenter merträglich
523 1783 1932 1932 und höchst gefahrvoll finden wird - aber
553 1912 1938 2046 es schönt sich, dass wir nachsahm müssen
565 2012 1968 2142 den R. tenet zu machen. Ich werde also an¬
585 2142 2064 2278 nicht mit ihm an geindliche Rochspreite
595 2254 1990 2366 nehmen (mit ihm vermuthlich jetzt un¬
625 2366 1960 2545 (inplössel finden als auf den Posten)
639 2511 1904 2599 ihn dann nochmals auscher und
669 2599 2024 2741 eventuell in Wien, eine Proben fie ihn
671 2703 2000 2857 ansehen, denn Sie darum beimtere
657 2827 2088 2986 Ain ide der Julian wird d freilich heim¬
711 2956 2042 3070 werden – aber giebt es den? Immeuthet mir
717 3058 2054 3200 2v Juhlen; aux et rentest du Rolle
739 3164 1669 3324 nicht zwischen gewiesen hätte.
2697 619 2853 745 201
2224 703 2623 878 sing=Theater
2829 735 3681 902 Berlin plW. 40, den 22.4 1906
2292 822 2467 892 Direction
2184 872 2565 966 Dr. Otto Brahm.
2679 1200 3168 1377 Liebe Freund!
2535 1493 3761 1621 der Intien des Her R. ist freilich
2328 1615 2483 1745 übel.
2561 1615 3775 1763 erst ausgefallen und ich wollte un
2561 1739 3757 1865 könnte den andern R. dafür zurich¬
2577 1855 3639 1964 gewinnen: leider sche ich dass
2579 1972 3721 2104 für gar heere Möglichheit, die
2627 2094 3779 2196 ich ist diesem, aus den behurten
2625 2172 3779 2318 Schieden auf sehr aufreandlichen Fuss
2607 2302 3743 2451 hin und ihm ausserdem früher
2619 2435 3779 2551 schon engeregt hah a solle om
2655 2533 3797 2675 in ihm rubignemen Rolle befreit
2655 2635 3713 2779 bliten. Ein unter Besetzung
2685 2755 3769 2911 sche ich auch nicht; dann H. Paty,
2683 2869 3795 3006 der ich für die Rolle interessirt,
2699 2990 3781 3118 word I have in many wee not als
2689 3074 3787 3212 in Vereichende erscheinen – ganz
2709 3188 3681 3326 abgeschehen darum, dass wir hier
