4004 4087
240 812 1426 981 nicht mit dieser betätigen will.
284 900 1792 1127 Glofrisser-MornardYenia-Priesse  Otto
278 1032 1901 1282 gehält, Natten- Rechter einverstanden. Lehren¬
290 1196 1903 1408 Meinhold ause, man es mit der reitlichen Dis¬
295 1306 1830 1523 position zusammen gelet; man könnte auch
319 1438 1891 1672 an die Lossen denken, Aigner – Jann ja, von
280 1560 1763 1814 en gesand ganz nicht; fortgegangen ist er
278 1676 1802 1997 wider, leder in reeet ikla valfassay
299 1796 1881 2151 mit des hönnen wir bald mündlich besprechen,
315 1966 1875 2267 benn es ist diesesk wahrkonlichkeit, dass
319 2035 1790 2385 oh auf der Freundiggehre. Da wollen wir
307 2202 1885 2513 auch die Zitfrap abhandeln, der in bisschen
295 2368 1857 2647 complicirt ist bei Ihnen wie bei mir; aber
301 2476 1938 2793 ich bin gewiss, mit deren werden Ihnen Riechter
295 2622 1901 2890 bavlen. Wenn Sie einfall Nortst etc. 3
286 2722 1915 3104 acceptiren (1. Bjorann? Hagefeld) und wir
278 2884 1806 3201 glik in Reiren. - Ich müsste Ihnen den,
260 3006 1855 3333 in Wien aber auf den 7, aus weinige Ge¬
280 3171 1871 3441 Müsse und die wendlichen Gegen dienzelkeiten
282 3323 1769 3587 (mackx) eisennen : t 1 x & 1 = 31 sepe; n. A. ist
2379 323 2515 506 1/1
2608 733 2789 900 271
2052 841 2592 991 Tesling-Theater
3469 861 3593 971 1910
2844 855 3248 971 Berlin WW. 40, den
3280 886 3437 1008 le reste des
2263 918 2413 993 Direktion
2147 987 2500 1101 Dr. Otto Brahm.
2958 1060 3549 1225 Karlsted 21.6.14.
2602 1316 3075 1532 Liebe Freih
2358 1566 3662 1788 Une Spiele het ich mit grosser Freude
2344 1720 3634 1889 Gelesen und danken Ihnen sehr dass Sie
2334 1859 3664 2056 es res überlassen wollen. Es arheinte
2340 1985 3672 2202 mir nicht nur ächterste als ein Höhe
2328 2115 3624 2322 punkt in Ihrem Schiffer (etwa den
2332 2220 3640 2452 Ausamee Wy' neke, mit nu ausge-
2348 2368 3553 2574 neichnet in der Charikteristik - den
2318 2476 3668 2722 Friedrich empfinde ich als ein Ihrer besten¬
2322 2616 3681 2884 Gestellen - sodann auch darauf neuerlich
2342 2773 3699 2982 in Tte, den ik, wenn Sie nichts dagegen
2336 2868 3585 3142 haben, als printillistische Ansprüssen
2336 3014 3632 3246 möchte. Wie weit sich der auf die
2332 3148 3652 3396 Bühne beharptet, ist freilich in Pro¬
2295 3262 3585 3463 kleine; ein eines, an dessen Lösung ist
