4040 4104
1059 454 1172 580 : 1
3399 416 3660 563 1
1252 462 1362 594 " "
2876 716 2976 835 78
304 846 1842 1002 welft sehr erlegleifig. Eben ich werde
2836 822 3753 971 Berlin N. W., den 1. 9
349 965 1737 1078 sie gern noch einmal lesen und in
331 1032 1812 1208 Zusammenberg mit den Geschwistern, die
350 1138 1555 1319 S'e n'a or anrheilsk
1273 1166 1542 1239 schilden
1633 1250 1760 1314 in
375 1258 1777 1427 erfassen sehen. Auf das zwisc Stich
2662 1304 3376 1438 Liebe & Herr Schützld
362 1379 1850 1538 tin ich sehr neaglich und fiere mich
375 1469 1758 1633 überheyt, dass Sie mit Ihren Plänen¬
2455 1566 3575 1683 auch nicht ist es lieber mein
373 1565 1846 1762 jetzt wieder hin Theater und auch beim
3612 1582 3717 1672 Sr.
2463 1662 3638 1836 dem Lantenburg, der doch für die
375 1666 1381 1825 Deutschen Thechl von wesen.
2470 1777 3725 1940 Liebelei nicht das richtige Quartier
383 1789 1785 1949 Halten Sie also zu Wort mit kennen
2478 1900 3730 2057 sein würden, absagen und ich will
427 1890 1896 2078 I.e „jederfalls“ an den 10. Sept.“
2486 2005 3715 2175 misch gern verpfassiten du Neuen.
416 2030 1442 2162 den Rinchten in der Spass.
2501 2097 3719 2258 shdllay with in diesd Saison
913 2187 1911 2321 Mit häuslichem Grossen und
2518 2239 3686 2392 und werde in guter Theaterzeit
1302 2309 1796 2459 Wirken Ihr
2516 2350 3828 2507 Sie veranstatten; und auf den Termin
2512 2455 3750 2624 „his Neupliz”, hette ich Sie nicht
1668 2455 1932 2578 Witsn
2530 2562 3633 2731 en bestehen, das lässt sich an
2537 2671 3727 2848 schul übersche heute, und es ist
2543 2804 3805 2964 doch auch ihr Interesse nicht, wenn
2526 2894 3796 3108 ein Termin ausgemacht wird, in
2528 3030 3769 3225 der vielleicht andre Attractionen
2547 3162 3797 3359 etwa Ihr eigener dinalitärttent.
