3929 4104
145 782 1714 978 Hier ist es warderschrie; und Sie sollten Ihrem
155 892 1602 1074 Horm in a Hoss gehen und stet einsam
172 1031 1651 1152 siderierts an pilgeln hier an meiner grönen
188 1111 1706 1258 Sich Döne, Segel hartsscheit und verbassen
215 1223 1677 1367 Somantagige giassen. Ihr letztere für
223 1317 1575 1463 nich; geparinty ist noch Verein hil.
254 1448 1588 1626 on a he Dienstg in the/sh Kjurland
276 1532 1686 1692 Kemplina Comitet (Hie wissen doch Gewiss)
288 1663 1483 1804 in das liegt ?  ebsaust; und Sie
305 1745 1540 1937 horen, wenn Sie mit Kärstin fortf
333 1882 1667 1995 sind, in der That nichts Gescheidtes
340 1962 1696 2140 than, als herkomen und ich von mir
331 2123 1796 2299 durch meine bestiedig mehmenden Dirations-
352 2209 1671 2375 auger eine Stärk d'siter treiben lassen.
362 2353 1612 2494 Dan vereiniger sich Ihre gebracht
395 2445 1708 2610 zum Sprechen mit der meinigen (n. dass
430 2539 1579 2733 4o etwas schreiben; schlechter Deutre,
425 2680 1731 2850 entschuldigen Sie, und das Resultat wird
438 2788 1755 2993 eine Helpolman Freilust - Dirkung.
475 2901 1215 3018 Also, auf Wiederschen.
1072 3007 1628 3159 Viele Germ Kies
1420 3120 1792 3339 H. P.D.
