3957 4121
2758 713 2916 805 102
292 768 1781 926 ich aus zwei Glieder hier frühre Zeit
2742 797 3717 986 Berlin N. 20., den 13. März 1902
306 891 1939 1033 gedeutiren möchte: distens weil ich heffentlich
2524 949 2869 1086 Herrn
308 1010 1857 1144 im vntergehenden Theil der Sison von Ihnen
2481 1021 3691 1220 Dr. Äthner Schmitzler
318 1123 1904 1277 etwas Neues aufzuführen hete, und dann
2760 1136 3728 1339 Wien IX dränkz. 1
337 1249 1818 1399 wol ist noch in Stich von Bernstein,
2206 1267 3686 1493 Sehr geehrter Herr Doctor:
357 1374 1904 1495 in Mili hab aus eine gewisse Anlich¬
374 1470 1752 1625 heit mit dem Steffhrers der Lichter¬
2458 1438 3742 1678 die Direction hat in Aus¬
382 1629 1764 1733 beitet und dass ich deshalb nicht
2158 1577 3744 1752 sicht genommen, die „Liebelei“
2148 1680 3699 1871 nächstens wieder aufzum
411 1707 1867 1855 in en grosse Wähe der älteren Freundin¬
2130 1805 3728 1939 men, Nun hat aber auch das
390 1832 1914 1996 rücken möchten. Aus diesen Gründen würde
2128 1885 3670 2093 Schiller-Theater das Aufsüh¬
386 1941 1926 2107 Uhr also bitten, mir etwas mehr, Spielmann,
2115 1998 3695 2187 rungsrecht erworben und
400 2072 1033 2202 einzule Gewähren.
2111 2126 3738 2296 es wäre mißlich, wenn wir
433 2195 1939 2321 Bei Wischen glatt ich wohl eine Theater
2078 2232 3713 2364 mit diesem collidiren sollten,
446 2288 1776 2430 wahrscheit besonders in der Feudrissen
2087 2325 3723 2469 Wir können uns beim Weil.
427 2415 1852 2534 an respiren and dass er im Stil etwas
2070 2454 3695 2619 der - Theater nicht direit über¬
421 2508 1756 2651 Neues such -ich habe aber nicht den
2064 2553 3672 2740 dessen Absichten informieren
458 2604 1715 2760 Eindruck dass eis gefunden hat. Was
2058 2660 3684 2861 und da auch Herr Antecke sich
440 2719 1816 2861 die Giebt und wie es gieht werlet auf
454 2838 1844 2968 mich – verleihen Sie das harte Wort, das
2043 2777 3684 2906 außer Stande erklärt eine
2064 2881 3711 3093 vertrauliche Mittheilung zt ver¬
462 2908 1510 3089 aller Trot nicht als Presie¬
1093 3109 1676 3257 deralische Grüsse
1429 3239 1573 3315 was
1512 3263 1828 3411 O Berlin
1448 3389 1703 3518 am
