4016 4122
392 778 1927 923 einen Theil, und ich übersche im Augen¬
374 882 1950 1031 blöck und nicht ob vor alle Mann mit
416 1031 1958 1160 in das nach entschreibe Haus sollen kann
580 1131 1899 1270 Die Einnahmen der Einrichtet schwanken
457 1217 1940 1388 maliordy stark. Diersty 26or Donasty
449 1282 1893 1488 18 (ohre Ettorninert) Fusty 21, Smachend
419 1388 1933 1592 30, heute nur 34. also kein Sonntagsstich
439 1517 1889 1693 die nicht schwer zu tegreisen. Im Herzen
433 1611 1844 1799 bleibe ik atd dieses Orfolges frok med
443 1705 1935 1938 darf seÿen: diese Stunden gelieren in den
457 1840 1247 1995 schönsten meines Lehens.
1239 2011 1799 2185 Hasler grüsend
1435 2187 1595 2285 Mr
1501 2293 1819 2434 Bevius
504 2376 1827 2628 Kahada hinauk men etwa mit Hans
531 2521 1866 2748 ansammenghen. Die sind ja schon an
514 2658 1797 2913 diese Verhäpfung ist Mecklenburg
535 2766 874 2885 gewichtet.
2944 723 3048 864 97.
2860 843 3824 960 Berlin N. 20., den 22. / 190 2
2693 1345 3412 1492 Lieber Elen Schützler,
2409 1566 3504 1768 Sie werden ich unartlich Sorge.
3534 1597 3849 1723 Frl Fiesch
2438 1693 3847 1846 wird sich so einrichten den H sie, zunächst
2428 1799 3771 1964 for die Woche 2.-E. Februar und ähnlich
2440 1919 3765 2085 weiterhin for 2 Tye, and and niet
2452 2023 3746 2203 zwei zusammen liegende, nach Berlin etc.
2440 2119 3724 2307 Dieschkommt. Das beträgt freilich viel
2436 2236 3683 2442 Reisder ahe Sie ist eine erfahrene
2440 2356 3695 2562 Gustri und wandder ist ihre Last.
2470 2491 3697 2679 He sent theall an past Tufe
2452 2601 3642 2760 einen Wiegen denn sie möchte um
2458 2699 3785 2903 Gottes willen eine Unterstimmung nächsten,
2466 2820 3761 3060 die ich natürlich will ich im Noth¬
2458 2918 3561 3126 fall werden werde. Jedenfalls
2485 3030 3646 3218 dürfen sie annehmen, dass ihm
2475 3160 3728 3344 Interessen in heiter Weise nenem¬
