4077 4135
2793 592 2907 717 121
2781 694 3738 860 Berlin N. 20., den 2. 2. 1909
2624 1244 3331 1389 Lieber Herr Thikler
2387 1483 3677 1600 [illegible] meiner zu verspächter
2421 1577 3718 1735 we had a letter back for the gate.
2430 1689 3798 1858 Wite in der Lissig - Th. Partey
2471 1805 3730 1962 end for an vrsakly. Here, the
2486 1921 3812 2083 sich dass in oblicher Theileßierte ge¬
2506 2042 3404 2187 als ungeführt ausser
2506 2155 3723 2300 He Lehnd ist I am reffutlich
2525 2268 3755 2423 reger, und Ihr Zusammenwerben
2530 2404 3820 2563 mögen – so ist man zu meh – Wien
2539 2510 3169 2667 Fröchte eestepen!
2539 2624 3750 2781 Ora within Marty and folgerte
2558 2752 3810 2880 Tyt der Schiede vergören 1 hetßet
2561 2855 3742 2993 sich nicht in hare Futter, mit
2580 2959 3706 3107 dann wohl ein folgenden Montag,
2590 3059 3718 3213 der 16., mit den Böhmungrohr
2602 3167 3721 3307 nicht beginnen. Lesung meint, dass
