4142 4056
276 726 1833 860 verzeichnen und zugeschriebenen Deinen für
303 835 1770 988 Besieg - Thecht in ausschliesslicher Auffüllung
314 940 1860 1101 er überlassen: das er Fall liegt gern unders,
332 1079 1770 1204 als die werden uns zu rechnde – so segt
330 1198 823 1301 nem zu wohl.
346 1277 1875 1444 H. ist übrigens gestern angekommen mich liest
377 1417 1272 1547 mit mehr das Neue von
1097 1559 1712 1704 Heulie grösend.
1285 1693 1421 1842 Mr
1343 1761 1551 1920 On
2691 619 2859 763 177
2122 699 2528 827 ling=Theater
2716 712 3549 899 Berlin plW. 40, den 9.9.90
2190 790 2347 879 Direction
2075 868 2448 963 Dr. Otto Brahm.
2597 1198 3057 1427 Lieber Freund,
2308 1440 3537 1592 es freut nicht herzlich zu erfahren,
2320 1565 3552 1693 dass der Gattes friede mit dem Roy.
2318 1668 3469 1825 theuter wieder hergestellt ist. Mögen
2386 1790 3679 1970 gleich unterm Mittheilung schreibt, hoffent¬
2378 1897 3494 2062 lich in unser beiden Befriedigen
2399 2019 3624 2168 also entgegen. Für heute will ich nur
2427 2147 3539 2293 werk sagen, dass Ihr Vaarssetzen,
2429 2236 3582 2384 ich hätte andern deutschen Antwort
2440 2339 3572 2493 für Berliner Aufführungsreghte
2467 2469 3673 2613 einzelner Stöcke Gereitien zugebilligt,
2473 2580 3556 2704 irrig ist. Vollten Sie dabei er
2473 2679 3702 2825 das Vatergratition wisser Haupt¬
2473 2782 3556 2960 meren und nur gedacht haben, so
2496 2900 3648 3081 wäre zu hinaben, dass H., auf eine
2541 3017 3667 3195 cique chezegang hin die Wäpflißung
2533 3147 3537 3298 eingegangen ist, nie alle seine
