4015 4104
1001 413 1117 507 "
230 742 1837 949 es Ihnen zu nicht, und die wollen auch an
264 876 1948 1020 lebsten mit sich selbst ge = ad, wir als 1 gd.
281 1024 1779 1144 fallen. - Ilek ich in richser Zeigen das
314 1138 1875 1259 Stich nicht bringen können, denn natürlich
310 1228 1925 1423 meistk ich Ihnen die Monsieur verfügung
335 1370 1892 1502 hatten-and Sie nie paas geräst'elich.
362 1506 1860 1634 Als ich wüsste und glück mit hoffe,
394 1622 1944 1802 den wir das Eichste und vielpliebte Mäd¬
377 1762 1389 1902 chen passendst entübringen
409 1881 1879 2036 Zum Medardas lassen Sie sich nur kurz
429 2024 1856 2152 dieses sagen. Ihn habe ihn im Neum mit
448 2137 2003 2286 grössten Intresse plesen; die Stüsse schaffen
461 2275 1959 2445 in marche Hinsult Gerlichteray (marche
478 2374 2005 2545 Ald slad in gransam, dass ich nicht nicht
505 2508 1967 2724 hinenfinden hern; an eine Aufführung
526 2638 1994 2803 ich hinnte ich mich nicht tragen. Denn
530 2782 1965 2941 gehiert ein Drehbiter, ein sehr grosses
532 2858 1990 3090 Persmal, - und schl viel Geld. Wohler
570 3006 1948 3197 soll ein chelichel Meurste, sie wissen,
555 3122 2017 3329 Dank M. R. w. A. in desulaten Therae¬
570 3287 1986 3419 zuständen das rechnen? Aussen sich wider¬
2663 662 2835 844 261
2860 769 3626 899 Berlin WW. 40, den 16.12.190.5
2059 767 2581 926 Tessing-Theater
2221 859 2407 936 Direktion
2147 926 2495 1004 Dr. Otto Brahm.
2640 1291 3149 1450 Lieber Freund,
2372 1534 3668 1707 würdest, dache ich Ihnen für Ihr
2367 1693 3710 1827 schnelles Entgegenbrunnen in der Mirni¬
2369 1798 3721 1944 Trage. Am Schluss des Abends hätte
2403 1946 3746 2097 sie, wie uns immer belarer würde nicht
2399 2085 3681 2233 geperst; für den Anfang? Ind Sie
2411 2225 3769 2340 nicht, und es wir wol auch schade
2416 2344 3727 2478 drein, das vielgeprüfte Fräulein hier
2445 2485 3723 2644 Einzustellen) - so lassen wir also
2449 2606 3201 2734 Bahn allein re’sen.
3260 2604 3779 2759 Der Schönste
2480 2749 3790 2904 wäre ja nun, wenn Sie, piaar, pian¬
2483 2870 3675 3031 zwei weitde Dienstel schrieben, mit
2491 2990 3643 3163 denen zusammen man in nächster
2522 3126 3656 3268 Iaison du Mirzi, un Stapel
2493 3239 3706 3373 lassen könnte; an Stoffen fehlt.
3425 3314 3779 3494 Ersahm
