4010 4071
1928 802 3481 1002 können. Die Saisen die stet erste schleich¬
898 852 1054 1045 hi7.
1949 964 3433 1108 wagt von 8. ai, heisst es; ist geriesse die
1947 1058 3433 1216 Stille in dem Stern mit Achtgen, fühle
1953 1149 3444 1307 mich, wie Sie ausmachen, ganz wol, hinnte
1355 1180 1719 1340 gls. 4.7.12
1939 1263 3458 1411 nur aber noch eine Steigerung deshalben: Wenn
1947 1342 3404 1496 Bäume aus reissen, then ich nicht nicht ange¬
609 1355 1785 1550 Leichr Freund, an den Lausorsa
1939 1438 3400 1590 langt. - Das eine France ist, Sie Berde
619 1500 1850 1663 sehn, ist meine Gewohnheit, früh¬
1941 1542 3383 1681 hier aber in Gossersass zu sehen, befassen
636 1602 1893 1758 sticher der weise hat ich auch gestern
1953 1640 3466 1812 ich mit Freuden; hoffentlich wird es wahr
634 1698 1877 1870 im "Hotel Laaso" See gemeilt und
1949 1712 3389 1916 heit. — Rabe ich 9 hnem nicht immer jesagt,
638 1787 1860 1976 auf Ihr wol einer Spiegelleich ver¬
1956 1831 3437 1981 dass der Baule' nicht verboten wird! Er
632 1912 1866 2053 recht; wer ein heut ist leider
1960 1926 3454 2101 braiset kein Rosarbeum um Franzissärz
636 1993 1922 2217 nicht für Sie tun. In diesem einziqu¬
1960 1995 3446 2197 kann können, um u.s.w. Wann schönne
1987 2114 3390 2292 von ihn kann? (nicht den Ros.) - Mein
661 2093 1893 2288 Seeörtel sind für Gute Juli bein
1987 2190 3462 2400 schochpretischer Rosenstock ist abgeblicht;
640 2192 1870 2396 Zimme jetzt an habe; wenn Sie
1995 2284 3475 2510 die Ode an Sie war sein Schwänigesans,
684 2298 1914 2490 in der arresten Hälfte des Monats
1999 2375 3483 2560 vot passiert er in Mercertad. - Blusser
688 2392 1895 2614 erfangen, meint der Wirt sei ia
2008 2463 3491 2666 hat mich geleitelt, etwas über die Rein¬
671 2531 1864 2704 eine leichte Möglichheit. Ähnlich
2008 2539 3464 2745 Briefe zu schreiben, und ich werde wol tun
678 2625 1901 2801 werd es hier stehen wir ausser den
2008 2618 3437 2799 habe jetzt verdor auf diesem verkaligten
684 2702 1872 2885 Vater Hof des Hotel Matincken
2041 2725 3097 2918 Chreines! Monsieur ist ausser
682 2805 1935 3013 und die Tiroler Hof in Betracht
2082 2803 2878 2963 Henlich Ihr Otto Re¬
