4123 4056
179 618 1723 740 geht das zu schneller. Ihr würde mir
166 721 1763 935 Sie uns für Bauhardi Rosler denken,
145 859 1834 1044 Tirk Ihrer schon im Sommer ausgesprochenen
145 973 1834 1198 Einwürde glaube ist, dass R. eine lebensche
155 1082 1689 1269 Gestalt hinstellen wirde. Für Flint,
179 1265 1750 1429 in neues Mitglied, Passberg, für Eben¬
183 1368 1729 1580 wald Mark. etwa die ins Einzeln
641 1345 1765 1517 for den Pfarrer Loos oder Skolz
195 1515 1778 1738 gehende Beschung in entwerfen, wieder
204 1612 1731 1874 streht mir aber; das wäre mir in sehr
204 1778 1794 1996 à la Filleuthie, du deu Autoren solche
202 1908 1767 2150 Bilder mr die Teil rentate, che a
191 2038 1874 2328 noch im Illoren war ihr seine eigenen
189 2152 578 2303 Als istere
263 2318 1862 2553 Geade hatte ich von Fisker die Dieven¬
265 2465 1780 2675 reite erhalten, und dunke hänlich. Wie
267 2574 1794 2811 vielen dieser Werke fühle ich mich auf
273 2692 1820 2954 eine schöne und unvapstügte Woise
290 2830 765 2992 vor bern sei.
946 2904 1433 3131 Jurid M
2561 576 2734 725 320.
1939 637 2477 794 Tesling-Cheater
2772 649 3574 862 Berlin WW. 40, den 1.10.1912
2124 744 2286 813 Direktion
2045 805 2391 964 Dr. Otto Brahm.
2471 1126 3055 1343 Liebe Freund
2274 1374 3593 1586 es freut nicht, abzweiten und sch.
2292 1563 3562 1708 fecten dass das Vollstleibt sich zu
2292 1668 3503 1845 werk ült, wie ich es verarssichte
2295 1788 3616 2005 nur wiesde ich noch als Praphet
2307 1927 3562 2129 darastchen in der Einserfrage (die
2307 2042 3560 2238 für mich keine Frage ist). Ebenso
2313 2183 3501 2366 erfahre ich gern, dass Sie mit
2316 2311 3560 2494 der Besitung dort zufrieden sind.
2303 2452 3606 2673 Meine Bemerkung über die Schwierig¬
2311 2538 3532 2765 leiten Sie uns ging mehr auf die
2339 2709 3593 2944 grosse Pasonenzahl auf d'espahr
2328 2832 3616 3047 rechten Proben, welche, nach aus der
2318 2965 3629 3173 stet im arteten, das Stich braucht.
2330 3085 3620 3280 in dem ausgezächreten Volkstheater
