4215 4087
633 1629 1079 1732 DR. OITO BRA ‘M
1360 1637 1637 1718 BERcelN N.W.
1465 1700 1774 1785 LOUISENPLATZ 2.
1304 1737 1739 1847 Hainstein bei
1109 1806 1872 1935 Eisenau, Köllnas Kurher
1401 1935 1657 2035 20.7.02
660 1974 1768 2162 Liebe Herr Schützler, weshalb so
655 2087 1604 2251 korz, meshalb so pausenreise?
667 2185 1797 2334 In derhe Mona V in Octobr vder
662 2281 1773 2423 Norenbar zu geben, gehen wissen ich zur Recht
2816 559 2938 700 116
3631 670 3771 815 190
2856 654 3413 791 Berlin N. 20., den
2982 803 3706 926 Hairstein bel Eiserich
3223 898 3468 995 14.1.02
2729 1154 3328 1296 Liebe Herr Schikler,
2478 1307 3775 1473 Ich danke Ihnen herstik for The Wate.
2484 1426 3751 1570 Die Verhandlungen die ich über Grundung
2497 1525 3716 1674 meines Vortrags führten, geriethen auf einen
2523 1618 3693 1766 tatten Pacht, als ich Hn Zitrichge’s
2533 1723 3738 1855 Würde, seiner Sohn Hans als Reginan¬
2539 1811 3779 1943 aufzunehmen, refusirte; Linke ist wohl
2565 1937 3853 2040 gefällige Genossen. Nun liegt je da Gerake
2574 2038 3817 2174 mehr, und er ist nie zu Eich sehr ge-
2557 2130 3801 2270 Macht werden, dass ich in einen andern
2553 2248 3814 2384 resp. neun Hause insde gemeinsamen Re-
2579 2354 3774 2484 strebniger würde erstehen lassen Ihr
2597 2457 3850 2605 will dies iset ganz verleden und hoffe,
2599 2544 3812 2674 dass auch Sie an welchem Verhalten
2595 2650 3779 2790 Interesse nehmen ind den; daß ist die
2611 2743 3891 2932 Gegenwärtige Moment mit sind (stellen
2624 2882 3833 3009 arg gestimten Eer nicht geegnet,
2634 2959 3782 3117 schlossen in fassen, und so werde ich
2634 3072 3804 3206 erst in einigen Wochen Ihnen etwa
2631 3143 3399 3267 Bestimmtung sagen können.
