3965 4104
681 401 861 569 4, 1
3110 423 3306 545 Vühreten:
188 719 1796 863 erleichtert die Innervorginge abrüspiegeln. Wenn
2747 797 3669 937 Berlin N. 20., den 24.10.1907
200 847 1800 965 Basservin den Archgast spielt, womit ich ganz ein¬
206 967 1754 1049 verstanden bin, so halte ich doch Saad, dessen
236 1031 1832 1153 gezisse Kraft schon wieder erfreulich gewachsen.
250 1113 1744 1248 ist, für oder noch thesten Rückmässer, för
244 1210 1107 1330 einen bessern als Reinhardt
266 1292 1774 1444 Es ist sehr möglich, dan ich etwa Dienstag der
2569 1336 3280 1494 Liebe Neu Schütteln
254 1418 1836 1546 29. nicht Wien könne, sonst hören Sie hilflich
276 1522 1256 1636 mit Nachsten mehr von sich.
2355 1566 3695 1730 wie ich schon früher schrieb, nächte
1336 1614 1842 1760 Glaalich gewest
2375 1676 3564 1834 die Einste ich dem rothen Hahn
1408 1750 1532 1846 Ihr
2401 1774 3633 1958 bringen dessen Preuere für den 16. -
1480 1760 1840 1924 1 Beaben
2413 1898 3536 2035 23. November in Ansicht steht
2419 2003 3594 2141 ob es deine rittlier ist noch
2417 2113 3562 2227 an wichrichten die Stube in
2413 2183 3629 2359 bringen, lässt sie verläufig nur
2433 2301 3635 2429 syn. als Termin der unterstei¬
2429 2407 3601 2559 bestrücken wäre mane ich Ihnen
2455 2509 3066 2637 also der Januar
2425 2597 3552 2751 Ritter für Redenwehr nicht zu
2437 2717 3546 2864 empfehlen. In heifsig, in wenig
2437 2814 3490 2954 waltigheits bewassst 1st
2455 2894 2663 3006 Papr
2435 3004 3570 3148 Ich glaube, dass ich ein gegen den
2441 3088 3448 3232 5. Novembl nach Wien komme.
2946 3196 3572 3344 Hetelgereemd zur
3482 3332 3592 3390 O D
