4015 4168
2226 692 3700 846 mich für ihn woll als for Sie; das Gebud
2251 781 3834 915 Ochselhafte eines Wuns und die Verwandtschaft mit
2285 893 3812 1047 Lartenburg in ahauren med Ihrer hoffertsse asport
2308 984 3814 1139 verloben. Aha Sie meinen vielleicht, meine Erklafen
2340 1086 3822 1206 meesten wir unkreuzt keine ympaltischen Ein¬
2322 1171 3818 1301 drucke. Aefehet, men Ede, ik hem woll men
2332 1266 3805 1415 Nachfolge P.L. wie Thun Nexta in a. Gr.
2358 1384 3761 1534 wisnsgasse sjupathisch finden: ist aus kein
2356 1482 2815 1605 Cleperteeis?
2367 1589 3783 1731 Möge de Meilmshe 1504 que niederang
2409 1695 3741 1833 betreiben, ich wirkte in diesen 2 Jahren
2436 1790 3716 1971 noch ein angeuchnes Strk wegge it
2434 1900 3499 2054 Ihnen nicht werden zu können!
3245 2042 3670 2194 Rastik sta
3519 2190 3866 2346 Beglun
