6616 4744
3462 402 5731 846 Später Nachmittag nach einem
3468 754 5613 953 walmen Sommerregen; die
3459 932 5737 1293 Wesen und Blätter feucht;
3447 1195 5645 1500 Lange Schatter der Gitterstabe
3488 1385 5515 1734 fallen in den Garten -
3408 1627 5548 2042 Fr. Genia (33 Jahre, in einem
4053 1849 4710 1997 llegan hen
3542 1811 5775 2139 einforter sehr geschmackvollen
3562 2077 5758 2462 dunheln (nicht schwarsen) Somes
3524 2305 5699 2675 kleid fehre durhelpave Rock,
3506 2533 5731 2843 riolette Blouse.) silsf an sich
3542 2740 5802 3124 der Verand a, auf den Sessel
3536 2956 5867 3340 an der Schmelscite, der den Tribt
3577 3290 5775 3610 zu gehehrt ist; ne stellt eben
3553 3559 5844 3840 die Stectaise auf die Unter¬
3497 3740 5876 4053 lasse, sieht einen Augenblick vor
