6728 4664
1340 228 3034 618 him ill foot. dass it be
1295 481 2988 841 eben geblieben bin.
3829 399 5505 841 Friedich Hofecher kommt.
3567 789 5837 1182 schlank, reicht sehr groß, schmales seines
3695 1017 5980 1380 ericht, dunkler Schreunbart, englisch,
3634 1185 5919 1700 graumelistes rechts gescheitelte Haa¬
3656 1471 5794 1837 Et trägt früher, der er manchmal
3595 1633 5754 2093 ahreert, ohne Stand, geht etwa
3601 1901 5815 2382 nach ein gebeugt. Peine Augen klein
3622 2166 5672 2574 Lieberwird weide, fastweichlich
3561 2367 5901 2854 Ort zu reden, manchmal ins bostest
4411 2437 4655 2595 the
3576 2620 6032 3095 nomsch bissige geht. Tein Bewegung
3588 2860 5709 3287 sind gracil, reich, verratter aber
3579 3138 5910 3573 Energie. Er ist mit emprenigste
3607 3384 6044 3820 Elegance, aux obus gechenheftsheit
3646 3698 5983 4097 gehleidet; weil er anstatt, immer
