6568 4728
3534 357 4264 707 publick.
941 448 3069 779 Genia (begrükt beide freundlich)
3574 570 5648 956 Genia. Ich ware dort gern. ja
1161 702 3212 1030 Schon aus der Stadt züricht.
3483 850 5465 1187 was near so sage kein - gern -
1035 984 3138 1381 Pr. Wahl. Ja, liebe Frau Gemä¬
3420 1058 5659 1443 benein gefahrte aber der kurm
1192 1292 2887 1572 Es war ein fürchterliches
3397 1335 5579 1640 heit morgens den ja der Regen
1110 1543 2285 1774 Wetter! (das richtige)
3394 1577 5568 1968 hatte weil reicht weiter geeut.
1207 1703 2989 1997 deme. Bei uns herarper
3491 1860 5577 2228 aber der Sturm den jauses
1118 1982 3175 2288 Auch... bis vor einer Freude.
3469 2151 5637 2439 Tag... Und mein Mann wollte
1107 2182 3049 2442 Fr. Wahl. Sie haben schön
3452 2453 4747 2687 durchaus nicht.
1110 2436 3109 2773 recht gehabt, dass Sie
3497 2553 5676 2995 of Erne. Erlässt sie schon pussen
1101 2667 3024 3066 Uidst schon zu Hause
4313 2741 6016 3058 Selbelver Dändlis ei het schon erst
2504 2838 3035 2978 Aufs. Fr.
3497 2852 5708 3189 Fr. Wahl. Jans in Ordnung. Nach
1244 2878 3078 3306 geblieben sind. Man
3531 3123 5716 3469 so einer zuflüeuse kai man
1238 3195 3175 3489 ist geradezu vermüken.
3494 3394 5374 3740 sich nicht gewis schöner.
1261 3406 3135 3800 drai pen auf dem Friedhof.
3546 3600 5842 3954 Gerria. Die hättig im im Feber
1172 3700 3126 4002 heine Gemeinschule sind
1147 3908 3132 4150 stecher geblieben... jeden Au¬
