7016 4600
5198 58 5380 306 59
2243 261 2533 422 aber
3675 236 6932 596 als ihm die auf seiner Rechten ins Ohr Elisierte "Bertha"
203 306 3472 646 der Hof zu machen scheine. Es ist nicht anders möglich,
3663 472 6899 753 Welke sah sich verdrüßlich um, und vereinigt.
186 517 3369 749 Da ich durchaus will, daß Albertine schon aus
3605 637 6920 931 in einem ärgerlichen blick alle Gedanken und Erinnerungen
294 683 3323 902 Raise gegen mich, sich imeinen andere
3605 791 6817 1080 Die plötzlich in ihm aufzustrigen waren. Er ließ sich
377 848 3352 1109 verliebt. Aber ich werde die Zeit benützen, um
3592 960 6899 1229 aber nur wenige Sekunden leieren, und die nächste
257 1002 2446 1275 zu Ihren Gunsten zu sprechen. -
3592 1130 6763 1378 Minute fand Albertus u tudrig in eisölch artiges
240 1076 3406 1453 über was wird dieser Selke dazu sagen? Glauben
3605 1275 6668 1540 palantes, man möcht selbst sagen järkte her¬
286 1316 2578 1589 Sie, daß er es so gutwillig zuläßt?
5103 1428 5645 1577 Die Heieffte
3592 1444 6796 1705 Gespräch vertieft, daß sie sich wohl in ihrer Flüchtig¬
149 1473 3046 1751 Deinigkeit, da weiß ich schon was dagegen¬
3551 1602 6870 1833 keit nicht träumen ließ, daß eben dieser Mann
232 1639 3402 1920 Aupenblicklich Flusterte er Albertine wieder ins
3597 1792 6668 2036 zu in Wien eine Braut und zu seiner Recht¬
170 1842 526 2078 ohr.
3551 1929 6672 2198 eine Geliebte  sondern die unbedingt
211 1916 3448 2243 " Sprichmit Nulke, ich bitte dich. Der ist so schon, so sinein¬
3580 2090 6721 2367 Albertine für seine Erwählte hielt: - Inzwischen
182 2115 1929 2400 ich schön, findest dünicht?
3592 2293 6705 2496 hatte Talko mit Eprella conperfirt, ihr den
190 2243 3435 2574 „Ich hatte ihn mir schon bestimmt. So, jetzt setzte in
5372 2417 5625 2529 vn
3568 2429 6812 2698 Sachverhalt dargelegt, ihr nichts verheimlicht.
137 2438 3423 2711 mich zu Estrella. Alles befang sich nun sehr
1991 2599 2467 2715 einmalig
3605 2566 6738 2860 In Ende seiner Erzählung berichtet an ihre Augen
199 2583 3381 2876 behaglich, während ein etwas xxx Weid
3580 2732 6845 2967 in einen allerliebsten, listigen Glanz auf, sie
244 2773 3431 3025 durch die Zweipe gleich. Doch wie. Man hätte
3559 2893 6817 3116 trafen die blick Falkes, und wechselten
244 2922 3315 3216 einschlechter Minschen ken er sein müssen,
3539 3104 6858 3270 mit ihnen einen verständnisinnigen Plück¬
186 3079 3328 3361 um die Blicke E. streilos nicht zu verstehen, die
3555 3237 6821 3485 "Vertrauen für Vertrauem sagte Estrelle zu Tiedel,
149 3249 3419 3485 sie auf Nelke schoß. Denn dieser mußte wohl
3526 3373 6817 3597 Zum erzählte ihm von der heutigen Fahrt, von
219 3410 2355 3675 oder übel gegen Albertine
2413 3423 3361 3683 gegenüber
1842 3555 2355 3692 u frem
3506 3547 6812 3812 Nelkes Untreue. Daran schloß sich die Bemerkung,
281 3568 3406 3849 sie sehr aufmerksam war ebenso palant
3559 3708 6746 3981 daß Fritz wohl am besten zeignet vor, ihr
252 3741 3303 4010 sein, als nur war schon auf dem besten
3584 3857 6841 4085 ledwig zu gesetzen und stellte den Ontrag
319 3940 3423 4114 Wege, alles ändre über der Lietenswurdig¬
3675 4035 6800 4321 gleich aufzubrechen; um sich der kühleses
281 4052 3381 4358 keit seiner linkei Nachbarn zu vergessen,
