7512 5016
6730 124 7019 301 1
5293 239 5462 434 31
6255 409 7023 723 und
3955 442 6226 921 gegen der Wald zu, ich sah auf
3943 661 7093 1102 laupsam daher, der Blick zu treden ge¬
586 731 1808 1102 geendet hatte.
3931 834 7122 1218 richtet, als plötzliß ein wir vom Sehen
710 784 3683 1164 Ganz vortrefflich setzte Falke hinzu &
3893 1032 7122 1453 bekanntes Mädchen vor mir stand im
698 1040 3749 1424 das weiß ich theehe, das braucht ihr nur nicht
3972 1214 7205 1590 reizendes Mädchen, etwas junger als ich,
607 1259 3683 1618 zu sagen. Ich habs euch ja nicht vorgelesen
3955 1400 6672 1759 blond, blauäupig - und mich fragte.
595 1321 3914 1722 daß Er mich lebt, sondern daß ihr meine Gedichte
3959 1495 7246 1903 „darf man wohl wisser, was Sie da lesen?“ Sie hatte
636 1561 3831 1961 hört. - Er sah die beiden an und machte dann:
3972 1713 7246 2089 das Buch in die Hand genommen. Oh eine Novelle
628 1759 3282 2060 "Ks, k5 kb, liebar Sinig frabas Falka.
3955 1895 7250 2312 von Herzog auf sie aus. Ich ließ sie bei der Meinung.
685 1837 3836 2312 „Also erzähl’ uns jetzt die Geschichte, auf welche
4451 1994 4860 2143 Laudy,
3984 2048 7234 2494 obwohl ich Heltysche Gedichte (as, welche mit
656 2118 2609 2424 sich diese Lieder beziehen.-
3997 2205 7229 2597 den Novalte in einen Band gebunden
694 2201 3596 2642 Sehr wohl. Also fort zu, meine Freunde
690 2353 3815 2775 Ihr wisst daß ich in Ung. Ostra gehören bin
3988 2564 4703 2775 wären.
4158 2580 7324 2915 Warum so traurig. Herr "Adolf? "fragte sie mich
669 2609 3819 2940 und dort die Ferien zubringen. Da wars denn
636 2762 3922 3134 vor nicht gar länger Zeit - als ich in der Quarta¬
4046 2832 5718 3158 dann, wohin geht ihr Weg.
4046 2869 6829 3348 „Gegen den Wald zu“ antwortete ich.
702 2940 3856 3270 durch gefallen war, und zu repetiren mußte.
4050 3125 7308 3497 „ von, da geh ich eben auch hin – oder ist s. Ihnen
665 3088 3877 3526 daß ich - ein Buch in der Hand - in der Nähe
4046 3225 7374 3695 unangenehm, wenn ich de bitte, mich zu begleiten.
702 3278 3959 3633 des Waldes spazieriging, sich ich ein Mädchen
4087 3419 7378 3856 dann sagte sie mir, sie hatte von meinem Unglück
731 3530 3918 3840 auf mich zukommen. Ich kommen Sie schon vom
4100 3617 7254 4046 behört ich solle mich nur trösten, war in jeder
735 3666 3865 3972 Sehen, sie wohnte nicht weit von uns; ich war
4199 3811 7382 4195 beziehung freundlich – und Ihr konnte auf denken
727 3827 3918 4199 damals verzehn Jahre vorüber, sie etwa
4112 3926 7403 4364 wie krefflich ich mich diesen und die folgenden
756 4026 3819 4356 sunger. Z. Ich ging damals, an meine
4211 4092 7444 4599 Tage Camisirt. Jetzt sich ich selbstverstände
859 4154 3902 4455 Zweus in Mathimatik & Griegisch
760 4331 3786 4752 erkend, sehr traurig Er und Er¬
