7384 4936
5305 127 5501 319 17
3733 183 7165 642 nach feste man sich und nun begann der
4764 441 5702 616 hilpankersnoßen
148 406 3480 773 Miene und einer järtlichen Ballettägerin.
3746 502 5449 768 straße denk zu sprechen
3703 572 7169 952 a Man wird mich wohl nicht der Ungerechtigkeit seihen
175 668 1607 1004 spazieren wandelt.
3681 755 7191 1113 weil ich jenen nichtswürdigen Menschen nicht anför¬
223 760 3611 1157 Allgemeines Ah - des Erstauners. Strohmüller
3694 943 7047 1279 darin sich zu vertheidigen; du er hat sich durch
236 956 2807 1314 sinkt kraftlos auf den Stuhl.
262 1100 3515 1489 " O Rechnüller grasst es sich aus der Brust
3772 1087 7161 1445 sein plötzliches Bleichwerde Erbleichen und Kraft,
891 1188 1319 1319 Kind
3759 1279 7209 1646 loses Nederfallen Urtheil gesprochen. Traurig
249 1271 3484 1690 seines Freundes Loser. "Kuno, was hast
3790 1445 7213 1834 ist es freilich, daß schon im ersten Monat
297 1563 1471 1851 du mir gethan.
3755 1616 7095 2000 Bestände um ihres Vereins ein solcher Fall
284 1664 3572 1956 Also, er hat mich mal nicht bemacht, weil sich
236 1812 3462 2174 eben seine gärtliche Minne auf das Antlitz
3755 1795 7222 2170 eintreten mußte, dessen niederschmetternde Wir¬
3755 1969 7191 2388 kung mich vacanlasst, die Sitzung für heute aufzu¬
188 2026 3519 2388 der Ballethägerin herabbrüchte; ich schlaube
3790 2131 7126 2484 heben. Meine Herren – die Sitzung ist ge¬
288 2196 2401 2563 sie haben sich gechüsst.
345 2345 3550 2725 zuerst war es ganz still; glötzlich erhob sich ein
3786 2419 4585 2698 schlossen!
3838 2467 7161 2886 Man stand auf, nach und nach leerte sich
297 2519 3650 2877 Gemürmel, das stärker und starker wurde
314 2707 3633 3069 ein allgemeines Stufen "Gmär" mit dem
3803 2755 5143 3039 das Gastzimmer.
336 2882 3602 3253 Verváler entstand, mager war der
3807 2886 7248 3196 "Also, Herr Folche und Herr Hoch, Sie wenn ich
3868 3043 7021 3410 Sie auf ein paar Worte bitten dürfte?
354 3030 3598 3393 erste, der den Stuhl unter dem Meiner
319 3192 3655 3628 digen wegzog, und ihn unsanft zur Thür¬
3807 3222 7279 3589 der kleih aivat, wie auch Herr Flock ein Mann mit
3825 3358 7231 3781 ganz gewöhnlichem Gesicht in u. ganzgewöhn
323 3371 3668 3790 findragte, ein andrer machte die Thüreauf
2956 3550 3611 3703 dem Verrat
3834 3580 7182 3943 licher Vater beeilten sich, den Rufe
341 3593 3641 3978 und der Präsident endlich gab ihm einen
2908 3729 3611 3873 nern Satz
1170 3803 1760 3943 Strosmin.
288 3777 3650 4104 Rop, daß er mit einem Maln weit dienste
3899 3759 6663 4104 des Professors Folge zu leisten,
463 3930 2934 4179 machte, die ihn beisse ich allgebracht hatt,
375 3917 3698 4266 war, wenn ward die thüre zugeschlagen
3943 3925 7274 4340 Sie wünschen?“ fragte der Kanzleratgemessen.
380 4135 3519 4528 ein halblantes Flüstern entstand, nachm
