7400 4888
5363 117 5598 403 37
2010 176 2252 492 56
2619 477 2949 690 eben.
3793 470 7197 902 sprach; mit schwager Haaren und grauen Augen¬
301 499 3653 961 Professor gewischt, wie ich Thure geschrieben
3830 741 7072 998 nauf der trank sind wir gesessen und - da
411 829 2722 1137 satt, das er hat noch gefehlt!
3800 822 7168 1232 hat ich sie halt geküsst. Das ist doch sehr einfach.
403 976 3558 1254 da wir der Ansicht sind, daß diese Gespräche
3793 1012 7160 1335 "Aber jetzt ist alles verraucht, hatques" sprach
403 1159 3536 1453 für den Leser weiter nicht interessiren
3749 1181 7212 1577 in Fürt Glut; blo durch und schlag dem frischen Wiener
3932 1291 4248 1423 holzorg
352 1335 3624 1585 können, so wenden wir uns lieber den
3866 1416 5664 1687 Kind auf die Schultern¬
345 1489 3646 1731 Collegen „Falkes“ zu, deren Lebensgeschichte
3800 1445 6764 1849 „Na freilich“ war Heiles Antwort.
323 1643 3683 1973 und Liebesgeschichte ich mir dem Leser noch
3910 1709 7219 2069 Recht ihr dort die beiden blanden, schönen 4
374 1819 3536 2157 schuldig geblieben seid. Im Hufe des
4167 1893 4996 2083 Fraftz Gries
3837 1885 6045 2216 " Die großen fragte Glut.
418 1893 3719 2260 Gespräches werden wir (wohl) dieselben erfahren.
3815 2061 6309 2399 Ja - die, die sich grad umsehen.
433 2135 3646 2458 Jetzt ist er wieder Feuer und Flamme sagte Sinnig,
352 2223 6250 2560 mit dem bleichen Gesicht, den schwarzen Kraushaare; a so ich seh sie. sagten die andern
3815 2260 7241 2692 „Das sind meine beiden Nis-à-vis "gerehlte sprach
308 2472 3111 2773 und dem Viertelditzend Cessioner -
3808 2516 7079 2876 Berthold mit großem Selbstbewißt sein?
308 2553 3727 2971 „Ober er ist doch recht ungeschickt. Schon im halbes
3859 2714 6786 2964 Glück hat der Mensch meinte Jacques
411 2795 3712 3140 Jahr kennt er sie und hat sie noch kein einzi¬
3822 2890 7219 3169 "Ah die sind gar nichts gegen die Minna – war
403 2964 3705 3294 ges Mal geküfft!“ sagte Jaagner Steile, das
3881 3045 6302 3382 der junge den söuen leicht hin.
448 3184 3631 3419 Wienerkind mit den blauen Augen, schwager
3866 3067 7182 3543 die solltet ihr sehe! Und wie die in mich
2714 3316 3734 3565 Vergängenheit
418 3316 2744 3631 Haaren und der interessante
2714 3448 3074 3580 schwach
6192 3382 6749 3653 Jacques
3888 3455 4930 3705 verliebt ist.
470 3470 3426 3778 Ja du! Du bist geschickter!“ sagte Sinns
3866 3433 7153 3881 "Schau, da kommt die Ilka" rief Morig Stile aus
462 3661 3727 3925 "Na freilich! Ich Mein G'schicht mit der Mathild
3866 3653 7175 4057 und aller Blicke wandten sich auf Emil
426 3808 3734 4130 hat doch immer 2 Monat im Gagen gedauert, und
3947 3837 7190 4211 Glut, der plötzlich eröstete und, kann seine
433 4020 1834 4277 ich hab sie gelüsst!
3918 4035 7168 4475 Verlegenheit zu verbergen, Moriz, Sinning,
440 4138 3631 4424 "Ah! Wie war denn das "fragte Berthold
3925 4211 6793 4585 mit folgenden Worten anredete:
514 4343 3668 4659 Gries, derselbe, von dem ich sehr viel zu erzählen ver¬
