7336 5032
5258 474 5442 703 13/6
3717 380 6887 843 unterdessen noch ganz allein mit ihrem Siegel breit machten
285 608 3583 971 stellen! Ich werde mich notwendige Weise anirgend einen
4097 753 5308 921 würde die Thüre geöffnete
3767 731 7016 1094 Eben Treten zwei Herren Ersten ein. Es waren Großmüller
251 860 3578 1144 andere Herrn wandte müssen vielleicht De Vollinger.
3779 876 6988 1217 und Böser. Sie vereinigten sich vor der baronie, die
307 1049 2445 1367 Daher ist seit, uns theater zu gehe.
3773 1100 6993 1434 sie Durch ein leichtes Kopfücken begrüßte, und nahmen an
357 1172 3639 1429 Sie stand an eben vor der Spar und gingen seien. Es
340 1351 4833 1641 war das 2. Mai, er die viel besprochen Vorstellung ihrer Seite Platz.
3745 1446 5972 1758 Nun, wie gehtß fragte die Lickmaus.
324 1552 3589 1864 unter Norbertskildirkung endlich in keine gehen
3795 1602 6670 1926 Schlechtsschlecht erwärderte der Poet, sehr schlecht.“
374 1713 3539 2048 sollte. Durch Findels Mittseiligen ist es den
3773 1814 6245 2104 die Baronin lächelte. „Unglückliche Liebe?
424 1903 3561 2160 tesam bekannt, ich die edele Bolletaufen sich
3806 1959 6748 2272 Unglücklich? - unglückselig, elend, verichtet.
1367 2076 1747 2221 Übung
385 2076 3583 2433 auf diesen Tag freuten. Es kam nemlich
3840 2182 4833 2456 bedauereswerther!
352 2244 3611 2517 in dem Stück mir Stelle vor, wo das ganze
3907 2389 4660 2651 Sie spotten?
391 2378 3645 2685 Ballebohoe den edele Ritter Sigismund, der
3862 2478 6865 2813 Gott bewahre mich. Ich bedaure Sie wirklich!
430 2601 3622 2852 Norbert spielle, umschließen mußte, jedenfalls
3868 2590 7066 2986 Ich bin zu bedauern? O schöne, herzentrückend
4381 2696 4621 2802 ich über
430 2774 3656 3081 eine Stelle wie geschaffen, für die küsteren Ballet
3896 2791 7133 3109 Talara, wie lieb ich dich. Aber gnädige baronie, hinlk
413 2930 3499 3204 nädchen. Aber noch einer Freufe hinmendlich auf
3790 2986 7099 3276 So wir denn nicht helfen. Kein Wort für mich sprechen?
435 3103 3566 3393 den Abend, das war Frib, Falke, der einen
3845 3181 7111 3527 Ich hab' es schon gethan, vergetens, liebes Kopfmüller.
385 3304 3589 3566 Berggicht, u langen hatte und da den Hausbot
3890 3315 7066 3700 Ich wird mich doch noch in die Donau sturz an müssen
340 3472 3695 3773 mit Estrella in äußerst nahe Berührung kam, in
3845 3511 7166 3868 Heben Sie denn der Herzlose nicht klargemacht, daß
346 3639 3539 3996 er sie, freilich mit einigen anderen Klaren zu
3773 3706 7217 4069 ich alle meine frühere Freunde mit Ausnahme meine
346 3857 3633 4119 entführen hatte. Aber ihn konnte sie, ihn leibte sie
3823 3901 7166 4203 getreuen Adalbart verloren, - um ihrerge¬
357 4007 3578 4242 das Haus bot einen prächtigen Anblick Jeder Platz
3862 4018 7155 4365 übhören? Und sie — und sie - oh rathen nur
2484 4169 2835 4298 Pautere
368 4175 3678 4420 war besetzt; in einer der Lage konnte man
3857 4298 5403 4605 doch, Frau Baronin.
324 4365 3728 4599 die Baronie Adelaid finkmans bemerken, welche
