7336 4904
3667 342 4222 581 Abend.
3676 420 7122 798 Was der heute mit seinem Spruch, Noch nicht allein
173 533 3459 915 sident seine Ausz. aber Herrn Inhaltsweiche Rede. Der adloser,
3663 603 7127 910 Tage Abend hat, „dachte Strohmuller und macht¬
113 733 3464 1006 lautar beifall folgte. Nachdem sich der Herren etwa.
3641 772 5813 1162 ein sehr verblüfftes Gesicht.
91 902 3438 1240 gelegt hatt und der Redner sich gemessen
3663 962 7092 1322 "Professor Jakob Mager" sprach der Präsident
3689 1131 7131 1474 mit strenger Amtsmiene, "wird auf gefordert
199 1140 2146 1387 vertrugt hatte, sagte er.
186 1283 3542 1634 " Ich erlaube mir, jetzt gleich für die nächste Sisenz
3667 1305 6758 1600 mit der Überraschung herauszurücken.
191 1418 3576 1743 das Programm zu entwurfen! Sie Herr Profe¬
3685 1496 7083 1868 Also, wollen In mal alle schweichen und wir
191 1617 3602 1873 Mäger, werden Ihren Vortrag halten? Nicht?
3672 1738 4365 2042 In Herrn
186 1751 3524 2102 "Also, ich werde mal mein Mann schrigt suchen.
3771 1886 6277 2128 Todtenstichte. Mager begann
5943 1994 6247 2115 ma
251 1920 3585 2250 dann Sie, Herr Vielmaier fuhr Kalke fort.
3711 1972 7036 2332 „Also, was verdient wohl der, das in später Nacht
277 2120 3394 2462 na, erwiderte jener, es ist schon möglich,
3702 2163 7031 2475 mit einer Ballettärz erin, und einer
260 2276 3498 2670 wenn ich nicht zu schläfrig bin. Dabei gäsete
3728 2328 7170 2718 zärtlichen Minne spazieren wandelt, und dabei
208 2488 3537 2844 er, gieb sich die Augen, sah auf die Uhr, nur
3919 2592 4539 2727 Mitzhed de
3728 2553 6017 2818 in drei Vereines Judicitia ist?
2042 2649 2311 2809 werden
217 2657 3143 3030 sagte. Schon halb zu vorüber!
3732 2696 7192 2991 Strahmüller wurde marmerbleich; sein Schmerbart
1574 2809 2670 2982 nem, & Märmelin
282 2800 3490 3134 „Ähschen falt zehn auf Krohmüller und
3758 2926 5549 3269 strebte stand in Berge.
4391 2978 6455 3247 Jahre sprach mit schneidender Stimme
342 3021 2692 3351 sprang von seinem Sitze auf.
3767 3104 7148 3373 alle riefen. Aus Kostung aus den Verein,
3165 3069 3416 3303 sich
208 3173 3559 3533 „Hall.“ So auf da der Jakob Mager, und
3836 3286 5666 3550 Schade und Verachtung
247 3321 3602 3689 fiel den könten. Der schon die Thürklucke
3828 3381 7170 3780 Also, Herr Kuno Krohmüller, Sie hören mal,
225 3520 3602 3902 in der Handfesselt, in die Hände. „Mollen
3789 3598 7109 3975 was man sachte. Das ist Ihr Urtheil! Ja
178 3698 3667 3993 Se mal noch eine alleine Weile aussarren.
3789 3728 7049 4075 meine Herren, dieser Präut ist es, der in
364 3893 3520 4244 Ich habe mal eine ohleine Überraschung
3832 3902 7235 4348 später Nachtstunde, mit einer gärtlichen
381 4066 3663 4430 für Sie und die verehrte Versammlung in Bereis
316 4248 3559 4643 schaft; es ist neulich noch nicht aller Sache
