7256 4984
3670 408 6850 821 leise seinem Begleiter ins Ohr, so leise.....
249 559 3466 931 Der Stelle wo Du Prinzessin stand und ihr Geliebter,
3711 694 6761 968 aber, das es ob sie ihn wieder liebte? fragte er dann,
3046 690 3556 890 Clock and
220 825 3474 1070 loscht eben ein Maschinist eine ganz matt borneamt
3740 898 5115 1172 was er wohl glaube?
245 992 3086 1266 Königraus, die letzte, die noch gebraut hat.
3793 1021 6948 1323 Und da schüttelte der Begleiter zweyelnd den kost.
269 1147 3544 1413 Auf der Straße Arm in Arm schritten Sonnig und Arthur
3833 1217 5234 1498 Werweik, wer weiß t!
294 1319 3576 1670 halte; glötzlich blieben für stehen, die kleine Tanz am
241 1474 3429 1739 Orm des kleinen Kränzlein, und die gröste Tauzom
282 1690 3470 1931 Arm des großen Kränzlin, kamen eben vorüber.
298 1829 3466 2196 Ärkauspreßt die Zähen zusammen, u Siehst du sagte er,
257 1988 3433 2327 und dankte dem Freunde krampfoft heftig den Arm.-
376 2196 3384 2547 Sie sprachen leide nichts mehr, und machten sich auf
1800 2372 2262 2511 Sohald
331 2352 3458 2670 dem Wugnach Hause, als die beiden Korniglein und
269 2523 3401 2801 die beiden Fauger im Spatte dunkel verschwunden
294 2739 3470 2948 wären. Sie sprachen Erst als Moriz ander Thür
372 2878 3421 3156 Das Hauses, in dem Arbstowschebe, dem Freund
396 3066 3552 3319 Deb' wohl sagte, wiederholte dieser den Gruß und
396 3221 3376 3544 ging mit schnellen Schritten die Plänge hinauf.
445 3446 3486 3740 Zur selben Zeit sagte eine tiefe Baßstimme zu
376 3580 3515 3862 einem schliebe; ja ich liebe. Die tiefe Baßstimme,
363 3801 3409 4062 sagte das einem Mann mit langweitigen
404 3944 3425 4193 Aupen und blindem Schnurmbart, und die
380 4091 3193 4376 Auf Baststimme war die Sommen Lesers.
490 4274 3568 4638 Wenn er liebte? Ich, das flüsterte er jetzt
