7672 4824
5655 170 5925 371 17 5
4059 214 7412 506 ich die Mathilde Liebmann. Sie ist auch offenbar
471 331 3885 580 ka 6) sitzung. Ich kam um fünf Uhr hin, die paße
4081 458 7469 750 in mich verliebt; die große Faunzkitter schrieben,
667 519 3828 789 anz, die kleine Franz, die Vothilde Liebmann,
4072 619 7495 916 sehr auf mich versessen zu sein. Sist nicht annoch
580 645 3492 889 Pauline Land, noch viele andre ge¬
4072 807 7495 1094 so unangenehm - Ummehr Regel in die Wissern
545 872 3859 1142 hübsche, ja sogar reisende Mädchen, von Lüben.
4090 994 7495 1251 zu bringen, schlug ich vor, ein Pfänderspal
589 994 3802 1295 zum Exempel, Max und James Land, Regi¬
4081 1147 7429 1426 zu machen; aber obwohl das selbe zur Aus¬
475 1177 3793 1456 Ritter u. s. w. die interessirten mich
4081 1330 7499 1604 füssen kam, so hielt es sich mit lang
523 1347 3798 1644 auch am wenigstens! Aber ich habe noch
859 1526 1216 1661 sevieh
4133 1487 7495 1796 Ein wildes richtinander entstand. Und als
475 1561 3850 1753 nicht geküsst wie heute. Besonders die kleine
4151 1661 7451 1927 wir endlich zum Nachtessanommen wurden
536 1692 3867 1979 Fany, die lässtes am liebsten thun, gecavt
5489 1844 7499 2145 8/4, küsste ich noch alle
4059 1875 5507 2123 auseinanderzig
471 1853 3846 2119 weil sie sich am meisten straubt. Wir spätter
5341 2032 5507 2136 1
2363 2027 3000 2176 juro forma
4064 2010 7412 2324 einmal der Reise nach - am glühendsten und
567 2036 3880 2354 zweck gehschlug zuerst vor, Gedichte aufge¬
4059 2193 7504 2520 aufrichtigsten die reisende Mathilde Liebammer
549 2224 3776 2459 sagen. Das ging aber nicht lange.
3981 2376 7412 2638 Sie sah mich auch so an, so verliebt, glaub' ich.
589 2398 3745 2638 plötzlich fasste seye Ritter die kleine Fau¬
4037 2577 7486 2856 Ich hab' sie auch dann noch ein letztes Malgelüsse,
602 2559 3784 2847 vte hinten um die Teille, und küsste Ein¬
4011 2721 7521 3000 bei der Thüre ein allerletztes Mal, und dann
632 2742 3898 2995 Wir folgten gleich seinem Beispart. Be¬
4042 2904 7482 3235 Auf beiderseitiges Verlangen im aller allerlehter
554 2943 3841 3200 Ging war alles in wirrem durch einen
4064 3078 6963 3392 Mal. Kurz und gut, es war pottvoll!
602 3113 3832 3410 der. Als man die Lange bracht, ließen
1138 3253 1796 3431 zuerst gar
6357 3257 6723 3383 man
4077 3305 7525 3536 Als die kleine Fang so nannte sie zum Unterschrei
554 3348 3732 3549 wir es nicht zu; es nur gar zu schön im
4090 3431 7477 3758 von ihrer Cousine Fanz Ritter, diese Zeilen
589 3444 3898 3715 diekeln, aber als sie doch endlich auf
4186 3623 7469 3893 zu Ende gelesen hatte, war sie schwert
554 3684 3819 3924 den Tisch gestellt wurde, drehlen wir
4129 3802 7381 4138 drie Wich gewesen, sich nur so nebenhin er¬
545 3789 3815 4103 den Docht weit hinunter. Das war dann in
4120 3963 7438 4334 wähnt zu finden. Oh diese Mathilde, des Mathäs
532 4042 3819 4325 eizendes Halbdänkel: Am liebsten Russte
