7240 4840
265 572 1410 838 in him begrüßte
1969 605 3557 1061 syvachen sie beide dank
365 771 1870 1053 "Serons, Unterstatt"
340 966 1862 1273 in Smip. zu gleicher Zeit
340 1070 3387 1435 Wie stehts: Haß du das da: fragte Folke
274 1327 792 1547 allein
477 1418 3528 1663 Was –? Ah, das da. Nein, ich habs vergessen.
282 1584 3446 1961 „Na, das treff, da hat man's wieder. Ich hab
253 1837 1169 2127 mein's day
282 1936 2923 2301 So? Gibsmars! Ich daß es während den
377 2106 3557 2471 "Also, Salche, wollen Sie mal hinein in die Classe
340 2297 3317 2625 sehen, und Sie, Unterstatt, also – Senn ich!
402 2463 3499 2803 die bei Schüler ergriffen die Flucht, wahren
365 2633 3479 3027 Professor Jakob Mager sich auf den Weg
340 2836 2305 3155 ins Conferenzimmer machte.
394 3047 3508 3300 Jakob Morgen war durchaus nicht so schmächtig,
336 3151 3429 3508 wir man fimam nam nach fakt
419 3350 3562 3645 schließen können - Zu Gegentheil. Sein Umfang
328 3524 3649 3864 war sehr bedeutend, wie auch seine Größe; besonders
270 3719 3454 4014 bemerkenswerth aber war sein colossaler Cylinder
336 3810 3574 4192 der, wie man in Schulerkreisen behauptete
352 4055 3649 4436 schon mit ihm auf die Welt gekommen war. Diesen
5315 120 5498 357 72
3657 460 6920 809 Oglieder nun und auch den Inhaben desselben
3703 634 6945 1008 hatten Diebeiden Collegen Salcke und Unter¬
3727 829 6895 1111 statt zum Gegenstand eines Damas gemacht
3723 970 6999 1364 von dem sie so geheimnisvoll – für die theil
3719 1178 7003 1464 ere Leser wenigstens — sprachen. Der erste
3711 1335 7015 1679 Dieser hatte dasselbe zu Hause vergessen jener
3678 1571 6991 1787 übergab es) dem Collegen ändern, damit er
3723 1704 7028 1994 es während der ungemein langweitigen Stunde
3719 1858 6957 2152 des eben in die Classe tretenden rotbärtigen
3732 2019 7061 2405 Professors Waschlagskilese und sein Antheil
3703 2276 4806 2496 darüberalgebe.
3794 2401 7011 2658 der genannte Herr trat mit bedektem Kopfe herein, u.
3740 2567 7069 2857 mit sehr arrogaater Miene herum, behielt den Hut ein¬
3732 2766 5879 3114 ganze Weilrauf und schrie einen an.
3951 2894 7011 3193 Sie, wollen Sie vielleicht nicht aufstehen? Wissen
3844 3056 7098 3429 Sie was? Ich werde Sie ins Klassenbuch schreiben,
3844 3271 6381 3578 Sie, Weizen, ja Sie! Hören Sie nicht?
3860 3429 7078 3790 Weizen erhob sich langsam und lächelte sehr
3794 3674 4304 3893 wonisch.
3926 3798 5676 4121 „Sie jetzt setzen Sie sich.“
3939 3985 7140 4325 Weizen war ein schlanker etwa sechzehnjährigen
