7320 5048
3729 451 6932 843 einem wunderbar schönen Mädchen, daß in den
327 641 2563 1054 Sollich Ihnen einen weisen Rath geben?
3725 707 7048 1042 von den schranzen Augen eigentümlich belunsteter
3737 889 6949 1269 Zügen einen unverkennbar orientatischen Cygus
368 897 1467 1157 So weise als möglich.
298 1046 1992 1331 Verlieben Sie sich eine andre.
3729 1182 4146 1393 trug.
322 1199 3018 1492 Nochmüller sah groß auf. - u eine andre 3
3778 1236 6978 1554 kühle und die beider andern Herren sahen hinverwandt
360 1439 3551 1629 Verlieben Sie sich in eine andre, sag ich nochmals – etwa in
3733 1529 4063 1806 fin.
322 1558 3324 1827 Hermine Reiher, den neuen Stern des Stadttheaters
3249 1633 3468 1798 Nein
3758 1645 5700 1947 "kühle nahm zuerst das Wort.
6502 1645 6804 1852 was
347 1732 3617 2046 Der Dichter seufgte. Sich werde es wohl thun müssen. Da
3749 1786 6986 2083 darf man wohl wissen, war dieser Herr und dieses
360 1947 3034 2228 nem - ich thus nicht, sie muß mich erhören.
5485 1951 7044 2240 " antwortete die Barrain ruhig
3795 2013 4717 2278 Kadssen
360 2050 3592 2427 Und wir stehts mit Ihrem Herzen? wandte sich die
3770 2162 7065 2398 das Mädchen kenne ich nicht; "der Herr heißt Baron
3770 2278 6903 2625 Constantin Sinkmaus und ist mein Gemahl.
376 2311 1542 2546 Baronin an Loser.
310 2443 2712 2741 "kalt" war die pathetische Antwort.
3791 2489 7023 2778 Die Gewöre in der Tage machten alle sehr vor
525 2575 3675 2906 In diesem Augenblick begann die Ouverture. - Kühle
6283 2629 7151 2889 Das was sie eben gesehn
3729 2712 4915 2976 du tztes Gesichter.
455 2794 3175 3071 öffnete die Thüre der Lage, und tratleise herein.
3778 2840 7027 3171 Adelai de lächelte. „Sie wundern sich? Ich bin das
6349 2947 7023 3104 keinen Seite
6196 2976 6370 3063 G. A.
5928 2964 6159 3117 ra
6196 3005 6366 3100 :d if
463 2976 2224 3245 Guten Abend, Frau Baronin?
3774 3047 6705 3307 gewöhnt, ebenso wie mein Mann
480 3129 2637 3423 Sie nickte freundlich! "Guten Abend!
3807 3125 7122 3522 tösers Blnke besonders schwelgten trunken in den
715 3344 1062 3493 wolft
521 3348 3733 3609 Ich mögte Sie nur beprüßen und bei der Gelegenheit auch
3815 3340 5820 3671 züxen der schönen Orientalin.
426 3476 2799 3774 fragen, ob morgen Linkmansiana ist?
3857 3538 6337 3906 wieder öffnete sich die Thüre der Tage.
413 3716 2856 3968 u Gewiß und die letzte in dieser Paison.
3857 3667 7184 4047 Bavon Constantin trat serein und reichte seiner
409 3803 3683 4167 "Ah- Ich denke sehr - aber ich will nicht länget stören..
3849 3939 4886 4225 Gattin die Hand.
500 4006 3708 4324 In diesem Augenblick grüßte die Tinkmans nach
3935 4101 5502 4402 Gutre Abend, Adelaïde.
496 4171 3753 4514 einer gegenüberliegenden Lage hinunter. In derselben
3865 4287 5717 4593 Guten Abend, Constantin
484 4332 3733 4663 saß ein schöner Mann in den besten Jahren mit
