<?xml version="1.0" encoding="UTF-8" standalone="yes"?>
<PcGts xmlns="http://schema.primaresearch.org/PAGE/gts/pagecontent/2013-07-15" xmlns:xsi="http://www.w3.org/2001/XMLSchema-instance" xsi:schemaLocation="http://schema.primaresearch.org/PAGE/gts/pagecontent/2013-07-15 http://schema.primaresearch.org/PAGE/gts/pagecontent/2013-07-15/pagecontent.xsd">
    <Metadata>
        <Creator>prov=READ-COOP:name=TrHtr:version=2.1.0:model_id=51170:date=14_08_2023_23:19</Creator>
        <Created>2023-05-10T14:33:20.674+02:00</Created>
        <LastChange>2023-08-14T23:19:12.133+02:00</LastChange>
        <TranskribusMetadata docId="1428640" pageId="55422121" pageNr="114" tsid="132830509" status="IN_PROGRESS" userId="64420" imgUrl="https://files.transkribus.eu/Get?id=GITOORWLKKIPBLJACXCMNXCM&amp;fileType=view" xmlUrl="https://files.transkribus.eu/Get?id=VLGDTDUYJUWKERHJZIBHAAUI" imageId="44696200"/>
    </Metadata>
    <Page imageFilename="1428640_0114.jpg" imageWidth="7560" imageHeight="4888">
        <ReadingOrder>
            <OrderedGroup id="ro_1711818276295" caption="Regions reading order">
                <RegionRefIndexed index="0" regionRef="tr_1"/>
            </OrderedGroup>
        </ReadingOrder>
        <TextRegion id="tr_1" custom="readingOrder {index:0;}">
            <Coords points="639,272 7427,272 7427,4461 639,4461"/>
            <TextLine id="tr_1_tl_1" custom="readingOrder {index:0;}">
                <Coords points="5435,378 5460,378 5484,394 5542,394 5550,402 5566,394 5591,419 5640,419 5657,222 5599,222 5575,189 5501,238 5451,230"/>
                <Baseline points="5491,334 5581,328 5670,322"/>
                <TextEquiv>
                    <Unicode>27</Unicode>
                </TextEquiv>
            </TextLine>
            <TextLine id="tr_1_tl_2" custom="readingOrder {index:1;}">
                <Coords points="632,903 7233,722 7241,378 3933,690 3128,476 2414,690 649,599"/>
                <Baseline points="687,836 711,836 800,830 890,818 979,812 1069,806 1159,806 1248,800 1338,794 1428,788 1517,788 1607,788 1697,794 1786,800 1876,800 1965,800 2055,806 2145,806 2234,806 2324,800 2414,794 2503,788 2593,782 2683,782 2772,782 2862,776 2951,776 3041,776 3131,770 3220,770 3310,770 3400,770 3489,770 3579,764 3668,758 3758,758 3848,764 3872,764 3937,770 4027,770 4117,770 4206,758 4296,752 4386,746 4475,740 4565,734 4654,729 4744,729 4834,723 4923,711 5013,705 5103,705 5192,699 5282,693 5372,693 5461,687 5551,681 5640,681 5730,675 5820,669 5909,669 5999,669 6089,663 6178,663 6268,663 6357,657 6447,645 6537,639 6626,639 6716,627 6806,621 6895,615 6985,609 7075,609 7164,609 7254,615"/>
                <TextEquiv>
                    <Unicode>Armer Jakob! Wie wirst du diffeute lang macht: Es, ks, es, es " auch ein irreische Ausruf,</Unicode>
                </TextEquiv>
            </TextLine>
            <TextLine id="tr_1_tl_3" custom="readingOrder {index:2;}">
                <Coords points="3941,1034 6215,854 6699,928 7241,846 7249,731 6576,640 5952,772 3957,837"/>
                <Baseline points="3997,944 4033,944 4123,938 4212,932 4302,926 4392,920 4481,914 4571,914 4660,908 4750,902 4840,902 4929,896 5019,896 5109,890 5198,884 5288,884 5377,878 5467,872 5557,866 5646,860 5736,854 5826,854 5915,854 6005,848 6095,848 6184,842 6274,836 6363,830 6453,824 6543,818 6632,818 6722,812 6812,800 6901,794 6991,788 7081,788 7170,788 7260,794"/>
                <TextEquiv>
                    <Unicode>dessen Erftnder er selbst war. Ente fing er von</Unicode>
                </TextEquiv>
            </TextLine>
            <TextLine id="tr_1_tl_4" custom="readingOrder {index:3;}">
                <Coords points="1166,911 1256,920 1281,895 1322,936 1387,887 1445,887 1494,928 1552,928 1609,878 1642,911 1691,870 1741,911 1872,862 1880,805 1560,788 1445,813 1166,813"/>
                <Baseline points="1207,878 1266,878 1356,878 1446,866 1535,860 1625,860 1714,854 1804,854 1894,848"/>
                <TextEquiv>
                    <Unicode>außer</Unicode>
                </TextEquiv>
            </TextLine>
            <TextLine id="tr_1_tl_5" custom="readingOrder {index:4;}">
                <Coords points="649,1034 2192,985 2488,1084 2594,977 3818,969 3892,813 649,903"/>
                <Baseline points="693,985 776,979 866,979 956,979 1045,979 1135,979 1224,979 1314,979 1404,979 1493,979 1583,979 1673,974 1762,974 1852,974 1942,968 2031,962 2121,968 2210,968 2300,968 2390,962 2479,962 2569,956 2659,950 2748,950 2838,950 2928,956 3017,950 3107,944 3196,944 3286,938 3376,938 3465,932 3555,926 3645,926 3734,926 3824,932 3913,926"/>
                <TextEquiv>
                    <Unicode>weilen, wenn es dir möglich ist, in deinen gottkomme</Unicode>
                </TextEquiv>
            </TextLine>
            <TextLine id="tr_1_tl_6" custom="readingOrder {index:5;}">
                <Coords points="3908,1223 4474,1100 5640,1158 5944,1043 6108,1149 6494,1002 6995,1018 7003,870 3924,1002"/>
                <Baseline points="3961,1123 3967,1129 4057,1123 4147,1111 4236,1105 4326,1099 4415,1093 4505,1093 4595,1087 4684,1087 4774,1087 4864,1075 4953,1075 5043,1069 5132,1063 5222,1051 5312,1039 5401,1045 5491,1039 5581,1033 5670,1027 5760,1021 5850,1021 5939,1021 6029,1015 6118,1015 6208,1009 6298,1009 6387,997 6477,997 6567,997 6656,991 6746,985 6836,974 6925,974 7015,974"/>
                <TextEquiv>
                    <Unicode>neuer an wie es seine Gewohnheit war.</Unicode>
                </TextEquiv>
            </TextLine>
            <TextLine id="tr_1_tl_7" custom="readingOrder {index:6;}">
                <Coords points="640,1174 1034,1248 1987,1141 2635,1248 2980,1158 3177,1248 3842,1133 3842,969 640,1043"/>
                <Baseline points="687,1135 729,1147 818,1153 908,1153 997,1153 1087,1153 1177,1153 1266,1153 1356,1153 1446,1153 1535,1147 1625,1147 1714,1147 1804,1147 1894,1141 1983,1135 2073,1129 2163,1135 2252,1135 2342,1135 2432,1135 2521,1135 2611,1135 2700,1135 2790,1135 2880,1129 2969,1129 3059,1123 3149,1123 3238,1123 3328,1123 3418,1117 3507,1117 3597,1111 3686,1105 3776,1111 3866,1117"/>
                <TextEquiv>
                    <Unicode>Gedanken Erbauung und Unterhaltung zu finden?</Unicode>
                </TextEquiv>
            </TextLine>
            <TextLine id="tr_1_tl_8" custom="readingOrder {index:7;}">
                <Coords points="4023,1322 4786,1305 4926,1404 5230,1256 6437,1199 6675,1297 7200,1166 7208,1051 6839,985 5665,1149 5451,1067 4926,1199 4039,1133"/>
                <Baseline points="4075,1296 4087,1296 4176,1296 4266,1290 4356,1284 4445,1278 4535,1272 4625,1272 4714,1266 4804,1260 4893,1254 4983,1254 5073,1242 5162,1236 5252,1236 5342,1224 5431,1219 5521,1213 5611,1213 5700,1207 5790,1207 5879,1207 5969,1201 6059,1201 6148,1195 6238,1189 6328,1189 6417,1183 6507,1177 6597,1171 6686,1165 6776,1159 6865,1153 6955,1147 7045,1141 7134,1141 7224,1141"/>
                <TextEquiv>
                    <Unicode>tiebet Pally, liebes Calka will ich sagen</Unicode>
                </TextEquiv>
            </TextLine>
            <TextLine id="tr_1_tl_9" custom="readingOrder {index:8;}">
                <Coords points="632,1371 2028,1429 2832,1314 3473,1404 3793,1355 3793,1141 2701,1256 2077,1133 632,1207"/>
                <Baseline points="681,1338 764,1344 854,1332 944,1332 1033,1326 1123,1326 1213,1332 1302,1326 1392,1320 1481,1314 1571,1314 1661,1314 1750,1314 1840,1308 1930,1308 2019,1302 2109,1308 2199,1314 2288,1314 2378,1314 2467,1314 2557,1308 2647,1308 2736,1308 2826,1308 2916,1308 3005,1308 3095,1302 3184,1302 3274,1302 3364,1296 3453,1296 3543,1296 3633,1296 3722,1290 3812,1296"/>
                <TextEquiv>
                    <Unicode>oder neu Fort Einsteigen! Loc als nach</Unicode>
                </TextEquiv>
            </TextLine>
            <TextLine id="tr_1_tl_10" custom="readingOrder {index:9;}">
                <Coords points="3941,1494 5763,1527 6166,1387 6921,1412 7102,1355 7110,1190 3949,1363"/>
                <Baseline points="3985,1469 4075,1464 4164,1458 4254,1458 4344,1452 4433,1446 4523,1440 4613,1440 4702,1434 4792,1434 4882,1428 4971,1428 5061,1422 5150,1416 5240,1410 5330,1404 5419,1398 5509,1392 5599,1392 5688,1386 5778,1386 5867,1392 5957,1386 6047,1380 6136,1380 6226,1374 6316,1368 6405,1362 6495,1356 6585,1350 6674,1344 6764,1332 6853,1332 6943,1326 7033,1332 7122,1344"/>
                <TextEquiv>
                    <Unicode>lieber Sitz und streichelte beid am</Unicode>
                </TextEquiv>
            </TextLine>
            <TextLine id="tr_1_tl_11" custom="readingOrder {index:10;}">
                <Coords points="681,1568 2898,1502 3875,1593 3883,1322 681,1412"/>
                <Baseline points="723,1511 758,1511 848,1511 938,1511 1027,1511 1117,1505 1207,1511 1296,1505 1386,1511 1475,1505 1565,1499 1655,1499 1744,1499 1834,1499 1924,1499 2013,1499 2103,1499 2193,1493 2282,1493 2372,1493 2461,1487 2551,1481 2641,1481 2730,1481 2820,1481 2910,1481 2999,1481 3089,1475 3178,1475 3268,1475 3358,1475 3447,1469 3537,1475 3627,1475 3716,1469 3806,1475 3896,1475"/>
                <TextEquiv>
                    <Unicode>tiesig - mødling - baden - Köslau - schellte</Unicode>
                </TextEquiv>
            </TextLine>
            <TextLine id="tr_1_tl_12" custom="readingOrder {index:11;}">
                <Coords points="3982,1691 4031,1691 4064,1667 4089,1683 4113,1658 4138,1675 4154,1658 4187,1675 4269,1667 4286,1494 4220,1486 4187,1461 4154,1470 4121,1502 4089,1494 4080,1478 3998,1478"/>
                <Baseline points="4039,1649 4123,1643 4212,1631 4302,1631"/>
                <TextEquiv>
                    <Unicode>Ein</Unicode>
                </TextEquiv>
            </TextLine>
            <TextLine id="tr_1_tl_13" custom="readingOrder {index:12;}">
                <Coords points="681,1716 3128,1667 3621,1782 3850,1601 1601,1502 681,1617"/>
                <Baseline points="729,1685 734,1691 824,1691 914,1691 1003,1685 1093,1691 1183,1685 1272,1685 1362,1679 1452,1679 1541,1673 1631,1673 1720,1673 1810,1673 1900,1673 1989,1673 2079,1667 2169,1667 2258,1667 2348,1667 2438,1667 2527,1661 2617,1661 2706,1655 2796,1661 2886,1661 2975,1655 3065,1649 3155,1655 3244,1649 3334,1643 3423,1643 3513,1643 3603,1643 3692,1649 3782,1649 3872,1649"/>
                <TextEquiv>
                    <Unicode>es, das dritte Glockensignal wurde gege¬</Unicode>
                </TextEquiv>
            </TextLine>
            <TextLine id="tr_1_tl_14" custom="readingOrder {index:13;}">
                <Coords points="3965,1929 5739,1716 5919,1855 6757,1683 7217,1798 7233,1519 6190,1404 5763,1527 4934,1502 4745,1634 4491,1519 3974,1691"/>
                <Baseline points="4021,1816 4099,1810 4188,1810 4278,1804 4368,1804 4457,1798 4547,1798 4637,1786 4726,1780 4816,1780 4905,1774 4995,1768 5085,1768 5174,1762 5264,1756 5354,1750 5443,1744 5533,1732 5622,1720 5712,1714 5802,1720 5891,1720 5981,1720 6071,1714 6160,1714 6250,1709 6340,1697 6429,1697 6519,1685 6608,1685 6698,1685 6788,1679 6877,1679 6967,1679 7057,1691 7146,1703 7236,1726"/>
                <TextEquiv>
                    <Unicode>geh lass' mich in Aus" wiefer beide aus¬</Unicode>
                </TextEquiv>
            </TextLine>
            <TextLine id="tr_1_tl_15" custom="readingOrder {index:14;}">
                <Coords points="698,1913 3539,1888 3867,1855 3867,1650 3465,1757 2496,1658 698,1749"/>
                <Baseline points="740,1864 746,1864 836,1864 926,1858 1015,1858 1105,1852 1195,1852 1284,1852 1374,1852 1464,1846 1553,1846 1643,1846 1732,1846 1822,1846 1912,1840 2001,1840 2091,1840 2181,1840 2270,1834 2360,1834 2449,1834 2539,1828 2629,1828 2718,1828 2808,1828 2898,1828 2987,1822 3077,1816 3167,1816 3256,1816 3346,1810 3435,1810 3525,1810 3615,1816 3704,1810 3794,1810 3884,1810"/>
                <TextEquiv>
                    <Unicode>ben, der Conductant blieb in sein Hove, und</Unicode>
                </TextEquiv>
            </TextLine>
            <TextLine id="tr_1_tl_16" custom="readingOrder {index:15;}">
                <Coords points="4006,2061 4622,1979 4836,2126 5492,1929 5862,2094 6478,2135 7028,2061 7044,1716 4015,1897"/>
                <Baseline points="4063,1989 4099,1989 4188,1989 4278,1983 4368,1977 4457,1971 4547,1965 4637,1959 4726,1954 4816,1948 4905,1948 4995,1942 5085,1942 5174,1942 5264,1936 5354,1924 5443,1918 5533,1912 5622,1906 5712,1900 5802,1900 5891,1900 5981,1894 6071,1888 6160,1882 6250,1876 6340,1870 6429,1864 6519,1864 6608,1864 6698,1858 6788,1858 6877,1858 6967,1852 7057,1846"/>
                <TextEquiv>
                    <Unicode>Wie ihr wollt. - Falke, ich liebe dich.</Unicode>
                </TextEquiv>
            </TextLine>
            <TextLine id="tr_1_tl_17" custom="readingOrder {index:16;}">
                <Coords points="2882,1929 2988,1905 3029,1938 3087,1921 3120,1954 3169,1921 3202,1954 3259,1938 3317,1888 3358,1897 3358,1814 3300,1798 3268,1831 3218,1806 3136,1839 3087,1839 3062,1814 3038,1831 2964,1814 2939,1839 2890,1839"/>
                <Baseline points="2933,1894 3023,1900 3113,1894 3202,1894 3292,1888 3382,1882"/>
                <TextEquiv>
                    <Unicode>sichtsch</Unicode>
                </TextEquiv>
            </TextLine>
            <TextLine id="tr_1_tl_18" custom="readingOrder {index:17;}">
                <Coords points="632,2061 3530,2085 3850,2020 3850,1847 632,1946"/>
                <Baseline points="675,2037 734,2031 824,2025 914,2025 1003,2031 1093,2031 1183,2031 1272,2025 1362,2025 1452,2019 1541,2013 1631,2013 1720,2013 1810,2013 1900,2019 1989,2013 2079,2013 2169,2013 2258,2007 2348,2001 2438,2001 2527,2001 2617,2001 2706,1995 2796,2001 2886,1995 2975,1995 3065,2001 3155,2001 3244,2001 3334,2001 3423,2001 3513,1995 3603,1989 3692,1989 3782,1983 3872,1995"/>
                <TextEquiv>
                    <Unicode>mit einem schrillen Pfiff flog in Loes</Unicode>
                </TextEquiv>
            </TextLine>
            <TextLine id="tr_1_tl_19" custom="readingOrder {index:18;}">
                <Coords points="4072,2258 4130,2250 4228,2176 4327,2217 4433,2184 4491,2258 4639,2200 4688,2208 4704,1987 4557,1979 4516,2003 4425,1962 4318,2036 4294,2011 4228,2036 4204,2011 4162,2044 4089,2044"/>
                <Baseline points="4123,2163 4170,2163 4260,2157 4350,2151 4439,2145 4529,2139 4619,2121 4708,2121"/>
                <TextEquiv>
                    <Unicode>Hör auf.</Unicode>
                </TextEquiv>
            </TextLine>
            <TextLine id="tr_1_tl_20" custom="readingOrder {index:19;}">
                <Coords points="632,2258 1658,2208 1954,2332 2184,2192 2759,2282 3456,2176 3686,2274 3842,2241 3850,2020 2865,2020 2668,2126 2438,2020 1568,2126 640,2061"/>
                <Baseline points="675,2228 729,2222 818,2210 908,2210 997,2204 1087,2204 1177,2204 1266,2199 1356,2199 1446,2187 1535,2187 1625,2181 1714,2187 1804,2187 1894,2187 1983,2193 2073,2193 2163,2187 2252,2187 2342,2181 2432,2181 2521,2181 2611,2181 2700,2175 2790,2169 2880,2175 2969,2175 3059,2169 3149,2175 3238,2181 3328,2175 3418,2169 3507,2169 3597,2163 3686,2169 3776,2175 3866,2175"/>
                <TextEquiv>
                    <Unicode>motivh in Bewegung. Die Gymnasiaten</Unicode>
                </TextEquiv>
            </TextLine>
            <TextLine id="tr_1_tl_21" custom="readingOrder {index:20;}">
                <Coords points="4138,2373 4507,2323 4655,2381 4762,2307 4869,2356 5254,2282 5345,2381 5714,2389 5731,2094 5566,2118 5443,2020 5181,1987 4516,2258 4425,2192 4335,2233 4245,2159 4146,2184"/>
                <Baseline points="4182,2324 4218,2330 4308,2324 4398,2318 4487,2318 4577,2312 4666,2300 4756,2300 4846,2300 4935,2294 5025,2288 5115,2282 5204,2282 5294,2276 5383,2276 5473,2270 5563,2264 5652,2258 5742,2258"/>
                <TextEquiv>
                    <Unicode>Sie's, ich fahle dich.</Unicode>
                </TextEquiv>
            </TextLine>
            <TextLine id="tr_1_tl_22" custom="readingOrder {index:21;}">
                <Coords points="632,2406 3875,2430 3949,2192 3670,2274 2890,2176 2750,2299 2184,2192 1979,2315 961,2217 632,2315"/>
                <Baseline points="681,2366 770,2366 860,2372 950,2372 1039,2366 1129,2372 1219,2372 1308,2372 1398,2366 1487,2360 1577,2360 1667,2360 1756,2366 1846,2366 1936,2366 2025,2366 2115,2366 2204,2366 2294,2360 2384,2360 2473,2360 2563,2360 2653,2354 2742,2354 2832,2354 2922,2348 3011,2342 3101,2348 3190,2348 3280,2342 3370,2342 3459,2348 3549,2348 3639,2342 3728,2342 3818,2348 3908,2360 3973,2378"/>
                <TextEquiv>
                    <Unicode>in ijoure Coupier schwalgten luftig mit einander,</Unicode>
                </TextEquiv>
            </TextLine>
            <TextLine id="tr_1_tl_23" custom="readingOrder {index:22;}">
                <Coords points="4089,2562 4294,2496 4458,2529 4548,2496 4622,2578 4852,2471 5074,2594 5213,2520 5222,2364 5025,2291 4877,2356 4729,2315 4647,2381 4565,2323 4417,2315 4343,2373 4245,2340 4097,2389"/>
                <Baseline points="4135,2515 4158,2509 4248,2503 4338,2497 4427,2485 4517,2479 4607,2473 4696,2473 4786,2461 4876,2461 4965,2455 5055,2449 5144,2444 5234,2438"/>
                <TextEquiv>
                    <Unicode>Lass auf die Ruf:</Unicode>
                </TextEquiv>
            </TextLine>
            <TextLine id="tr_1_tl_24" custom="readingOrder {index:23;}">
                <Coords points="4089,2742 4614,2668 5222,2808 5517,2652 6141,2685 6543,2562 6740,2660 7258,2562 7274,2291 5443,2364 5033,2586 4852,2471 4097,2570"/>
                <Baseline points="4135,2671 4141,2671 4230,2671 4320,2671 4409,2665 4499,2659 4589,2653 4678,2653 4768,2647 4858,2647 4947,2641 5037,2641 5127,2635 5216,2629 5306,2623 5395,2617 5485,2611 5575,2605 5664,2599 5754,2593 5844,2587 5933,2575 6023,2575 6112,2569 6202,2563 6292,2557 6381,2557 6471,2551 6561,2545 6650,2539 6740,2533 6830,2527 6919,2521 7009,2521 7098,2515 7188,2515 7278,2515"/>
                <TextEquiv>
                    <Unicode>H7 herachte auch beide. 25, ks, k.s. ks., ks</Unicode>
                </TextEquiv>
            </TextLine>
            <TextLine id="tr_1_tl_25" custom="readingOrder {index:24;}">
                <Coords points="673,2586 1765,2545 2069,2644 2668,2529 3415,2635 3695,2537 3867,2644 3916,2422 2192,2364 2020,2463 1453,2356 673,2488"/>
                <Baseline points="717,2545 800,2551 890,2545 979,2545 1069,2545 1159,2545 1248,2545 1338,2539 1428,2539 1517,2539 1607,2539 1697,2539 1786,2545 1876,2539 1965,2539 2055,2539 2145,2533 2234,2527 2324,2527 2414,2527 2503,2527 2593,2527 2683,2527 2772,2527 2862,2521 2951,2527 3041,2521 3131,2521 3220,2527 3310,2521 3400,2521 3489,2521 3579,2521 3668,2521 3758,2515 3848,2527 3937,2539"/>
                <TextEquiv>
                    <Unicode>Arthur Falka machte Dinnig mit seinem Trennen</Unicode>
                </TextEquiv>
            </TextLine>
            <TextLine id="tr_1_tl_26" custom="readingOrder {index:25;}">
                <Coords points="608,2742 1757,2800 1905,2709 2701,2857 2906,2759 3596,2791 3727,2726 3727,2562 3062,2635 2652,2529 2069,2644 1256,2537 608,2660"/>
                <Baseline points="651,2718 699,2730 788,2730 878,2730 968,2724 1057,2724 1147,2730 1236,2724 1326,2718 1416,2718 1505,2712 1595,2706 1685,2706 1774,2706 1864,2706 1954,2706 2043,2706 2133,2706 2222,2700 2312,2700 2402,2706 2491,2706 2581,2706 2671,2700 2760,2700 2850,2700 2939,2694 3029,2700 3119,2694 3208,2700 3298,2700 3388,2700 3477,2694 3567,2688 3657,2688 3746,2683"/>
                <TextEquiv>
                    <Unicode>bekannt, und Weizen schnaggte eben das</Unicode>
                </TextEquiv>
            </TextLine>
            <TextLine id="tr_1_tl_27" custom="readingOrder {index:26;}">
                <Coords points="5928,2726 6108,2775 6445,2759 6584,2816 6773,2701 6872,2750 7249,2685 7258,2562 7011,2562 6798,2644 6724,2586 6650,2611 6437,2537 6166,2668 6034,2594 5936,2644"/>
                <Baseline points="5969,2724 6023,2724 6112,2730 6202,2736 6292,2736 6381,2736 6471,2730 6561,2724 6650,2718 6740,2706 6830,2700 6919,2694 7009,2694 7098,2683 7188,2683 7278,2683"/>
                <TextEquiv>
                    <Unicode>Endlich ging in</Unicode>
                </TextEquiv>
            </TextLine>
            <TextLine id="tr_1_tl_28" custom="readingOrder {index:27;}">
                <Coords points="6880,2808 6913,2808 6929,2824 6987,2800 7020,2824 7093,2783 7126,2791 7151,2775 7208,2800 7217,2693 7176,2685 7126,2718 7093,2685 7069,2709 7044,2701 7028,2718 6946,2734 6888,2718"/>
                <Baseline points="6937,2796 6955,2796 7045,2784 7134,2778 7224,2772"/>
                <TextEquiv>
                    <Unicode>Dt</Unicode>
                </TextEquiv>
            </TextLine>
            <TextLine id="tr_1_tl_29" custom="readingOrder {index:28;}">
                <Coords points="3941,2915 4039,2923 4113,2882 4187,2947 4483,2857 4614,2923 4680,2906 4688,2701 4639,2709 4589,2660 4450,2709 4351,2685 4310,2726 4146,2676 4048,2775 3957,2750"/>
                <Baseline points="3997,2862 4069,2850 4158,2844 4248,2838 4338,2832 4427,2832 4517,2826 4607,2820 4696,2814"/>
                <TextEquiv>
                    <Unicode>Kr. Ks.</Unicode>
                </TextEquiv>
            </TextLine>
            <TextLine id="tr_1_tl_30" custom="readingOrder {index:29;}">
                <Coords points="4967,3013 5353,2964 5739,3062 6026,2939 6847,2964 6937,2882 7134,2947 7282,2882 7217,2791 6781,2841 6527,2767 6363,2865 5763,2652 4975,2832"/>
                <Baseline points="5013,2981 5061,2981 5150,2975 5240,2963 5330,2957 5419,2945 5509,2945 5599,2939 5688,2933 5778,2928 5867,2928 5957,2928 6047,2922 6136,2922 6226,2916 6316,2922 6405,2916 6495,2910 6585,2898 6674,2892 6764,2886 6853,2874 6943,2874 7033,2874 7122,2874 7212,2868 7302,2862"/>
                <TextEquiv>
                    <Unicode>der Zug hielt in Mödchen die</Unicode>
                </TextEquiv>
            </TextLine>
            <TextLine id="tr_1_tl_31" custom="readingOrder {index:30;}">
                <Coords points="673,2956 1190,2890 1420,2906 1511,2997 1617,2898 1839,2906 1897,2972 2036,2915 2036,2718 1888,2701 1757,2791 1658,2726 1314,2726 1256,2775 977,2726 673,2816"/>
                <Baseline points="717,2886 800,2886 890,2886 979,2892 1069,2886 1159,2886 1248,2892 1338,2892 1428,2892 1517,2892 1607,2886 1697,2886 1786,2892 1876,2892 1965,2880 2055,2874"/>
                <TextEquiv>
                    <Unicode>Vort Faug auf.</Unicode>
                </TextEquiv>
            </TextLine>
            <TextLine id="tr_1_tl_32" custom="readingOrder {index:31;}">
                <Coords points="591,3095 878,3177 993,3079 3120,3029 3391,3128 3842,3046 3850,2857 3506,2783 2890,2956 2225,2865 591,2997"/>
                <Baseline points="639,3089 723,3077 812,3065 902,3053 991,3053 1081,3053 1171,3053 1260,3053 1350,3053 1440,3053 1529,3053 1619,3053 1709,3053 1798,3053 1888,3047 1977,3047 2067,3047 2157,3047 2246,3047 2336,3047 2426,3047 2515,3041 2605,3041 2694,3041 2784,3035 2874,3035 2963,3035 3053,3035 3143,3029 3232,3029 3322,3029 3412,3029 3501,3029 3591,3029 3680,3023 3770,3029 3860,3029"/>
                <TextEquiv>
                    <Unicode>"Ah kam zu "Slandesholte er mit einem ironischen</Unicode>
                </TextEquiv>
            </TextLine>
            <TextLine id="tr_1_tl_33" custom="readingOrder {index:32;}">
                <Coords points="4064,3259 7315,3079 7381,2874 6379,3029 6034,2931 5747,3062 5123,2972 4975,3079 4080,2906"/>
                <Baseline points="4117,3196 4170,3184 4260,3178 4350,3173 4439,3173 4529,3167 4619,3167 4708,3167 4798,3167 4888,3155 4977,3149 5067,3149 5156,3149 5246,3143 5336,3131 5425,3125 5515,3119 5605,3119 5694,3113 5784,3113 5873,3107 5963,3101 6053,3101 6142,3095 6232,3089 6322,3089 6411,3083 6501,3077 6591,3065 6680,3059 6770,3047 6859,3041 6949,3035 7039,3029 7128,3029 7218,3029 7308,3035 7397,3053"/>
                <TextEquiv>
                    <Unicode>Büsschen sprangen heraus, umbekten</Unicode>
                </TextEquiv>
            </TextLine>
            <TextLine id="tr_1_tl_34" custom="readingOrder {index:33;}">
                <Coords points="698,3276 2685,3227 2915,3350 3448,3210 3850,3309 3900,3046 3489,3038 3374,3153 3120,3021 698,3136"/>
                <Baseline points="740,3232 782,3232 872,3226 962,3220 1051,3220 1141,3226 1230,3220 1320,3220 1410,3220 1499,3220 1589,3220 1679,3214 1768,3214 1858,3208 1948,3214 2037,3220 2127,3220 2216,3214 2306,3214 2396,3214 2485,3208 2575,3208 2665,3208 2754,3202 2844,3202 2933,3202 3023,3202 3113,3202 3202,3196 3292,3202 3382,3208 3471,3208 3561,3202 3651,3202 3740,3202 3830,3208 3919,3214"/>
                <TextEquiv>
                    <Unicode>tiggenommen zusammengrassen der Höhne,</Unicode>
                </TextEquiv>
            </TextLine>
            <TextLine id="tr_1_tl_35" custom="readingOrder {index:34;}">
                <Coords points="4064,3424 4901,3333 5131,3456 5435,3300 6231,3259 6478,3383 6905,3227 7389,3235 7397,3071 4072,3251"/>
                <Baseline points="4111,3382 4182,3382 4272,3364 4362,3358 4451,3346 4541,3340 4631,3340 4720,3334 4810,3328 4899,3322 4989,3322 5079,3316 5168,3304 5258,3304 5348,3292 5437,3286 5527,3286 5617,3286 5706,3286 5796,3280 5885,3274 5975,3268 6065,3262 6154,3256 6244,3256 6334,3250 6423,3244 6513,3244 6602,3238 6692,3238 6782,3232 6871,3226 6961,3220 7051,3220 7140,3220 7230,3214 7320,3214 7409,3220"/>
                <TextEquiv>
                    <Unicode>Die Glieder. Gerne ist mein Schrits folgte ihren</Unicode>
                </TextEquiv>
            </TextLine>
            <TextLine id="tr_1_tl_36" custom="readingOrder {index:35;}">
                <Coords points="4072,3621 6034,3448 7159,3489 7282,3456 7290,3268 6905,3227 6420,3383 6182,3268 5657,3366 5501,3284 5148,3432 4869,3333 4080,3448"/>
                <Baseline points="4123,3543 4164,3543 4254,3531 4344,3525 4433,3519 4523,3507 4613,3507 4702,3507 4792,3507 4882,3507 4971,3501 5061,3495 5150,3489 5240,3483 5330,3477 5419,3471 5509,3465 5599,3465 5688,3459 5778,3459 5867,3459 5957,3453 6047,3447 6136,3441 6226,3435 6316,3435 6405,3435 6495,3429 6585,3423 6674,3418 6764,3412 6853,3406 6943,3394 7033,3376 7122,3376 7212,3370 7302,3364"/>
                <TextEquiv>
                    <Unicode>Maxer und alle möchte sich</Unicode>
                </TextEquiv>
            </TextLine>
            <TextLine id="tr_1_tl_37" custom="readingOrder {index:36;}">
                <Coords points="681,3448 1100,3415 1273,3530 2315,3374 3136,3489 3842,3383 3842,3251 1979,3210 1486,3350 854,3227 681,3350"/>
                <Baseline points="729,3412 788,3400 878,3400 968,3400 1057,3400 1147,3400 1236,3406 1326,3400 1416,3400 1505,3400 1595,3400 1685,3388 1774,3382 1864,3376 1954,3382 2043,3382 2133,3376 2222,3376 2312,3370 2402,3370 2491,3370 2581,3370 2671,3376 2760,3376 2852,3374 2852,3374 2945,3370 3035,3370 3125,3376 3214,3376 3304,3382 3394,3382 3483,3382 3573,3376 3663,3376 3752,3376 3842,3382 3866,3376"/>
                <TextEquiv>
                    <Unicode>das ganz seine Erfindig war. "Ja ja, die kau"</Unicode>
                </TextEquiv>
            </TextLine>
            <TextLine id="tr_1_tl_38" custom="readingOrder {index:37;}">
                <Coords points="690,3604 985,3571 1190,3678 1568,3571 1757,3670 2323,3563 2668,3629 3309,3555 3309,3448 2266,3366 1938,3506 1642,3407 1305,3514 1125,3424 690,3514"/>
                <Baseline points="734,3579 746,3579 836,3567 926,3567 1015,3567 1105,3567 1195,3567 1284,3573 1374,3567 1464,3567 1553,3567 1643,3567 1732,3561 1822,3561 1912,3561 2001,3561 2091,3555 2181,3549 2270,3549 2360,3555 2449,3549 2539,3555 2629,3561 2718,3549 2748,3555 2784,3555 2874,3549 2963,3549 3053,3537 3143,3543 3232,3543 3322,3537"/>
                <TextEquiv>
                    <Unicode>erzähl uns weiter, Salka," fuhr er</Unicode>
                </TextEquiv>
            </TextLine>
            <TextLine id="tr_1_tl_39" custom="readingOrder {index:38;}">
                <Coords points="4056,3777 7249,3621 7258,3432 4064,3621"/>
                <Baseline points="4111,3698 4129,3698 4218,3692 4308,3686 4398,3686 4487,3686 4577,3686 4666,3680 4756,3686 4846,3680 4935,3674 5025,3663 5115,3657 5204,3651 5294,3651 5383,3645 5473,3639 5563,3633 5652,3633 5742,3627 5832,3621 5921,3615 6011,3609 6101,3609 6190,3603 6280,3597 6369,3591 6459,3585 6549,3579 6638,3579 6728,3573 6818,3567 6907,3561 6997,3555 7087,3555 7176,3549 7266,3537"/>
                <TextEquiv>
                    <Unicode>auf den Wag. Der schönste Morgen lag</Unicode>
                </TextEquiv>
            </TextLine>
            <TextLine id="tr_1_tl_40" custom="readingOrder {index:39;}">
                <Coords points="3432,3580 3489,3563 3539,3580 3580,3555 3637,3571 3670,3555 3686,3571 3777,3571 3801,3596 3842,3596 3834,3374 3785,3374 3752,3399 3662,3383 3612,3432 3580,3424 3555,3448 3424,3432"/>
                <Baseline points="3477,3549 3567,3549 3657,3549 3746,3549 3836,3555 3860,3561"/>
                <TextEquiv>
                    <Unicode>5th</Unicode>
                </TextEquiv>
            </TextLine>
            <TextLine id="tr_1_tl_41" custom="readingOrder {index:40;}">
                <Coords points="2709,3662 2882,3645 2956,3711 3227,3637 3407,3678 3473,3621 3892,3662 3892,3563 3465,3555 3358,3456 3251,3563 3103,3530 3062,3571 2956,3539 2709,3580"/>
                <Baseline points="2754,3633 2844,3633 2933,3633 3023,3627 3113,3627 3202,3615 3292,3615 3382,3609 3471,3609 3561,3615 3651,3621 3740,3621 3830,3633 3913,3651"/>
                <TextEquiv>
                    <Unicode>das Justizgehört durch zum</Unicode>
                </TextEquiv>
            </TextLine>
            <TextLine id="tr_1_tl_42" custom="readingOrder {index:41;}">
                <Coords points="665,3809 1519,3744 1847,3859 2003,3744 2603,3842 2791,3736 3013,3842 3333,3736 3473,3834 3900,3785 3900,3662 2250,3571 1790,3670 1568,3571 665,3703"/>
                <Baseline points="711,3758 770,3752 860,3752 950,3752 1039,3746 1129,3746 1219,3746 1308,3746 1398,3740 1487,3740 1577,3734 1667,3734 1756,3734 1846,3734 1936,3734 2025,3734 2115,3728 2204,3728 2294,3728 2384,3728 2473,3728 2563,3728 2653,3728 2742,3734 2832,3734 2922,3734 3011,3734 3101,3740 3190,3734 3280,3734 3370,3734 3459,3734 3549,3728 3639,3722 3728,3722 3818,3722 3908,3722"/>
                <TextEquiv>
                    <Unicode>wusste er ganz genau, wovon händel da¬</Unicode>
                </TextEquiv>
            </TextLine>
            <TextLine id="tr_1_tl_43" custom="readingOrder {index:42;}">
                <Coords points="4080,3949 5566,3818 6272,3916 6781,3760 7044,3850 7373,3793 7389,3481 6798,3686 6182,3612 5878,3752 5550,3653 4097,3736"/>
                <Baseline points="4135,3884 4158,3890 4248,3878 4338,3878 4427,3872 4517,3878 4607,3872 4696,3866 4786,3860 4876,3848 4965,3836 5055,3836 5144,3830 5234,3830 5324,3824 5413,3818 5503,3812 5593,3812 5682,3806 5772,3806 5862,3800 5951,3794 6041,3788 6130,3776 6220,3764 6310,3758 6399,3764 6489,3758 6579,3758 6668,3758 6758,3752 6847,3746 6937,3740 7027,3734 7116,3728 7206,3728 7296,3728 7385,3740"/>
                <TextEquiv>
                    <Unicode>über der Thaublitzenden, primen Erde,</Unicode>
                </TextEquiv>
            </TextLine>
            <TextLine id="tr_1_tl_44" custom="readingOrder {index:43;}">
                <Coords points="4121,4121 5189,3998 5731,4080 5854,3982 6026,4080 6576,3949 6814,4056 6962,3933 7356,3990 7364,3801 6790,3768 6223,3908 5591,3801 4130,3974"/>
                <Baseline points="4176,4057 4242,4057 4332,4057 4421,4051 4511,4045 4601,4045 4690,4039 4780,4027 4870,4015 4959,4009 5049,4009 5138,4003 5228,4003 5318,4003 5407,3997 5497,3991 5587,3985 5676,3973 5766,3979 5856,3973 5945,3967 6035,3967 6124,3961 6214,3961 6304,3955 6393,3949 6483,3943 6573,3943 6662,3937 6752,3931 6842,3925 6931,3925 7021,3919 7110,3908 7200,3908 7290,3896 7379,3890"/>
                <TextEquiv>
                    <Unicode>Radend, pfeisend, singant, wodurch und</Unicode>
                </TextEquiv>
            </TextLine>
            <TextLine id="tr_1_tl_45" custom="readingOrder {index:44;}">
                <Coords points="690,3957 1617,4015 1839,3924 2094,4056 2726,3916 3424,4048 3933,3924 3933,3752 3005,3842 2767,3736 2488,3842 1987,3736 1839,3859 1511,3736 690,3850"/>
                <Baseline points="734,3949 818,3937 908,3931 997,3925 1087,3925 1177,3925 1266,3925 1356,3919 1446,3919 1535,3913 1625,3919 1714,3919 1804,3919 1894,3919 1983,3919 2073,3913 2163,3913 2252,3919 2342,3919 2432,3919 2521,3913 2611,3913 2700,3913 2790,3908 2880,3908 2969,3902 3059,3908 3149,3913 3238,3913 3328,3913 3418,3913 3507,3913 3597,3913 3686,3913 3776,3913 3866,3913 3955,3919"/>
                <TextEquiv>
                    <Unicode>„natürlich der Heiße wieder, geſweg sprach</Unicode>
                </TextEquiv>
            </TextLine>
            <TextLine id="tr_1_tl_46" custom="readingOrder {index:45;}">
                <Coords points="4130,4343 4869,4195 5731,4245 6954,4097 7208,4187 7225,3957 6396,4039 6305,3949 6026,4080 5919,3990 5599,4089 5189,4006 5033,4130 4688,4056 4138,4162"/>
                <Baseline points="4176,4236 4188,4230 4278,4230 4368,4230 4457,4224 4547,4218 4637,4212 4726,4206 4816,4200 4905,4194 4995,4188 5085,4182 5174,4176 5264,4170 5354,4170 5443,4164 5533,4164 5622,4158 5712,4153 5802,4153 5891,4141 5981,4135 6071,4129 6160,4123 6250,4117 6340,4117 6429,4117 6519,4111 6608,4111 6698,4105 6788,4105 6877,4099 6967,4087 7057,4081 7146,4069 7236,4063"/>
                <TextEquiv>
                    <Unicode>zogen die Jungen über die Wiesen.</Unicode>
                </TextEquiv>
            </TextLine>
            <TextLine id="tr_1_tl_47" custom="readingOrder {index:46;}">
                <Coords points="772,4154 1043,4130 1166,4228 1289,4113 1543,4146 1790,4097 1888,4171 2003,4130 2011,3949 1708,3933 1519,4023 1461,3965 1322,3949 1256,4006 1026,3941 780,3949"/>
                <Baseline points="818,4105 860,4111 950,4105 1039,4099 1129,4093 1219,4093 1308,4093 1398,4093 1487,4093 1577,4093 1667,4093 1756,4093 1846,4093 1936,4087 2025,4075"/>
                <TextEquiv>
                    <Unicode>Sie in ärgerhaf</Unicode>
                </TextEquiv>
            </TextLine>
            <TextLine id="tr_1_tl_48" custom="readingOrder {index:47;}">
                <Coords points="3292,4138 3399,4154 3448,4130 3489,4171 3588,4171 3678,4121 3711,4146 3752,4121 3875,4187 3941,4171 3933,3924 3842,3965 3744,3957 3670,4015 3506,4006 3424,4056 3284,4048"/>
                <Baseline points="3334,4117 3423,4123 3513,4117 3603,4117 3692,4117 3782,4123 3872,4135 3961,4158"/>
                <TextEquiv>
                    <Unicode>wanderreitung</Unicode>
                </TextEquiv>
            </TextLine>
            <TextLine id="tr_1_tl_49" custom="readingOrder {index:48;}">
                <Coords points="821,4343 3933,4286 3933,4162 3686,4113 1346,4113 1166,4228 821,4130"/>
                <Baseline points="866,4278 902,4278 991,4278 1081,4278 1171,4278 1260,4272 1350,4272 1440,4272 1529,4272 1619,4266 1709,4260 1798,4260 1888,4266 1977,4260 2067,4254 2157,4254 2246,4248 2336,4248 2426,4242 2515,4242 2605,4242 2694,4242 2784,4248 2874,4254 2963,4254 3053,4254 3143,4254 3232,4254 3322,4254 3412,4254 3501,4254 3591,4254 3680,4248 3770,4248 3860,4248 3949,4248"/>
                <TextEquiv>
                    <Unicode>Wie ihr wolle liebe Collegen, dann drehte</Unicode>
                </TextEquiv>
            </TextLine>
            <TextLine id="tr_1_tl_50" custom="readingOrder {index:49;}">
                <Coords points="4204,4507 6116,4458 6724,4286 7405,4392 7430,4039 6781,4212 6650,4113 4212,4302"/>
                <Baseline points="4254,4392 4290,4398 4380,4398 4469,4398 4559,4398 4648,4392 4738,4380 4828,4374 4917,4368 5007,4356 5097,4344 5186,4338 5276,4338 5366,4332 5455,4332 5545,4332 5634,4332 5724,4332 5814,4320 5903,4314 5993,4308 6083,4302 6172,4296 6262,4290 6352,4284 6441,4284 6531,4278 6620,4272 6710,4272 6800,4272 6889,4266 6979,4260 7069,4254 7158,4248 7248,4242 7337,4248 7427,4266"/>
                <TextEquiv>
                    <Unicode>Freilich dürfte sie Major beim Rauchen¬</Unicode>
                </TextEquiv>
            </TextLine>
            <TextLine id="tr_1_tl_51" custom="readingOrder {index:50;}">
                <Coords points="1248,4425 1289,4425 1363,4384 1387,4401 1404,4384 1470,4384 1486,4368 1527,4376 1560,4360 1576,4376 1626,4376 1626,4277 1585,4277 1543,4302 1470,4302 1420,4269 1404,4286 1314,4286 1289,4310 1248,4310"/>
                <Baseline points="1290,4362 1374,4356 1464,4362 1553,4356 1643,4356"/>
                <TextEquiv>
                    <Unicode>habe.</Unicode>
                </TextEquiv>
            </TextLine>
            <TextLine id="tr_1_tl_52" custom="readingOrder {index:51;}">
                <Coords points="714,4474 985,4565 1560,4474 1732,4557 1847,4450 3653,4565 3965,4491 3965,4277 714,4335"/>
                <Baseline points="758,4445 848,4445 938,4445 1027,4445 1117,4451 1207,4451 1296,4445 1386,4445 1475,4445 1565,4439 1655,4433 1744,4427 1834,4421 1924,4415 2013,4421 2103,4421 2193,4415 2282,4415 2372,4415 2461,4415 2551,4415 2641,4421 2730,4427 2820,4433 2910,4433 2999,4433 3089,4439 3178,4439 3268,4433 3358,4439 3447,4433 3537,4427 3627,4427 3716,4427 3806,4427 3896,4427 3985,4427"/>
                <TextEquiv>
                    <Unicode>er sich wieder um und glaubte eine schreiten</Unicode>
                </TextEquiv>
            </TextLine>
        </TextRegion>
    </Page>
</PcGts>
