7448 4824
5385 189 5599 429 xx
2109 240 2341 429 3
3807 309 4433 617 4 Nr. 24
283 352 3730 686 die Geschichte erzählen? Oder hab' ich dir sie schon einmal
3859 352 7237 789 Ich, mein lieber Freund habe mich diesmal ungeheu¬
326 609 3782 883 erzählt? Du weißt vielleicht, mit der Kellnerin, welcher
343 635 7229 1055 hat sie gehalten, nur scheint, ich hat dir sie einmal gezogt als Stimmt benommen. Ich bin erst noch nicht weiter gekommen,
3816 823 7203 1140 das ihr nachzusteigen und - von ihr ausgelacht
6131 978 6740 1115 Diesmal
240 952 2212 1261 dienil der weißen Schürze - Nicht:
3850 995 7212 1355 zu werden. Weiß ich, was mir im Wege steht,
2144 978 3773 1389 ist es eine Ausnahme. Und
377 1115 2058 1415 Ja ich erinnere mich. Doch
3859 1235 7246 1475 vielleicht weil es mein erster Fall nicht
1818 1295 2049 1415 P.
317 1286 3799 1586 dann eine Kellnerin und Tanz erin! Auch im Vergleich¬
3799 1338 7254 1706 Balleitümerin ist? Oder daß da dieses Lachen?
266 1449 3739 1766 "Ah=bah! Die Kellnerin hat arbeitet mit den Händen
3824 1535 7263 1861 Oder weil sie mit gar sovielen Herren imgeht. 2. Juny
369 1586 3782 1912 Die längerin mit den keinen F; auch ein Unterschied¬
3850 1681 7246 2007 ich erkenne mich selbst nicht mehr. Nun habe ich
309 1809 3773 2032 Weißt Du, wann du Grund hast zu verzweifeln. Wenn
3859 1921 7246 2221 aber meine Philosophie zur Hilfe genommen, und
326 1998 3739 2281 du ihr ein Liebesgeständnis machst und sie dir
3859 2041 7212 2307 mir gedach. "Prag da komen, was es wolle
317 2135 3747 2392 darauf sagt. Junger Mann, ich - bin eigentlich
3859 2195 7272 2564 heute über hundert Jahren sind wir alle todt, nur
352 2324 3747 2650 gar kein Frauengimmer, sondern ein verkleideter
3833 2410 7272 2701 es ist uns allen gleichgiltig. und es weiß kein
326 2547 1038 2813 Jüngling.
3884 2590 7297 2838 Mensch mehr davon, - ergo – werd ich frech sein.
309 2572 3799 2993 Über kühle! Bist du heute ganz verrückt? Das wäre
3927 2735 7169 3121 Du bist ein närrischer kaug, kühle. sagte Talk.
352 2847 3807 3164 ja das selbe - Und Estrehle - ein verkleideten
3850 2915 7314 3267 „Doch mußt du ja äberst wissen, wo wir uns befinden!
369 3070 3104 3327 Jüngling - Mensch, du hast Einfälle.
3902 3087 7306 3464 fuhr kühte gleich fort, ohne darauf zu achten. „Wir
446 3198 3670 3516 Siehst Du also, daß du keinen Gönne zur Ver¬
3893 3276 7254 3627 sind vor der Sinkmau siana, die von der Duwohl
403 3396 1552 3696 verstflung haß.
3867 3524 4425 3756 weißt.
352 3584 2727 3859 „ Also, rate mir, was ich thun soll!
3893 3507 7074 3970 Ah - das befindet sich die Einkman siana.“
334 3662 3739 4030 "Ah - da kommt mir ein Ein fall. Doch zum Behufe
3884 3799 7357 4099 Und Janohl, und hieher kommt heute Abendam,
386 3996 3782 4262 lassen, mußt du auch bei wissen, was es mit mir
3919 3996 7306 4399 Talina, und ich werde ihr ganz legére entgegentreten,
394 4150 875 4442 steht:
