7352 4808
1502 303 1906 558 mal
3707 281 5557 633 Schluß der Schutz lassen!
176 356 3536 641 Aber Das dann ich schwören bei allen Heilichen,
3734 299 7019 808 Schöne Sie doch nach, Herr Professor«, sagte
268 615 3532 874 Ich habe seine Sylbe in diesem Buch gelesen.
3773 628 7063 887 Strohmüller, in der Meinung ein vorzur
290 734 3523 1067 Nun" sagte Halke, indem er den Redner, der
3725 756 7059 1142 lichen Wit zu machen, schöne Sie doch
2091 896 2508 1037 seinen.
2205 874 3615 1155 5 Kffel hatte zu wint
3712 900 7089 1291 nach, ob Sie diese Überrasung nicht vielleicht
250 922 2218 1239 sich nun erschöpft auf der
1458 1085 2218 1226 mit etwa
246 1085 3584 1370 sinken lassen, wenig mit trauisch um storbe¬
3734 1164 6075 1511 auch zu aus vergessen haben
2903 1221 3127 1397 Flick
149 1287 3619 1581 nun ich hoffe, Sie haben die Wahrheit gesprochen¬
3703 1278 7186 1612 Also, es ist noch nicht aller Tache. Abend“ erwiderte
4432 1515 5464 1665 indem er neuen
3751 1463 7068 1862 Mager mit vieltagenden Blick auf den
206 1458 1603 1779 ich will „hoffen.
220 1502 3619 1889 "Also- begann Mager, wenn beleidig
3729 1616 7155 1977 Paulengschof. Sein Sie nur nicht allzulustich.
250 1757 3606 2069 te Miren zeigend, also, das ist mal fürchterlich,
3795 1871 7059 2183 Es hat sich auch Herr Vielmaier zu einem Vortrag
250 1950 3501 2262 übel, dass ich mein Mannfähigt nicht finden
3751 2007 6321 2368 gemeldet. Bemerkte der Präsident.
211 2117 3532 2411 chann. Dabei schüttelte und mittelte er¬
3764 2161 7186 2543 Jch? "fuhr der Erwähnte auf, der halbe schlafend
316 2328 3637 2653 seinen Rock, zog seine Weste hinauf nach unmit¬
3729 2315 7212 2636 mit überinandergeschlagenen Beinau dagegen
312 2455 3633 2798 griff so tief als möglich in seine Hofentasche
3681 2548 7217 2877 war, und wischte sich dabei die Augen? „Jch! Fra¬
281 2684 3501 2956 aber alles vergebens: der Schweifs trat
3720 2662 7204 2991 er noch einmal, indem er die Arme, wie im Gewaalender
6518 2811 7182 3013 mich gemeldes
268 2895 3532 3145 dem bebauernswertsux Mann auf die
3729 2877 7230 3176 weit ausstreckte & gähnte. Wohl hab' ich den gethan.
303 2978 3597 3303 Herrn, und während er mit der einen zum
3729 3035 7199 3391 Er blickte zur Erde als ob er nach dächtig, dann fuhr
6259 3211 6514 3356 field.
316 3180 3611 3492 weiter und weiter suchte, wischte er sich
3734 3246 7217 3540 er plötzlich auf, und legte die Handlauf, die Sturne.
215 3360 3663 3677 mit der andern die Tropfei vom Gesicht. Endlich
3734 3387 7142 3756 so richtig, Sie haben schon Recht Herr Falke
246 3527 3593 3857 wurde es ihm gelbst zu viel; er machte eine
3778 3501 7234 3949 ich habs nur für den Augenblick vergessen! Ja
233 3716 2034 4041 resignierte Geberde.
3870 3778 6022 4151 ja. Sie haben schon recht.
193 3808 3668 4230 Also, es ist unmöchlich!“ sagte er.“ Doch will
3848 3975 7182 4414 Also, Falls Sie den Vortrag halten wollen, so bitte
294 4067 3677 4371 ich mir mal eine Überraschung bis auf den
