7880 4840
5931 179 6160 353 52
5047 256 6559 605 Neuntes Capitel
632 344 3815 728 noch zu früh.“ Er bot ihr den Armen, den sie
211 435 513 792 Ich
5542 513 6508 806 Familia Hock
261 550 3866 911 Kun nahm, und führte sie aus dem dunkeln Saale.
646 779 3930 1040 da wurde es eben licht, beide bewerkten, wie
256 898 559 1067 er,
650 875 3934 1200 ihre Augen, gegenseitig in einander glüchten,
376 1026 582 1305 Sr
618 1049 3957 1447 und schnell, die Thüren würden schaallgröffen,
3421 1223 3756 1342 laute
614 1260 3948 1530 der Palon füllt sich von neuem; glänzend
371 1351 572 1594 be
385 1452 3925 1777 i Augen, freudige Gesichter, man verabschiedet¬
650 1603 3939 1974 sich gegenseitig - Küste aber wandelte an Talmas
6394 1626 7003 1869 Sinde
4259 1708 7653 2038 Es war um dieselbe Zeit, als die Vereins Sudiätia wege
650 1841 1113 2093 Seite
4186 1928 7644 2244 der Ausschließung kund Strohmüllers geschlossen
4191 2070 7543 2331 wurde; da saßen in einem freundlichen Zimmer
6778 2240 7049 2372 zwei
380 2285 591 2487 an
4218 2263 7694 2579 des Me Hauses Melkarbastes Nr. 5 in etwas corqu¬
4200 2464 7699 2698 leute Damen, ein hübscher vierzehnjähriger, schmerz¬
4204 2601 7653 2936 haariger Einge und ein ebenso altes reizendes
760 2569 953 2830 es
4232 2840 5015 3092 Mädchen.
4342 2968 7740 3279 Liebe Frau keites sagte aber die eine Dame, welche
3998 3197 7690 3444 er imand anders als Frau Jene Hock war; ich kann
4241 3311 7566 3604 es noch immer nicht glauben, daß der schöne
4218 3554 7736 3847 Stoff soll haben gekostet uns zwei Gelden
4218 3742 5258 3971 der Meter.
4282 3843 7745 4241 Hundert Jahr soll ich alt werden, und Sie und
4269 4049 7731 4406 Ihre ganze Familie, wenn es so ist. aber, jetzt
