8145 4744
276 341 3655 622 Ich liebe Sie doppelt so sehr“ war die Antwort, doch
276 538 3738 775 Kum wohl Sie mein Freuer Gever noch um etwas
280 657 3712 884 ersuchen! Ich fürchte schon, wir werden Ihnen lästig¬
341 827 2837 1147 Sie sehen, ich bin heute sehr gefällig.
425 1007 3681 1309 So möchte ich sich Sie also bitten, mein Fräulein,
376 1173 3681 1493 begann hätte, „mich dem Herrn Hermann
350 1366 2040 1642 Fiedel vorzustellen.
328 1541 3699 1773 „Mit Vergnügen. Sie führte Ge beide Freunde
355 1698 3730 1996 zu dem Herrn Findel und stellten sie einander
1948 1856 2999 1992 Tieder und Kalke
372 1874 3721 2158 vor. Als sie nun die beiden allemließ - dem
232 2049 3646 2359 auch kühle hatte sich in die wirbelnde Menge
315 2233 3603 2500 verloren, - wurde sie augenblickt von
350 2351 3699 2701 Herrn Adelbert Strohmüller angehalten, der
315 2591 3607 2889 ihr schon geräumig Zeit nachgelaufen war,
359 2762 3651 3060 nicht ohne sich zu verschiedenen wäre die Schlappe
591 2933 1086 3091 verleiß
416 2942 2491 3178 in Damen zu verwickeln.
407 3117 3598 3366 Endlich sich sie, meiner geehrtestes Fräulein,
411 3362 3681 3590 Es fürchtete schon, Sie würden heute nicht mehr
433 3476 3695 3778 kommen. sagte er, indem er einen verständ¬
442 3642 3668 3966 is inniger Werk mit Leser, der nicht fern stand,
460 3826 1068 4124 achselte.
477 4010 3607 4294 für wollte eben wünsch lächeln, und stützte
5967 83 6199 350 43
4141 158 7617 569 Falle war inzwischen mit dem hübschen, bloeden Findah
4145 447 7652 749 ins Gespräd gekommen, und hatte sich soviel wie möglich
4172 613 7604 871 den Anstrich eines reichen Sonderlingsgegeben
4163 854 7582 1090 was ihm freilich bei seiner angeborenen Schüchter¬
4145 1033 7612 1278 heit und geringen Verstellungskunst nur mit
4181 1147 5450 1401 Mühe gelang.
4194 1335 7564 1567 Ah, Estrella Sist jene hübsche Balletrufe" sagt
4150 1488 7464 1707 eben Falke ist in möglichst blasirten köne.
4145 1698 7534 1979 „Nicht wahr, sie ist hübsch’ das finden Sie auch – und
4137 1843 7529 2084 es fals am Ende noch jeder gefunden, aber
4176 2009 6264 2167 sie könnten ich die Sinkmässige
4124 2027 7599 2342 sich will pfen sein, man hat sie sehr in Verdacht,
4132 2224 5511 2465 dass sie solid ist.
4141 2381 7254 2635 Wie? Das nennen Sie einen Verdacht?“
4132 2627 7630 2788 Gewiss! Denn es ist am Ende keine ordentlich
4124 2758 7534 3038 in der ganzen Brande. Sehen Sie sich mal die
4115 2920 7503 3134 Talma an; sie ist wie ein Schmetterling, wenn
4141 3082 7429 3353 sie sich auch nicht im er Blumin aus sucht,
4141 3266 7560 3585 und ich sage Ihnen, Herr Geger, ich geb Ihr
4145 3454 5205 3760 selbst Recht.
4163 3611 7144 3935 nun, da hört ja man schöne Ansichten.
4259 3817 7547 4124 tieter Herr Geyer, oder darf ich Sie kurz,
4141 3992 7582 4321 weg Gegen neuen. — Diese Talma führt im weit
