7256 4984
3719 465 6876 876 schlanken Taillen, und ihr macht doch so fröhliche
5518 664 6190 846 geingetzen
224 559 3415 977 schlanker und begabter junger Mann hielt sich für
3719 664 6973 1045 Gesichter, Elfen – Estrella sie allt ja bemös¬
220 829 3503 1075 unwiderkehlich und war es zum Theil. Er hatte schon
3711 863 6812 1164 vor Seligkeit und gerade der Berggericht,
216 969 3423 1316 viele Eroberungen gemacht, worauf nicht allein
3660 994 6969 1379 die sie unschließig ist von ungeheurer Kraft¬
3732 1113 4485 1261 von denen
203 1151 3478 1430 er, sondern auch sein Bruder Josef sehr Stolz war,
3740 1202 6872 1557 er umarmt sie so stark um Druckt sin so
271 1329 3503 1692 Josef hielt sich ebenfalls für unwiderstehlich und
3732 1333 7028 1731 fest an sich, als wollte er sie auch allen andern
233 1511 3389 1807 war das, was man eingebildet zu neuen
3762 1532 6990 1929 beoggestern entreißen, und noch hinter
275 1701 3343 2010 pflegt. Aber es durften sowohl ihm, als auch
3711 1680 7032 2035 den Caulissen läßt er sie nicht los, und in der Dunkel¬
288 1853 3537 2145 seinem Bruder in geistiger sowohl aus in Körper
3732 1900 6948 2259 sten Ecke erst, wird seine Umarmung hiefter,
233 2039 3520 2314 dieser Beziehung vortreffliche Eigenschaften nicht
3762 2111 6969 2441 seine tippen rufen auf dem weichen Grund der
224 2234 3558 2573 abgesprochen werden. Josefs verschmitztes fachel¬
3660 2255 6254 2606 Prinzessin. "Du süße, liebe, holde...
275 2348 3448 2755 hatte zur Folge, daß die selange dann den Blick zu
3690 2391 7045 2716 " Geliebter...... und sie schleißt ihn mit den schönen
2573 2539 3199 2695 in Leinem
296 2581 3461 2814 Boden siekte, und dann langsam zu ihm ei¬
3694 2568 7096 2886 vollen Armen enger und anger an den warzun¬
279 2750 3520 3068 genthümlichen Ausdruck zu ihm erhob. Oh, oh! Armer
3702 2771 6960 3097 weißen ku sein, der unruhig wagt, und von dem
262 2886 3542 3212 Arthur, wie du die Stern in Falten ziehst - Heut best
3715 2962 6998 3279 die Sünde, die ihn nur schwachtedeckte, beinahe ganz von
279 3131 2958 3423 du nicht so glücklich, als dem Bruder
3740 3190 4989 3465 herabgesunken ist.
322 3237 3542 3512 Paaesontische, volle Musik.... Du Berg,
3821 3364 7045 3580 Wie die Prinzessin leutseligist gegen einen armen
300 3461 3546 3757 geister stürgen herein, der Berggeist, den wir
3779 3503 7024 3779 unterirdischen Studenten. Nichtwahr, du nimmst ihn
288 3673 3605 3927 früher als Studenten kennen gelernt haben, schien
4439 3707 4718 3867 fruch,
3762 3677 7121 3944 auf in dem Schlöh, er soll die Universität-Univer¬
300 3791 3580 4079 eben von einer unterärdischen Kneigszukommen,
3740 3825 7020 4197 silät sein Cassen, er soll dich lieben und das
347 3977 3563 4295 so erhitzt und geröthet war sein Gesicht.
3795 4041 6195 4290 ist alles. soll alles, alles sein.
372 4117 3563 4409 Arme Elfen, reffel auch, — wie, schon sind sie
3825 4168 7142 4511 Die Komödie ist aus, und der Vorhang ist gefallen; auf
389 4337 3427 4676 auch auf den Person, und umschließen die
