7160 4728
3750 130 7007 391 Meine Teder scheint auch mich löse zu sein, da sie fünsterlich
3889 245 6424 501 kratzt und im pertinent schlecht schreibt,
3612 416 6885 754 un erforder und fader werden. jeder kommt selten,
395 383 3546 717 für Arthur Falke in die erste Bank legt,
3722 607 6820 942 Du komst par nicht, die Kirscher Rosa ist
346 709 3534 880 vonwe aus derselbe schnell seines Weg
1957 844 2401 958 Hintze
3840 779 6999 1162 dumm, die Kleine nicht minder, ich bin blöd etc. A
387 823 3603 1125 zum Adressaten geöffnet hatte. Er öffnet
3742 950 6803 1223 Aufo lieber, lieber Arthur! wie geht es dir?
334 982 3041 1292 che schnell und las folgendes?
3726 1166 6885 1435 die Landpartien) ärgern dich, mich dedto. Nun
395 1178 3632 1459 Zu Hause um 3 Uhr Nachm. 14/4 1876, ein, 14. April 1875, 3Uhrkap¬
3750 1329 6909 1618 habe ich einen kleinen Ernst, da ich Dir öfters
1052 1357 3514 1626 Lieber, guter, herziger, schöner Arthur.
3750 1476 6889 1769 schreiben kann, und recht bald wieder einen
436 1516 3612 1794 Soeben habe ich die Mama zu einer Laube expedirt;
3742 1643 6995 1961 Riesenhauf Riesenbrief von deiner lieben
408 1683 3571 1985 welche ich sehr liebe, wenn ich sie nicht sehe. Die Momo
3726 1859 7007 2156 Hand erwarte) Verzeihe nur die Geistlosigkeit
412 1859 3469 2050 wollte mich mitnehmen, allein da ich dir noch
3742 2014 6913 2311 dieses Briefes, da ich 1 tens furchtbar schnell
408 2026 3404 2336 einen Brief schulde, so konnte ich es nicht
3791 2181 7011 2458 schreiben muß, etwas wie gesagt, nicht peistreich
355 2209 3575 2503 unterlassen, heute zu Hause zu bleiben. Der
3738 2360 6917 2625 bin. (Impertirung von so einer Feder, wie
412 2389 3575 2658 Paga schlaft meine Brüder lernen, Fritz
3766 2540 6815 2862 sie mich gesalt. I doch genug mit dem
461 2548 3595 2853 Spielt sich bei mir und kann ich denn
3277 2686 3624 2947 Jüdisch
3787 2719 4586 3004 Blödsein.
457 2723 3224 3008 einige Minuten ungestört bleiben]
3795 2817 7015 3188 Sei herzlich gegrüßt und gekauft? von deiner
542 2931 3571 3216 zuerst entschuldige meine Schmirage und außre¬
3954 3053 6408 3400 dich herzlich und ewigliebenden
428 3021 2568 3379 Form, da ich mich eilen muss./
4549 3241 5234 3489 Freundin
432 3232 3567 3485 Mit Trauer und Schmerzen muß ich gestehen,
5307 3432 6685 3828 samst Ereizend
399 3432 3546 3701 daß es mir sehr leid thut, wenn wir uns
371 3599 3612 3917 jetzt sehr selten, wie es scheint, sehen werden)
432 3762 3485 4072 Im Volksgarten wird es wahrscheinlich
3832 4007 7027 4366 Die bewußten zu erwartenden mit Kanzlinrat
473 4068 3493 4358 Falken hatte ich der Briefstellerin schon von
5165 4227 6510 4443 durch Sie ips Vermittlung
546 4284 3143 4504 dem Wagen seines Vaters erzählt
3917 4272 4879 4480 Falkes Wagen
3864 4419 6604 4500 Nebstte erwähnt war der benehmigend geschrieben
