7304 4792
5333 164 5523 371 P.S
3764 254 5868 604 wie gesagt - ich versuche es nur!
2113 246 2324 556 28
3807 457 7191 772 Du versuchst es. Aber ich schwöre dir, weissagte
211 552 655 875 Ring.
3777 655 7187 957 trohmüller inprophetischem Tone, du wirst niemas
310 556 3626 1035 Hierrohet die Gräfin Adelpide Lieben aus, erklär¬
211 845 3591 1181 te der Peut. Zu dieser komme ich heute das
3781 815 7183 1134 mehr in den jener abgeschmackten Verein zurück¬
250 1009 3552 1401 zweite Mal. An bestimten Abenden nämlich
3781 996 7183 1306 kehren, und wie der, wird es jedem ergehen. Dieser
276 1173 3609 1530 sind hier Gesellschaften in denen es sehr
3837 1160 7183 1496 ird sich vorlieben, jene erwirß der Sache überdrüsig
4708 1349 5225 1479 heute über
3794 1332 7152 1643 gerich und keine Jahr wird verfließen, der Verein
233 1410 3690 1746 übrig und ungeniert hergest.- "Er schienetwas
3790 1518 6920 1824 Indiëdia von dieser Erde verschwerden sein.
228 1552 3699 1910 nachzudenken. „Auch sie ist da, sehre er schmelzend¬
3824 1599 7187 1996 Oten öffnete ein Lakac in Thüre des Salons,
336 1772 3626 2061 hinzu, und viel andre wunderschöne Damen¬
1367 1893 2695 2061 beiden letzten Warten
3798 1867 7114 2156 und die beiden Freunde treten in den großen,
310 1927 3639 2246 Loser schien sich zu beführt, dann sprach er die Ruw
2626 2039 3496 2199 für diese Abend
319 2035 3673 2440 bist mein Verführer. Sies) - Ich bin nicht mehr seit,
3811 2039 5773 2367 lichter strahlenden Salon.
306 2307 2604 2561 glied des Vereines Indicitia!
3785 2375 7118 2707 Gerade als Loher und Strohmüller durch das Thor
323 2397 3660 2798 „Und - bist Mensch“ für fiel ihm Strohmüller
5950 2548 6333 2686 leren
3798 2595 7157 2871 des Hauses geschatten war, stand auch Kühle
332 2600 3578 2958 der könt eben so wahr, als schön ins Wort,
3790 2720 7126 3031 eine Ligarette im Muge, die Augen in Gedanke
293 2772 3527 3113 und beide vereint schritten die erleuchtete
3794 2910 7204 3212 verloren zur Erde gerichtet, an einen, Laternengsast
293 2979 2048 3307 breite treppe hinauf.
3790 3117 7208 3423 ganz in der Nähe des Hauses. Da fasste ihn
306 3009 3621 3458 „ Offen gesagt, Unter kur, sagte Koser, als
3803 3255 7131 3596 ein jünger Mann bei der Hand, und er
392 3277 3677 3639 sie im Vorzimmer die Obegenher Hüten ablegten.
3811 3445 7105 3742 gewahrte mit Erstaunen seinen Collegen Fritz
3233 3466 3665 3725 Verein
323 3488 2725 3876 „ Ich war schon früher entschlossen
3854 3609 7070 3928 Falka, der ihn sogleich fragte, was er den
3294 3677 3682 3846 weil,
341 3695 2526 4001 auszutreten, es wurde beweisig
3837 3811 6325 4139 so spät des Abends da thun.
3298 3820 3578 4027 to
341 3846 2531 4173 und du warst es nur, der den Be¬
392 4040 2552 4294 gefacht.“ ich versuche es nur – es
3285 4229 3764 4458 ben wers
1828 4212 2591 4471 wirdes
384 4255 1755 4471 Und so wissagte
1893 4410 2695 4630 kommst einricht.
3285 4389 3699 4591 verm
302 4359 1824 4678 Du wirft sehen, Adalbert, die
548 4596 914 4708 zurück
