7192 4888
266 554 3613 970 nicht einmal Unrecht. Im Gepentheil, er ist gescheide,
312 841 3530 1091 und ich bin ein Dumkopf, o ein ungeheurei
358 962 3559 1344 dum kopf. Mit diesen denkwürdigen Worten
383 1116 3526 1419 naß er seinen Het, setzte ihn auf nur
383 1290 3467 1661 stürmte auf die Kroh'n, denn es litt ihn bei
412 1461 3596 1840 seiner ununehrigen Gemütsverfassung nicht
383 1673 3617 1936 Dasein. Es dauert aber kaum eine viertel
395 1861 3571 2173 Stunde; bis als er ebenso schnell herauf
408 1973 3596 2331 gestürmt" kam, denn es war ihm plötzlich ein¬
408 2160 3609 2539 gefallen, daß er sein Tagebuch, das sowichtige
312 2335 3605 2714 und gefährliche Geheimst- rückhielt, auf dem Tisch
433 2514 3659 2872 hatte liegen lassen. Es fand es zum Glück
379 2701 3609 3039 nach unverschot auf demselben Platz.
387 2851 3609 3184 der Abend dieses Tages kam, von den Bäder¬
425 3018 3659 3305 Falk mit begreiflicher Ungesulderwartet
441 3209 3530 3563 Sinnig holte seinen Collegen ab, und beide
408 3372 3559 3709 vereint schlügen den Wegzien Volksgarten
366 3571 3459 3892 ein. Arthur war glücklich. Ich weiß nicht,
433 3821 3605 4125 wie oft er den Brief seiner theure Faugan¬
395 3942 3563 4221 die Rippen gedruckte - es ist dies für unsre Ge¬
391 4088 3455 4475 schichte auch von keinem besondere Belang,
5116 208 5415 475 49
3688 408 6931 783 daß er es aber überhaupt gethan hat, ist mehr
3713 699 6831 1020 als wahrscheinlich. Im Volksparten war
3692 816 6781 1224 es heute überfüllt. Unter andere uns
3692 1020 6906 1286 woh bekannte Personen bemerken wir auch
3717 1174 6860 1561 die herausforderende "talma, an der einen
3717 1336 6922 1719 Seite den Erwäßten steifbeinig an Lieu tenart
3709 1449 6951 1823 an der andern Herrn kruo Stoofmüller den
3730 1669 6985 2052 pflichtvergessener Schriftführer des höchst mora¬
3717 1848 7001 2244 lischen Vereins Pudicitia. jetzt sollte ereignete
3717 2040 6710 2373 eigentlich im dunstigen Aussehen, aber¬
3717 2289 4745 2547 es schwärzte.
3734 2418 7014 2706 d, Schwänzen ist eine himmlische Seligkeit; davon
3734 2610 6997 2939 weiss jeder Gymnasiast, jeder Student zu erjah¬
3730 2905 4133 3034 len.
3788 2901 7043 3209 Aber, ich vergesse ganz, daß vielleicht einen großen
3738 3089 7039 3417 theil meiner reizenden Respriuen dieser Ausdruck
3738 3247 7030 3596 ganz unbekannt sind konnte. Und wie soll ich diesen
3771 3413 6906 3792 den Ausdruck "Schwänzen erklären. Wenn ich
3863 3584 6872 3979 einfach sage: „Unerlaubter Weise nicht
3863 3788 7080 4162 in die Schule gehen“, so künst daß so nichts
3879 3992 6989 4321 sagend, so u erbedeutend, es liegt könne
