7160 4824
274 543 3397 850 Als sich nun inser Poët dort den ersten
312 678 3469 1006 -bis jetzt auch den besten-Frank machen
274 897 3473 1200 ließ, was es die Firma Fischlich und Reiher
257 1061 3515 1360 Bei der er denselben bestellte. Hier hatte
253 1250 3486 1558 er Gelegenheit, Rosalie kennen zu lernen,
307 1419 3444 1726 hier lernte er sie lieben, hier 1 prach
257 1583 3410 1802 er sie, hier waren, wo er das erste
261 1760 3296 2004 Rendizoons mit ihr verabredete,
556 1924 2825 2092 hen zu wissen, daß sie verlob sie
328 1983 2492 2202 Sie trafen sich im
2572 1949 3499 2177 der Verlobte
1360 2059 2707 2252 bei ihr zu sagen traten,
295 2101 3414 2383 traf sie aber auch im Stadtgark. Prader.
274 2282 3532 2543 der Verlobte forderte den jungen Strehmüller,
253 2459 3499 2720 aber als sie sich beide den Trug der schönen
299 2640 3368 2892 Rosalie durch sich auf hatten, versöhnten sie sich.-
295 2854 3376 3086 Amnächsten Morgen _ es war ein schöner, leblicher
299 2985 3355 3267 Frühlingsmorgen - erklärte der Verlobte dem Herrn
312 3195 3570 3397 Sichtlich, er sei genötigt, von der Verlobung zurück zu treten,
295 3339 3440 3616 aus Gründen, die notwendigerweise geheimgehalten wer¬
299 3503 3507 3772 den müßten, und zugleich holte Nachmüller seinen
257 3675 3444 3978 neuen Frack ab, an den sich so traurige Eriderungen
257 3835 3385 4151 knüpften. Noch am selben Tage macht er sein
295 4025 3381 4315 siebentes Sonall auf Rosalia, gleichsam ein
5713 383 6041 547 nen:
3633 392 6883 804 Damenti der seifs frühern, in der er noch an eine
3680 610 6845 939 Gegenliebe von ihrer Seite geglaubt hattet —
3701 787 6795 1141 Aber derselbe Frack war es auch, in dem er ein Jahr
3680 994 6871 1335 später beider Aufführung seines daktigen Trauer
3646 1111 6917 1461 spiels, in das Theater gekommen war, in der susten
5822 1280 6088 1402 vör.
3650 1347 6824 1680 Hoffnung einige Ditzend Mal herausgeruhen zu
5991 1440 6643 1638 verschwand
3612 1436 6900 1810 werden. Treperische Hoffnung. Er machte sich sehr
3642 1650 6900 1983 nach dem P. Akt, und schlich trübselig nach Hause.
3680 1806 6829 2126 Mit denselben krank also war er auch heute
3684 1970 6917 2328 bekleidet, als er die Eifersucht des kühles hervor¬
3688 2151 6959 2522 sich. - kühle hatte aber bald Gelegenheit, auf alle
3709 2345 6968 2694 Männer am Tische eifersüchtig zu werden, dann wie er
3680 2492 6833 2892 zu seinem nicht sehr angenehmen Erkennen
5305 2711 5801 2875 gekeln,
3650 2661 6976 3006 bemerkte, waren die Augen Fräulein Talmas
3701 2888 7018 3179 von einer geradezu merkwürdig in Beweglichkeit
3701 3065 6980 3360 Bald war es dieser, bald jener, den ich aus¬
3717 3233 6984 3536 Er im Strahl aus ihrem Auge traf, jedengleich
3680 3360 7010 3772 gleichend, aber nicht jeden gleich verwundend
3709 3557 7014 3941 Küchte hielt sich für den Allerverwundetsten
3671 3743 7056 4117 und dachte nach, wie er sie wenigstens auf sich
3696 3924 7060 4277 aufmerksam machen könnte. Denn Anfang
6239 4071 7010 4328 Gepreisitze
