3528 4520
63 570 603 963 Nayor.
59 599 3439 1123 Erstens hat Er nicht zu sagen, des Herrn Papas, sodann
46 934 3401 1265 des Herrn Kanzleiraths, zweitens Kann der Herr Königl.
29 1089 3150 1441 rath ihm nicht von Wien aus zurufen, daß Er
34 1286 3359 1642 augenblicklich unzukehren hat. Ich kann ihm mein
38 1466 3359 1755 Wort geben, kutscher, daß mein Papa mir vor
67 1663 3372 1969 20 Minuten erst gesagt hat: In Neuwaldegg
75 1814 3217 2140 sollst du lesen. Wie soll ich abanlesen, wenn ich kein
88 2002 3397 2291 Buch habe? Lauchtet Ihm das etwa nicht ein? Wo¬
214 2161 3175 2513 für ein Wien hat Er denn Oder hat Er vielleicht.
117 2367 2120 2693 Buch da, dies er nur leihen kann.
230 2409 3041 2853 der kutscher machte ein immer längere Gesicht
1881 2723 1977 2903 4
159 2731 1860 2982 Nun, hat Er ein Buch da!
155 2911 2258 3179 der Rückscher schüttelte den Ropf.
289 2949 3301 3385 Nun, so kehrt Er um. Punktum, oder an die
1097 3246 1935 3531 hm passirt.
235 3292 989 3539 sehn, was
214 3288 3309 3711 Der Herr Kanzkirath haben mir bis Entlassen
197 3531 3288 3870 verboten, dem jungen Herrn zufolgen.
121 3715 3230 4038 Und dabei trieb der kutscher die Pferde an.
281 3912 3305 4264 kutscher, hört Er, der Herr Kaufleirath hab
142 4126 251 4289 7
235 4109 3280 4419 aber nur befochten, in Neuwaldegg zu lesen
2777 4277 2890 4499 4.
