7160 4680
2019 148 2213 321 34
378 411 3529 785 Derselbe hat es schleunigst auf, rief, alle
329 646 3635 954 discration bei Seite setzend, seinen Intenus
378 818 3438 1131 Sinnig (erbei u lt zeigte ihm seinen Fund
395 995 3545 1300 welcher ein offenes Couvert vorstellte, und
366 1172 3459 1460 in dem sich ein Zettelchen befand, das
469 1341 2430 1616 folgende Worte enthielt.
1460 1497 1916 1670 Estrelle
399 1522 3582 1797 Theuerste Laima. Heute Abend gegen sieben
411 1682 3467 1982 Uhr hoffe ich dich beim Theheustemgel im Volks¬
1542 1834 3084 2027 Mitplätenden küssen.
382 1867 2998 2167 garten zu sehen. (wie dem Endwig¬
502 2019 3582 2328 Die beiden Collegen ließen sich von nichts werken;
419 2196 3590 2513 als glötzlich in großer Aufregung Professor
436 2389 3516 2681 Nelke hereintrat und in allen Ecken im
399 2611 3553 2838 Enden des Schutzners eine eifrige Suche anstellte.
399 2722 3594 3010 daß diese vergeblich war, läßt sich denken.-
378 2903 3504 3208 Al In kurzer zeit erkönte die Glocke, u. das
358 3088 2188 3335 Respirium war beendet.
366 3220 3557 3549 Professor Jakob Mager sral hiere. Ungefahr¬
378 3430 3483 3709 am dutzend Schüler niedrängten den Frommen¬
337 3611 3529 3816 Mann: „Bikte ich wärgeßere unwohl. „Wegen
304 3800 3409 4084 rasenden Koppwehr bin ich auf heute nicht
2007 3940 2480 4084 Schmerin
391 3981 3459 4265 präparirt. Meine Wegen machten es mir im
3738 452 6909 790 möslich. Hörer auswendig zu lernen. Ete. etc.
3738 658 3997 868 etc.
3804 831 6761 1127 Endlich hatte der vielgeplagte Professor
3853 999 6979 1312 seinen Stuhl erreicht, seine ausdruckslosen
3870 1168 6819 1472 Augen übersehen die unruhigwegende
3853 1345 6819 1641 Schülermenge, er schüttelte, indem er sein
3858 1518 6897 1822 Gesicht in die Länge zog, etliche Mal den
3882 1698 6901 1978 Kopf, suchte in allen Taschen nach seinem
3841 1859 6925 2147 Katalog, und reif, sprach, als erchendlich
5067 2036 6658 2324 unfolgendermaßen
3870 2032 5112 2319 gefunden hatte.
3829 2196 6954 2463 Also ich bemerche, daß die Schüler die Classe
3755 2381 6917 2624 immer, wenn ich von der Stüche heraufchomen
3705 2550 6938 2846 vor der ihre steht, und dann sehr wild
3714 2722 6950 3023 in dies Schulz oder herum schließ, also das
3763 2899 6950 3183 ist (das liöse Gewissen, das die Schuldbe¬
3763 3072 6806 3376 weßten herein treibt. Dann hat mir
3714 3232 6847 3566 der Professor Lichtehrsacht daß die
3718 3417 7004 3693 Chquinta im er auf die unter Classen
3718 3594 7008 3849 Bröse Semmelbröselchen wirft; also das
3755 3767 6880 4100 ist mal eine große Sünde, u. ich wünsche,
3796 3956 7032 4273 daß für die betreffenden mal
