7160 4680
3751 389 6937 671 Zt rádøg ελρη εδηκς sagte Tagerweiter
442 364 3579 748 Hünchersnot darin bricht; dann würde
3779 634 6180 912 Ἀνδιοιρ ἀιιη — o 2'ίάμένην, η
401 638 3579 957 Sie mal, die Wert der Brode schätze
3742 793 5579 1051 stötterte Storiz Sinn u.
372 818 2250 1055 lernen. Dann rief er.
3808 957 6982 1272 Asso, wollen Sr. mal niedersteichen! Sprech
339 986 3628 1288 Also Weizen, wollen Sie mal auswendigssachen.
3828 1125 6789 1448 Mager, indem er den Kopf schüttelte, u
352 1157 3468 1448 der Genühne fort aber nichts davon, da er
3808 1313 6937 1534 nun große 6 in seine Ratalog malte.
282 1329 3550 1603 eben mit der lecture irgend einer aigreise
3820 1476 6924 1759 Fälke, der am vorigen Abend, einwieder
331 1501 2569 1828 den Büchleins beschäftigt war
3767 1656 6855 1947 baren April abend durchaus keine Fust
364 1632 3534 2000 "Also, Weizen, wollen Semal aufsteichen.
1885 1828 2540 1980 Betreffend
2740 1845 2949 1980 17.
3804 1832 6834 2147 oirspürt hatte, Homers unsterbliche
356 1849 2916 2155 Jetzt stich der Gerefeue an.
3787 2000 6879 2282 Gesänge auswendig zu lernen, sondern
507 2012 2867 2323 Likte ich habe mich entschuldigt.
3759 2176 6143 2479 es für ein weit großeres Vergnüg
438 2192 3566 2511 Also; das ist mal sehr übel von Ihnen. Ge¬
4221 2213 7002 2503 seiner Collegen, den lang was merkendiger Rechtsverkommt
3763 2393 7002 2638 an Königs Seite in den schäftigen Oblien¬
348 2356 3546 2679 den letzten Compositionen haben Sie nache¬
3796 2528 6912 2818 des Volksgarten hinzuwandeln, und nach
331 2540 3374 2830 nüchenden Classen, also wollen Sie mal in
3423 2724 3591 2838 4
3779 2765 6904 2990 Hause gekommen, ein zleichendes Gedicht auf
360 2703 3411 3002 der nächsten Composition auferstehen:
3796 2875 6843 3178 ihre Abenden Beker zu dichten, sass an
335 2892 3530 3207 Ich bemerche überhaupt, daß sich schwiele ent¬
3828 3055 6847 3358 großer Angst vor einer eventuellen
376 3068 2528 3395 schuldigen. Also.-Sinnich".
3828 3207 6908 3521 Prüfung in seiner Bank. Doch zog das
372 3247 1636 3538 Sieig bekam.
3791 3391 6814 3681 Ungewitter an seinem Haupt vorüber.
736 3346 3611 3730 Myrer ande déa Nydcadia Agedrjop
3742 3599 7031 3877 und erwiede sich schon vollständig in Sachen
757 3611 1775 3877 A x A n og
3832 3796 6904 4053 seit als der Schuldeiner Brandmeyer
438 3783 2012 4065 O3 Aapetyt, N 2/3 μg1
2258 3787 3509 4037 sagte Mager vor.
3669 3910 6961 4213 die Thüre der Klasse of fente, u. einen Brief
372 3951 1239 4250 Ou Soquisz
1256 3996 2057 4274 n p v g i
2151 3947 3444 4258 wiederholte Sonnig
