7176 4840
5136 136 5375 446 51
3708 396 6798 788 Zeitung, dagegen schon etwelche Gedichte
256 536 3572 887 im mattes Abglanz jener Seligkeit darin, daß
3721 569 6798 982 geschrieben hatte, die insoferne minder
3688 751 6926 1060 moralisch zu neuen wären, als es sichnen
235 726 3523 1106 ich dieser definition vollständig verwürfe,
3704 924 6810 1270 von Ausdrücken, wie »Bösen, schwellen
256 920 3486 1279 möchte. Onfiere ich aber "schwärzen" ganz
318 1106 3514 1436 geradezumt Saligkeit, so wurde wohl
3820 1097 6666 1473 Rüsse, Lippen, sühs, Augen, Liebe
3704 1246 6872 1600 wimmelte. Diese Gedichte bräuten jetzt auf
330 1270 3593 1580 der größte Theil meiner E mehr oder wieder
3712 1497 6823 1803 seinem Herzen. Er verrünschte im
396 1419 3568 1753 schönen Lesermen, auf den Gedanken verfallen
3762 1617 6959 1992 Zuern der steifbeinigen Lieutenant, den
276 1625 3519 1959 Dass Schwägen gleich bedeutend 6/2, mit Liebe
2599 1749 3585 1930 diese beiden Ausdrücke
3729 1790 6988 2091 er hatte im Sinne, die zierlich abgeschriebenen
507 1852 3531 2120 sei. Und wahrhaftig, wenn auch nicht gleichbe¬
474 1943 3473 2285 dautend sind, so besteht doch zwischen ihren
3824 1959 6905 2322 Werfe seiner Geliebten (ue!) zu
3729 2137 6942 2463 übergeben, was schlechterdings in des
433 2116 3502 2458 manchmal ein inniger Zusammenhang, wie wir nicht
3774 2306 6984 2698 Offiziers Anwesenheit nicht möglich war.
400 2289 3597 2582 nur bey K Fritz Salka bemerkt haben, und
1675 2496 2421 2624 u verzeugnete
540 2529 850 2652 Aoop
3803 2471 6893 2879 Sie sprachen von sehr gleichgültigen Gegen¬
219 2475 3477 2780 schloben Strohmüller bemerken, sondern wie
6505 2628 6744 2768 12/4
5721 2640 6439 2793 und wachter
3778 2582 7004 3040 ständen, ach so gleichgiltig, daß unbefangenen
330 2665 3428 3020 auch der weitere Verlauf dieser Geschichte
3770 2809 6918 3127 Leßer die aufgerügten Zustand Ruhles,
1023 2838 3564 3114 doch warum unserer Erzästung vorgen¬
3746 2978 6988 3333 der wie toll ebenfalls im Volksparten
305 2954 3597 3308 Ern? Bleibenwirfür jetzt im Volksgarten, und
3754 3176 6926 3548 hirumraute und die schöne Tabna nun
371 3180 3593 3461 seien wir mit Strohmüller, dem Schwänger
3770 3345 6645 3663 kreifte, schwer begreifen werden.
355 3345 3609 3700 glücklich. Wer wollte, es ihm wohl verargen
6484 3411 6946 3638 de Leiden
6006 3514 6410 3667 Herrn
2941 3523 3568 3721 Sitzen
3803 3560 7021 3857 Wir erblicken auch die Gräfin Sinkmans
408 3523 3156 3844 daß er diese Unterhaltung begangen
3791 3671 7012 4042 am Arme Herrn Norberts des ersten Lieb¬
334 3708 3614 3960 im dem Werin, Pudicilea vorzog? Gesteher
4847 3890 5664 4071 Heldenspieler
3869 3869 6814 4278 habers des Mr. Stadttheaters
367 3898 3477 4208 oir es nur offen, daß er wohl noch
384 4059 3461 4393 keinen moralischen Aufsatz für eine
