7416 4856
5474 160 5721 373 17
2059 217 2297 455 16
3766 420 7194 828 "Natürlich" werden Jünglinge in diesen Verein Auf¬
221 503 3671 949 nommen?“ liess sich ein gewisser Herr Strohmüller vernehmen,
3788 702 7047 1005 genommen sprach Falke, es ist dies das beste
238 819 3523 1109 dessen Vergangenheit unendlich portisch und
3766 901 7051 1148 Seittel, die leicht zu verderbende Zugendauf
243 979 3614 1278 dessen Gegenwart unendlich malancholisch
3766 1040 7198 1369 der Bahn der Tugend zuhalten, u. denn
234 1161 3684 1452 war. Vor etlich in zwanzig Jahren hatte derselben
3801 1200 7181 1543 wie viele Gefahren drohen, daß den ahnungslösen
251 1274 3536 1538 nemlich eine ergreifende historische Tragödie
3848 1348 7207 1699 Jünglingen. Zum Beispiel, wenn sie Abends"
286 1469 3562 1764 geschrieben, die einen glänzenden Durchfall
3809 1556 7073 1855 " Herr Kanzleirat! Hören Sie auf lispelte
299 1642 3510 1911 erdulden mußte. Seitdem hatte er sich
3861 1681 6752 2041 Jakob Mäger. "Das ertrag ich nicht:
325 1820 3536 2037 von dem Schauplatz der öffentlichkeit zurück¬
3827 1855 7224 2163 " Nun, Sie verstehen mich ja, denke ich, sagte Falke,
2176 1955 2886 2124 natürlich
312 1976 3614 2288 gezogen, und stelt sich für ein verkäutes
3848 2054 7172 2332 „ Ich fordre Sie hiemit auf, soviel als möglich
355 2128 3632 2427 Geme und letzte nur sich und seiner Ruhe.
3835 2223 7103 2488 dem Verme zu nützen, indem Sie sich
321 2301 3692 2535 Eristet sine Leben von 7 Stunden geb. Sechowen
3853 2345 7237 2605 bestrebece, neue Mitglieder demselben zuzuführen,
5582 2488 6600 2648 gegen Imersastest
381 2475 3636 2713 Er war jetzt etwa 45 Jahre alt, für blonder
3848 2509 7246 2860 wiel in den Zeitungen dagegte zu eifern Aufsät¬
381 2661 3588 2943 Rheuerbart hing traurig zu beiden Seiten hinab,
3848 2665 7246 3003 am den Versammlungsabenden, die jeden Rittwoch
6180 2830 6791 2986 is all find
334 2834 3411 3077 und seine grauen Augen sahen trübselig
3788 2865 7090 3207 and Samstag von sechs Uhr an sollan
316 2964 3632 3194 in die Welt hinein. Wenn wir nur noch erwähnen,
3831 2995 7229 3285 vorzulesen und errentuell zu veröffentlichen
282 3138 3597 3480 Daß sich über sein Leben auch der Schatten
3835 3211 7281 3480 etc. etc. Jedoch der Name des Vereins.
243 3320 3636 3575 einer unglücklichen Liebe treutete under der
4559 3389 5014 3541 Acten
3957 3328 7281 3671 Sei Sudat, ergänzte der fromme Professor.
212 3506 3532 3805 intime Freund des vielgenannten Herrn Lofer
3805 3497 7289 3848 i/m Judicilia heißt nämlich zu deutsch: Schauftigkeit
334 3627 3653 3905 war, so haben wir die wichtigsten Punkte
3818 3653 7138 4030 „Das ist in ganz passend er Name gab Falke zu
321 3788 3705 4078 Dieses Künstler dasens erschöpft und
3892 3861 7086 4195 Ganz passend, ganz gassend, außerordentlich
338 3948 3701 4277 Um wieder auf die Debatte zurückzukommen,
3874 4026 6223 4368 passend! "bestätigte K. Vollinger.
2206 4134 2440 4230 an
355 4147 3727 4407 Wir wollen wieder zu die Versammlung
3944 4208 7255 4503 Wun handelt es sich nur mehr darum, wer die kur¬
407 4316 2449 4633 zurückkommen kommen.
