7272 4744
3728 256 7087 586 Also, ich habe es mir zur Auf habe gemacht,
317 308 3450 660 Professor Jakob Mager" fuhr er fort, hat
3646 473 7079 742 die modernen Bilder zuheißeln. Sie verstehen
260 534 3455 838 sich zur Vorlesung wie Arbeit gemeldet,
3641 595 7039 981 mich zur Chemiehe, den Er ich. Also Ich versuche
204 707 2509 994 welche folgenden Titel führt.
3641 777 6931 1150 mal zu beweisen, daß in diesen Bildern
239 851 3546 1094 "Also, Herr Präsident das ist mal unnotwendig.
3676 946 7087 1332 ihreßentheils der Grund zu der Entartung
117 1020 3450 1341 unterbrach ihn jener.“ Der Titel thut
3663 1163 7018 1454 unsrer Zeit zu suchen ist. Inwieweit
187 1224 1675 1519 nichts zur Sache.
3654 1315 7066 1632 mir dieser Versuch gelungen ist, machen
308 1402 2778 1697 Man aufs den Titel wissen. Er ist
3646 1493 7109 1788 die ohnehrte Versammlung bestimmten. Ich gehe
221 1571 3190 1849 Also Herr Falche. Ich will mal bitten!
3659 1706 7039 2001 nun davon meinen Aufsatz vorzulesen.
178 1745 3407 2048 „Sagen Sie ihn; wir wollen ihn wissen!“ rief es
3672 1888 7100 2170 Er griff hiemit in die Hintre Tasche seines
243 1918 1393 2148 von allen Seiten.
3680 1988 7087 2322 Rockes, förderte aber statt des Mann¬
169 2083 3520 2378 "Übrigens", Herr Professor Mager, wandte Falke,
3737 2192 7157 2556 scriptes einen Waken zu Tage, worüber
174 2283 3424 2517 und etwas) scharfer Stimme ein, „haben Sie mir
3711 2365 7126 2726 er im äußerst verdätztes Gesicht schnitt. Hi¬
195 2448 3533 2686 den Titel angegeben, und man muß doch wissen,
3663 2530 7035 2843 nige aus der moralischen Gesellschaft
191 2634 2517 2921 worüber Ihr Aufsatz handelt.
3698 2739 5729 2999 lächelten unwillkürlich
195 2791 3446 3038 „ Also, wollen de mir, mal den Gesellen er¬
4909 2916 5347 3060 mal
2409 2951 2587 3073 all
3676 2791 7174 3251 „Also, das ist nicht das mannschript staunb¬
195 2973 3515 3285 weisen; ich will den Herren mündlich schlar
4700 3112 5069 3220 seiner
3767 3090 5750 3424 Mager in Verlegenheit.
204 3146 2209 3437 machen, bevor ich lese.
3776 3212 7178 3611 Mein, gewiss nicht, bestätigte Strohmüller, der
282 3320 2192 3598 Gemürmel entstand
3698 3442 7178 3789 in lezter Seit auf fallend gut gelannt war.
195 3520 3524 3837 „Jeden u Ich will es dabei bewinden lassen
3771 3594 7079 3897 Maÿer schloß einen wütenden Blick auf
239 3676 3567 3975 bestimmte der Präsident. „Also beginne
3745 3815 5269 4153 ihn, indem er sagte:
226 3858 660 4101 Sie.
3741 3967 6983 4353 „ Also, Herr Strohmüller, es ist noch nicht
286 4045 1745 4344 Mager erhob sich.
1931 4132 2157 4323 xx
