7781 4792
6600 91 6791 344 nt
5959 144 6147 388 3e
2291 296 2479 470 38
4160 344 7654 649 Diese war Es war die Tragödie spielen in Ratha¬
401 366 1403 675 zum Salon.
4278 562 7654 793 rina Rank vom Stadttheater, eine wirklich
379 597 3781 863 dieser bot einen prächtigen Anblick. Herren
4295 723 7680 1006 vortreffliche Schauspielerin die übrigens durch
423 754 3668 1028 und Damen wögten durch einander, Erfri¬
5110 871 5450 1037 sehr 13
6046 906 6530 1032 schapen
4291 880 7667 1198 sehr ihren von bretten haften Lebenswandel
449 910 3790 1198 schungen wurde herumgereicht. und in den Königin
4269 1054 7650 1390 wieder gut zu machen suchte, was daß sie zwei
466 1106 3777 1398 Präsidentin dieses von der Judicitia frem davon
4239 1250 7663 1485 bis dreimah in der Woche unglückliche Mädchen
531 1289 3786 1573 schiedene Vereins, -, Adelaide Liekm aus,
4260 1472 7619 1677 spielen mußte. Zur Auch sie hatte eine Vergan¬
440 1459 3786 1756 ein wir ja schon von dem Falle beim Grafen Schahl¬
1904 1616 2082 1729 an
4256 1612 7623 1843 genheit hinter sich, die an Pikantaren nichts zu
488 1629 3738 1930 hausen kann - vollen bald da, bald dorthin
4273 1830 7593 2087 wünschen übrigtieß. In den letzten Tage, die
479 1803 3777 2061 so daß sich ihr üggeger Bösen ang schnellhob
4265 1939 7641 2270 Adelarde Liekmaus — damals noch Hausmütter¬
436 2013 3746 2239 und henkte, und Schweißtropfen auf ihrer
4291 2130 7606 2422 Adel' - als Chansenette sängerin verbrachte,
453 2143 3773 2392 Stirne perlten. Um liebsten aber verweilte
4387 2287 4718 2392 war
4221 2300 7645 2622 nemlich ein neues Stern ein Orpfennshauch
453 2348 3799 2601 sie bei einer Dame, die sich durch ihr reizende
4221 2479 7645 2749 aufgetaucht, ein reizendes fünfzehnjähriges
457 2548 3790 2736 Anblitz, wie aber ins besondere aber, durch ihren
2675 2662 3049 2744 gau
4178 2644 7637 2967 Mädchen, das sowohl durch Erscheinung als
470 2670 3807 2971 toilette hervorthat, die von einer Unglau
4212 2836 7541 3150 Stein die allgemeine Aufmerksamkeit des be¬
440 2840 3807 3132 liche das die in hohen Grade desollatort war
4147 3015 7645 3254 Auffanden kublikum xxx auf tilzog. Um dieß Zeit
440 3041 3807 3267 dadurch aber den blenden Geschönsten mir weißesten
6269 3206 6465 3333 br
6526 3219 7462 3359 doppelt so altes¬
4104 3219 7593 3481 gleich die Freundschaft des Adelies hatte sich dies
436 3245 3794 3450 Fufen schon ließ, den man sich nur vorstellet
418 3407 3733 3624 kann. Manchmal hielt sie kerkett den Fächter
4247 3367 7615 3729 schwarze käthiger zu erwerben gerußt, doch selbst
2636 3533 3350 3668 eigentfänglich
453 3559 3742 3851 vor, und sah mit ihren Au merkwürdig Schul¬
4230 3542 7589 3851 als sie kurz darauf von dem wir Baron Constantin
4252 3755 7628 4030 Binkmaus geehelicht wurde, dann erste die Freund
440 3729 3790 4034 tiefen Augen, deren Philosophie ganz dorkenden
6356 3934 6770 4095 lany.
4230 3908 7545 4256 schaft fort. Kätschen lebte und liebte einstrei¬
449 3894 3781 4243 Ausdruck ganz merkwürdig von dem übrigen
4273 4099 7488 4487 vergnügt weiter, ohne Genossens bis sich viel
497 4095 3746 4443 Bjesen da dann abstach, im Saale herum¬
