3640 4664
251 368 3415 664 egg die Dunkelheit überrascht, als in Wien
138 579 3383 902 das sagte aber der Kangleirath nicht, sonder¬
198 773 3318 1064 dachte es sich. Was er sprach, war folgendes.
182 939 3265 1210 " Von 7-5 kauft du noch nur gage Kind
202 1133 3383 1428 lesen; dann fährst du in die Stadt, gehst aber
190 1360 3395 1558 allso gleich in die Wohnung, ohne einen Schrik
259 1481 1145 1748 auf die Gas¬
2128 1477 3447 1752 sonst auch die. Bage¬
1198 1481 1821 1756 da zu thun
1877 1550 2019 1752 B
194 1663 1003 1930 " Iaya!
1651 1740 1772 2035 4
239 1833 1582 2064 „ Aufsur? Nun?
255 1999 2751 2302 „ Ich werde mich entsetzlich möpfen?
417 2140 3346 2480 Du wirst dich nicht möchsen, sag ich dir - was
206 2339 3306 2638 ist das übrigens für ein dem et Ausdruck
231 2521 2189 2824 was heißt dann möpfen?
182 2723 3257 2913 „ Möysen heißt langweilen, aber das
202 2873 3233 3184 bleibt sich gleich, man kann gegen S.
206 3051 3387 3282 Ausdruck sagen, was man will das Factum
251 3217 1582 3520 ist unumsteht licht.
283 3322 3253 3698 Junge, sei nicht arripant, du wirst fast
190 3565 3140 3828 und kamen Schrift am Abend auf
251 3747 1732 4042 Straße sel thun #
461 3929 2909 4216 noch einen Augenblick, längert
1186 4115 1675 4366 allst.
