7384 4888
1250 428 2513 788 "Achtes Capitel"
1481 634 2654 869 Die Linkmausiana
227 711 518 942 S B
338 1939 3682 2290 Strohmüller, der aufso schmähliche Weise aus dem moralischen
270 2136 3686 2457 Verein Judicitia hinausgeworfen worden, blieb zuerstrennge
253 2303 3665 2697 Sekunden aufnehmend draußen vor der Thür stehen; dann
304 2505 3648 2894 spielte ein gewisses überlegenes Lächeln um seine Lippen, und
240 2650 3630 2997 nach einigen schnellen Schritten war er im Freien, wo er die
274 2873 3592 3190 wilde Abendluft mit Behagen einsog. Er machte sich auf
330 3044 3643 3391 den Weg der Ringstraße zu, und war nicht mehr eben
265 3237 3682 3519 bei dem Opernhaus angekommen, als sich eineschwere
313 3451 3656 3725 kand auf seine Schulter legte, und eine Stimme
351 3601 2252 3956 hinterihm sprach. Kuno!
355 3639 3703 4149 der Gäufene sah sich um, sie Freund daher
415 3977 3592 4316 stand hinter ihm, und sah ihn mit einem
407 4114 3660 4465 schmelzenden Blicke in die Augen, welche Prof
5343 180 5557 415 25
3729 325 5895 595 müller errötend wieder schlug.
3755 480 7171 762 „Oh kund“, redete Leser den Freuer an, „Da könntek
3763 608 7175 993 Ruthun? Du siehst, ich verstoße gegen die Gesetz
3815 822 7184 1070 des Vereines, indem ich mit dir sprechen. Du sechst
4748 1028 5133 1169 roße
3780 1053 4290 1186 Erkinß des
3768 1002 7180 1306 also die Körte meiner Freundschaft 7 Nicht mehr
3759 1203 5634 1528 Du siehst dein Unrecht ein.
3819 1361 7038 1717 „Unrecht?“ wiederholte Strohmüller in zweifeln
3768 1486 7150 1879 ungewissem Tonn. „Ich habe nicht Unrecht setzte
3823 1683 7192 1986 er dann fest hinzu. Als Leser hierauf ein erstaun¬
3772 1850 7145 2183 Minne zeigte, sprach der Pont weiter: „Du
3802 2042 7240 2410 darfst mich doch nicht verurtheilen, wenn du die Geschichte
3802 2295 4602 2539 nicht kenst.
3832 2389 7244 2714 Oder vielmehr die Ballekörzerin nicht kunst" vorbesserte
3806 2582 7218 2834 der andre mit dem berichten möglichtspfelischen Lächeln
3789 2749 7235 3091 und dem ironischen Blick aus den matten, wasser,
3806 2997 4902 3220 blauen Augen.
3832 3087 7252 3464 du spottest? Erfahre lieber als mein Freund da
3879 3262 7150 3652 gange - als mein Freund und nicht als Mit
3883 3485 7282 3776 glied jenes unsinngen Vereinges – Jahres
5793 3605 6495 3750 wiederholte
3857 3626 7111 3977 unsinigen Vereines" sehte er mit noch
3862 3815 7240 4174 größeren Nachwücke, als er bemerkte, daß der
3879 4012 7210 4367 andre große Augen machte. "Unsermig im
