7144 5048
2158 404 2327 598 50
3602 347 6808 867 zu lieben! Sist ja gar nicht wahre den hochgehen
3610 602 6845 1032 jähriges Genz ist so liebel dürftig, und da schloß
536 693 726 941 mise
239 664 2059 1085 ihr den Brief aus der Hand.
3635 796 6829 1188 es sich an das erste, welches ihm heftigerent¬
359 850 3507 1242 Siehst du begauer dann von neuem, indem er auf
3623 1007 6821 1428 gegen schlug, dein Mund, meine Süste, küsst
326 999 3544 1432 die Buchstaben wies, hier steht! Ewig Leidein. Von den
3635 1197 6862 1589 Geren, und da gresse er sich an die ersten Lippe
198 1197 3520 1560 keine Spur. Und, da ich meinen Namen nicht zu
334 1424 3536 1774 ändern gedenke, demzufolge Zeitmeinet
3664 1415 5455 1754 die sich ihm darruhten!"
305 1539 3553 1890 Erbens Lüderin heißen werde. Er hat diese
3804 1642 6916 2146 geffen wir, daß du diehnach heute verliebst
3726 1663 4320 1902 tudierie
359 1791 3507 2117 Unterschrift ihre vollständige Berechtigung.
3685 1811 6829 2236 du plaukst gar nicht, wie schnell das geht.
408 1898 3363 2245 Aber hier, Freuloser: Süste Estrelta!
3714 2022 6961 2439 kaum daß ich berthagesehen, war Ich Feuer
309 2084 3569 2418 "Gewiß – aber schrieb ich etwa.“ Mir ewig
408 2220 3623 2616 süße Eherella?“ Und gesetzt schon, daß
3685 2340 4923 2604 und Flamme.
3730 2236 6953 2818 Wirklich ein origineller Confall, seines Ge¬
342 2410 3540 2789 Du mir immer und immer sich ist, das braucht
3726 2571 6854 2926 liebten den Eindruck zu schildern, den die¬
396 2600 3602 2946 mich gar nicht zu sondern zu heirathen. Durch
3751 2678 6887 3136 baut xxx ihn gemacht. Bertha! Ja bertha!
408 2781 3602 3165 wirst dich doch selbstverständlich nicht hochzeit
3771 2954 5682 3268 terthe also heißt sie?
408 2926 3615 3367 machen wollen - eine ballittärmerin die¬
3771 3091 5938 3487 „Jawohl, das ist ihr keine.
425 3095 3652 3511 Die schönste Carrie re vor sich hat; du bring
3784 3181 6891 3672 u. Ich hätte es mir übrigens gleich denken
437 3318 2463 3664 keinen armen Professor
3780 3371 6949 3829 können, der Name hab wir uns gefallen.
462 3499 3643 3821 Einen armen Professor! Der drei Häuser
3792 3561 7097 4019 „Wahrhaftig, Esterlla, demnächste dich täuslich
3809 3685 7039 4168 Sicherlich? Das hat mir noch kein Mensch ge¬
437 3730 1114 4052 Besitzt,
462 3709 3635 4139 „ kurz, um lassen wir das. Sieh zu, daß die
846 4064 1572 4238 schnell wieder
1617 3961 3693 4353 In mich bist des ja nicht mehr
3978 3986 6862 4551 Gelste fehlt nur noch, daß du vericht!
421 4122 1498 4427 Dich Marliebst
3916 4085 4518 4353 sagt.
3095 4205 3256 4370 be
1667 4201 2723 4460 sagt dir das.
623 4262 1601 4510 Se, und wer
536 4324 3689 4766 keine Idee, die Bildest dir nur ein, mich
