7368 4920
191 348 3611 726 Mager antwortete nichts, sondern nahm beide
196 556 3589 956 bei der Hand und ging schweigend mit ihnen
161 773 1673 1056 aus dem Zimmer.
191 930 3519 1191 Als sie im keine angekommen waren, begann er:
252 1091 3624 1416 Also Herr Sloch, Sie wohnen Melkarbastin Nr 52
278 1304 956 1538 Jawohl!
1030 1356 1451 1625 mal
209 1356 3563 1768 Und haben eine bloe de, etwa 14jährige Tochter
182 1651 1934 1968 welche sich Faug nennt.
348 1708 3485 2116 Ja antwortete Flock etwas gedehnt.
278 1907 3563 2277 also, wissen Sie wohl, daß Ihre Tochter mal
222 2129 1790 2481 eine Liebschaft sal?
243 2316 2477 2624 Tlock riss die Augen weit auf
274 2390 3611 2816 "Wie, Meine Fanny" - eine Liebschaft! "præsste
222 2703 1317 2976 er dann heraus.
222 2824 3194 3120 Maÿer machte eine bedauernde Miene.
300 3020 3693 3337 "Also, ihr Geliebter ist, Herr Falche, leiden
287 3202 1608 3489 muss ichs sachen.
274 3346 3194 3702 „Was ich ihr Geliebter sch rief Falke
308 3563 3698 3858 Also nicht Sie, sondern Ihr Sohn Arthur, welcher
217 3715 2003 4067 wohin die Chwinter Heht
287 3893 3693 4197 „ Was sagen Sie, mein Sohn Arthur schon der
300 4110 1734 4432 Kanzleivat, xxx
3780 226 6105 561 Meine Tochterkupfrie Herr Flock.
3789 278 7200 734 Ein Sicherheitswachungen, der eben über die Straße
3780 617 7217 878 schritt, sah die Frau Spaziergänger
3754 791 5536 1065 verdächtigen Blicknam
3780 934 7239 1225 i. Ist " beschwichtigte Mager. "Pst. Ich muß mal
3780 1125 7139 1408 sehr bedanken, aber – Hierzückte er die
6383 1325 7065 1560 vermahnten
3771 1360 4428 1586 Asseln.
3876 1469 7243 1760 So sprechen Sie, erklären Suums!“ sagten den beiden
3837 1664 4432 1960 väter.
3754 1790 7217 2060 "Also letzter Tache" sub der Professor an, an selbe
3832 1986 7260 2290 Tache, da ich zum Beziehung mit dem nichtswürdige
3811 2151 7074 2498 Strohmittler hatte, passirte ich bechefnete ich
3802 2316 7117 2668 einem ganz jungen Burschen und eine Haupt¬
3784 2529 7247 2863 zu zem Mädchen. Es war mal bemahn finster
3798 2733 7274 2959 und herade bei der Votivkirche. Also diese Leider
4966 2872 5727 3024 Liebenden
3828 2859 7291 3189 juchendlichen Kinder waren mal so in ihr Gespräch
4532 3059 5231 3233 daß hin mich nicht
3793 3028 7182 3393 vertieft, bemochten mich nicht Ich aber, zur
3802 3211 7295 3506 Meinem schrößten Namen ergegen meinen Schüler
3811 3411 7130 3715 Arthur Falche, an welche sich ein junges
3945 3585 7260 3897 Mächdelem, welches er kann anspricht, sehr
3893 3771 5688 4097 zärtlich anschmecht. -
3893 3828 7295 4275 Am Ende hat er sie gar geküht" argmöhnte der
