6968 4776
231 333 3371 751 kand des Zeigents röth er und röther würden
223 552 3379 893 wie die ersten Nachtwolken am Himmler¬
236 715 3383 1088 schienen, und wie die drei Geintaner
276 861 3367 1239 auf der kühten Steiner saften, alle der
288 1060 3432 1397 auf die Gründe, gestütigt, und dzur
309 1226 3460 1608 sich hin sehend - freilich mit verschiedenem
313 1421 1190 1657 Ausdruck.
260 1495 2347 1905 Plötzlich erhob sich Talk¬
422 1564 3334 2039 noch ist nicht alles verloren riefer laut,
731 1836 3269 2189 hinjeter! Wir, ich kann sie
280 1941 747 2209 komt.
414 2083 743 2185 nach
296 2043 3355 2364 dürffen und schon stürzte er
309 2152 3176 2534 auf der andern Seite hinunter
366 2339 3269 2680 Seiunbesorgt, sei unbesorgl’ spotteten,
329 2445 3371 2786 Weigen u Rung nach, indem sie ihm eiligst
313 2632 3517 2953 folgten. Halles, wie sie wieder desplatten
361 2786 3346 3111 hinunterwutschten und niederfielen
394 2948 3306 3241 Dünkler und dunklerwärders, und tief in
374 3139 3440 3460 der tiefteres der Waldesbeschwanden
406 3342 3444 3619 die drei Collegen. Wir, die wir ihnen von
345 3411 3550 3797 des Spilze des Berpes läch der nachgesehn¬
378 3627 3517 3956 haben, hören nur mehr ihre zeitweiliger Erzie¬
378 3785 3436 4098 Und machen dann von unserm Recht¬
422 3899 3432 4293 Gebrauch, uns in einem Sprung ins Schlaff
443 4061 3537 4475 zu versetzen, wo wir wenn aus den Wald
3586 158 6758 552 Herr Professor Jacob Mayer samt ick lasse
3598 378 6567 731 hier, erkommen seiner Im mattenticht die
3602 589 6851 922 Dämmerey nicht weit von ihnen neben dem Gast¬
4622 751 6827 1015 Rabna gestern Mädchen auf und ab¬
3598 800 4252 1080 Haus, zu
4236 804 4528 1080 be
3773 934 4252 1072 unpattre
3623 918 6884 1247 des Strohhe schon bald jenoch bald hinunterschieten
3631 1088 6864 1328 den Sonnenschirm ärperlich hinundcherschwen¬
3631 1222 6807 1523 kend. Plötzlich sich hört sie aus dem
3639 1397 6762 1653 Malda hellen, fröher Gesang. Gnade
3627 1588 6851 1836 seines später. Dort noch xxx fern von
3643 1742 6815 2023 ihr komen die Gestalten aus dem Spatte
3659 1872 6827 2136 der Waldes, - sie können näher – es
3643 2067 6823 2339 sind knaben – ein grohter dicker Herr
3655 2201 6604 2506 schreitet würdig zu ihrer Spitz daher,
3659 2315 6774 2656 während man hinter ihm leuchtende
3659 2534 6766 2823 dunken vernehmen kann, die bald ver¬
3671 2717 6924 2997 schwinden, bald wieder aus der dunkelhen
3692 2831 6758 3139 auflüchten, – sie rühren offenbar von
3684 2997 6721 3281 Agarren u Liparetten her — und s
3655 3164 6770 3424 Ah, ist da wohl nicht ärther darunter?
3684 3310 6953 3574 Sie drückt sich in den Schatte hinter einen
3684 3537 6851 3785 vereinigelt dastehenden mächtigen Baum¬
6547 3679 6786 3834 ad
3684 3655 6831 3927 lacynd, singend rauchend zeigt die Schwed
3679 3822 6547 4114 an ihr vorüber der Professor fehl
4610 3992 5003 4102 steigen
5962 3980 6794 4276 Act as if
3704 3992 5316 4289 erbäuliger in Betrüft
