7352 5000
5250 258 5526 479 4 3
2030 390 2263 610 42
3733 564 5797 970 Sehl Ihr sie?“ fragte Gries
3712 602 7055 1127 „Er scheint ganz treuer und Flamme zu sein“ be¬
212 737 1784 1161 mit großer Fassung.
3725 864 6971 1225 wirkte König. „Jetzt gibt er ihr die Hand.
292 907 3623 1292 ge „Haß viel zu reden! Und du mit deines Ma¬
3725 1068 6937 1470 Ah sie wird wahrscheinlich nach Hause gehö¬
3771 1174 7000 1555 daß er sie nicht begleitet, wundert mich!
292 1191 924 1415 Thilder
386 1199 3585 1619 „Überwundener Standpunkt. Ich will zwar
3318 1364 3674 1492 nicht vor
3784 1339 7106 1759 Da kommt ja ihr langer Cousin sprach Berthold.
335 1386 3661 1750 nicht eben Gift drauf nehmen, daß sie noch
3742 1585 6225 1920 " Der Rep. Richter? fragte Glut¬
381 1585 3615 1941 schrecklich in mich verliebt ist; aber man mei¬
4827 1695 7064 1983 Einster - man sieht sie kann
318 1818 1581 2076 ner Seite F!—
3814 1809 4843 2140 Es ist schon so
4827 1932 5318 2089 dritüber
3754 1869 7161 2225 mehr deutlich. Wie viel Uhr ist dann? Pragte Theile
377 1848 3555 2318 Wohin schaust du denn immer, Weile? Fragte
3797 2047 6869 2390 da schlägtsprad erwiderte Glük¬
3932 2187 7132 2513 So, da mich ich nach Haus auf St. Sinnig.
364 2182 962 2437 Gries.
381 2178 3708 2602 Ah - dort geht die Mathild’ mit ihrer Schwester.
3797 2352 7094 2767 da kommt schon Salke. Er lächelt ganz
386 2420 3555 2737 rief Glück aus. „Es scheint doch noch nicht so
3826 2568 6865 2928 ganz glückselig. Na, Korns, Arthur.
352 2598 3318 2920 „aus“ zu sein, Jacques. Wie schaust du!
3886 2678 7212 3055 Serons begrüßte Falke die Collegen. Nicht
360 2708 3602 3081 "Du wirst aber schon wieder rot. Emil
3843 2907 6666 3276 wahr, es hat jetzt 8 geschlagen.
424 2886 3632 3276 jetzt hat die Ilka die Mathild getroffen.
479 3055 3619 3462 jetzt sprechen sie mit einander; wahr¬
3915 3102 6801 3564 na. dann ists Zeit, daß ich gethan"
3856 3182 4208 3462 &ca
513 3280 3530 3585 scheinlich von mir häuselte Weile,
3971 3352 7221 3704 Nun, wie ists gepangen, an die fragte Grins¬
496 3398 3420 3712 Oder von dir erwiderte der Andre.
3987 3619 7166 3962 Erzähl doch ermähnte Jacques auf
500 3568 3695 3920 Mein, die Jlka schaut auf dich, weil! Nicht
3992 3657 7280 4055 Nächstens" beschwichtigte Talke, jetzt muss
420 3767 3776 4144 wahr Sonnig, sie schaat auf ihn. Derthold
4026 3882 7255 4259 ich gehen. Rung; die bepleitest nach doch?
436 4021 1013 4221 nicht?
466 3996 3729 4432 Und die Mathild auf dich, Jacques verthei¬
4051 4123 4962 4365 Ein Stück!
4153 4165 7272 4564 Secvns; morgen sehe wir uns wieder
462 4297 1818 4627 digte sich Glüt.
508 4407 3661 4814 dort geht der Falke samt der Tanny.
