7416 4872
2108 284 2341 560 6 2
339 500 2507 912 Glossen; besonders that sich
250 717 3567 1043 Kaum kaum eine Kunde, nachdem sie den Heimweg
339 937 3584 1217 angetreten hatten, ging er durch dasselbe Thor
386 1090 3601 1328 Die Baroum Adelaid Sinkmans, am Armk des
318 1268 3609 1569 St. steifteinigen Herrn Lieutenant O, hinter
386 1438 3537 1769 ihr handelte Fräulein Talma am Arme
450 1590 3592 1938 des Herrn Šuno Strohmüllers; nahmen
500 1786 3622 2121 sich zwischen den beiden Damen der Schauspiel
484 1951 3626 2282 Körbert herumtrieb, bald sagte er dieser
488 2129 3554 2362 bald seiner Galanterien, erweifel
560 2320 3495 2613 haft kamen die gegen die Falletense
496 2473 3558 2787 quaußerten mehr von Herzen. Kühle
513 2642 3626 2935 der juge Student kühle, trieb sich in perm¬
509 2816 3563 3130 ger Entfernung der Gesellschaft gerne
441 3011 3524 3249 er war diesen Abend wieder sehr un¬
310 3172 3601 3435 glücklich gewesen. Keine Sekunde war er
458 3359 3660 3643 von Kalman Seit gewichen. Einmal falt
1073 3533 1544 3677 upon
416 3524 3622 3821 sie sich umgesreht, und ganz laut aufgelacht.
424 3703 3520 3999 da wir er feuerrot geworden.
416 3872 3588 4207 Nichtsdestoweniger verfolgte er sie inauf
407 4067 1098 4368 gesetzt
348 4114 3647 4555 Aber das Lachen pellte ihm noch in den Ohren)
4390 373 6548 738 Sittentes Siebente Capitel.
5026 594 6731 992 Eine stürmische fitzung
3910 2150 7278 2477 da finden wir sie alle wieder zusammen, und mit
3762 2095 3944 2413 be
3893 2324 7214 2634 Freuden sehen wir, daß sich der Verein Fu¬
3881 2515 7163 2922 dicitia sogar zu schend) vergrößert hat.
3868 2672 7185 3054 Es sind wohl ihrer zwanzig, die da um den
3877 2867 7261 3194 tisch herumsitzen und eifrig wenn auch nicht
3817 3071 6413 3363 allyn laut mit einander disputiren.
3889 3215 7295 3614 Jetzt aber stand der sogre kanplirat Fulka
3847 3393 7257 3732 auf, und klingeltz. Mit einem Male wurde
3834 3656 5335 3987 ev vollständig stille.
3864 3762 7274 4084 "die Sitzung ist eröffnet", rief der Präsident,
3885 3961 6014 4339 indem er sich weder schfl.
