7320 5096
3682 528 6446 952 " Sie verziesen Ihren seind so eigentümlich
3682 590 6905 1118 Ich verziehe meinen Mund? Erlauben Sie, ich habe
201 674 3591 1132 sie beleidigt, daß ich das Kindesvors nicht eingehalten.
3682 917 6391 1306 getachelt; ich habe dumreisch gelächelt
181 945 3299 1264 2, Josef Kränglein ist in der Lage“ sagte Moriz.
3202 1000 3459 1167 il a
236 1098 3452 1382 „Hab’ er schon bemerkt“ erwiderte Arthur
3675 1167 4591 1445 démonisch?
6335 1132 6585 1341 me
4230 1223 5015 1486 Kreis Fräulein
313 1299 3550 1605 sinstere Stärnfalt in finßere Falten jechend
3647 1271 6134 1695 "Ja wohl S Simonisq" jurghistopfelisch."
3702 1417 6870 1799 Strohmüller hatte die ganze Zeitmit einem
250 1459 3445 1806 und gedankenlos auf die Aufna blicken. Och, er
1250 1577 6842 2063 - - Leser sah wenig auf die Vorgangemöglichst dunnen Gesichtsausdruck auch die bösen
278 1667 1612 1987 war eifersüchtig.
3688 1757 6849 2112 gestaort; jetzt sah er zufällig in die Lage des
4911 1987 5432 2146 Dinklent
3695 1917 7043 2285 barons, als ihn ein Blick der Konstanbe, noch tann¬
326 2035 3577 2334 die sich im Stück absprekten, er hatte nur Angen¬
5988 2091 6467 2251 No. 2
3668 2181 6738 2487 wie traf, schrakken seine wasser blaugrän¬
313 2119 3612 2452 für sein Vid à vis, für die reizende Konstantin
1660 2327 2091 2501 Pard
3688 2285 6863 2681 Augen bei nahe zurück und flüchteten sich im
417 2320 3445 2653 Solctanerin, die mit constanter Einkmars in
3723 2438 6981 2876 ganzen Saal herum, bis sie mit einem Mal
410 2535 3223 2806 der Tage seß. Suschauch sehr viel herüber¬
3702 2591 6884 2973 an Salman Antlitz haften. Wieder die mit dem
389 2660 3591 2987 „Sollte sie mich sieben? Dachte der Schau spieles. „Schon
3730 2813 7043 3202 steifbeinigen Lieutenart in einer 1. Rang - Logeseß.
361 2827 3563 3140 amte glüsende Blicken hat sie hieher geworfen, wenn
368 2959 3536 3293 anders sollen siegelten als mir? Freilich, ich kann die
3772 3008 6925 3355 „Sie werden langweilig, tientenant?“ sagt sie
3730 3195 6974 3522 mit kalt er Stamm und sah ins parterre hinunter.
375 3188 3619 3550 blicke soll leider nicht so glühend erwidern, wenn
3744 3334 7030 3661 der Lieutenant hob seinen kopf, als wollte er
417 3362 3633 3688 Aupen spannen nur dämonisch, maghist ogselisch.
3765 3494 7071 3911 salulieren. Sie drehte sich raschür und lächelt
396 3598 3647 3855 aber für derart solche Dlick sind sie freilich
410 3695 3626 4064 wie geschaffen, irreisch-kalt;- aber liebe können
3723 3744 6071 4064 ironisch. "Was wollten Sie sagen?
3793 3751 7169 4293 schwierke, ich die Ihnen lästigtsagte der Lieutenant.
542 3883 3584 4258 Sie nicht sprühen. Erlächelte unwillkührlich dabei
3807 4022 7127 4376 das gerade nicht! — Ich muß ihn noch bei mir xxx
528 4057 3452 4390 dumonisch, imphistopheilisch, wonisch-kalt.
4904 4265 5328 4425 können könte.
3800 4223 7189 4626 Dienst glaubt zu hinwerklichen, daß ich ihr liebe – mor¬
472 4223 3188 4557 Woran denken „Sie denn?“ fragte ihr die Bank.
2751 4459 2917 4640 FJ
472 4453 2063 4807 Jch? Marum, Fräulein?
