7368 5000
5423 203 5651 431 45
3731 495 7009 981 gestellt, der sie immer küssen will - die weiß
3684 668 6980 1134 aufgehabt dir schon einmal von ihm
258 702 2724 1112 berabschiedeten sich die Beiden
3033 914 3295 1134 A
3739 973 5338 1324 erzählte - dienstt ja.
254 1015 1079 1244 " Serres.
3722 1112 5562 1493 Ja ja, ich erinnere mich.
334 1146 1197 1404 " Servus
3790 1227 7068 1569 „Mär ich mir erst so weit, daß ich sit küssen
406 1290 1726 1650 Morgen nach 5."
3777 1341 7001 1777 könnte "Tseefste Arthur". „Ja richtig" fehr
402 1514 698 1755 Ja.
3722 1548 6705 1942 er dan fort, indem sich sein Gesch
495 1641 1493 1912 Servus also.
3756 1743 7073 2170 plötzlich erheitert. Wir haben etwas
537 1781 3557 2085 Es war ganz dunkel geworden. Der Himmel
3760 1895 7157 2322 ganz köstliches verabredet: Ich sag' dir.
436 1899 3638 2204 war etwas bewölkt, die tief ziemlich warm,
410 2056 3680 2365 die beiden Freunde traten aus dem Volkspartner.
3815 2102 5850 2475 gehtvoll wird das.
423 2267 3502 2589 Also, wie war's heute?" fragte Sinnig.
3807 2339 4606 2568 him was?
3777 2373 7170 2737 Die weißt, wir machen den 1., Mai eine
537 2343 3625 2783 Es ist keine Frage mehr, sie liebt mich!
3803 2513 7208 2885 Landpartie; sie mit ihrer Klasse Indto.
368 2546 3600 2876 Sie hat sich über den Brief sehr gefreut, den
3820 2720 7123 3050 wir nach Mödling - sie dedto - wir
355 2720 3608 3050 ich ihr letzte hin durch dich schickte - sie hat
3883 2859 7221 3177 trennen uns beide von unsern Collegen,
406 2889 3735 3185 ein, Porträt gezeichnet, und der Nätheld
3828 3037 6772 3392 resp. Collegium - treffen was
292 3084 3629 3409 Vielleichmann gegeben – die hat mich gleich
668 3147 1015 3282 Jm
3951 3198 7233 3621 Sinnig, Moriz dabei fiel er dem Freund
419 3261 3604 3566 erkannt - hat das Portrait in der
3904 3333 7144 3858 bemah um den Hals. Moriz - sie licht
491 3291 3731 3786 ganzen Klasse herumgesandt - jeder
402 3545 3722 3951 in der ihrer Schule wurde mich keinen
3909 3689 4319 3887 mich.
3930 3680 7174 4133 "Nun ja - sie liebt dich, - aber erdrück mich nicht. Ich
393 3727 3777 4040 wenn ich hinkäme - ich sollte bald wieder¬
376 3887 3735 4222 kommen — soll ihr oft schreiben – weils
3938 3913 6324 4238 wird ja wohl bald der Rufs kommen¬
3985 3921 7233 4408 Er muß er muß kommen, sag’ ich dir. Ich bin
461 4061 3583 4442 der Teufel was noch alles!“
4031 4196 7238 4619 eigentlich ein rechter Esel; – ich hätte Gelegen
1861 4217 3545 4450 G.C.H.P.D.
491 4268 1709 4573 Und zuletzt!
436 4399 3769 4738 jetzt hat sie mich dem Papi Ritter vor
