7688 4840
2491 216 2656 419 76
588 309 3844 613 der! Aber was kümmerte sich Franz wiedum
605 512 3835 778 Josef! Sie war zum Fenster getreten, und
605 668 2199 956 hatte für sich gedacht.
575 837 3878 1154 Jetzt hab ich die Arthur, ja den Arthur! Um
736 1019 3823 1319 Josef bekommt nicht einen Ritsmehr
562 1193 3797 1505 von mir. Ich war ja eigentlich nie in ihr
634 1379 3865 1666 verliebt. Aber in den Arthur bin ich vor
2004 1548 2364 1675 in ihn
562 1573 3835 1738 übt, und will verliebt sein, und so
546 1730 3848 2026 ist es auch in mich. Gewiß! Der liebe,
3421 1903 3844 2119 faszt
592 1907 1205 2152 Jünge
2677 1954 3070 2190 allzu.
639 2000 3878 2292 da hatte sie das Kran ge Cant Gespord
617 2237 3814 2541 zwischen Vater und Mutter gehört,
622 2444 3886 2643 ruckte schnell durch  lief schiell durch den
634 2626 3912 2884 Zimmer und pückte dann durch jene gefang
596 2791 3874 3032 einvolle Thürspalt, von der Vater sie er¬
588 2947 3184 3227 wischte und xxx die früher geschild
622 3117 4022 3417 die Traue, die sich hierauf abspieste, ist für bekönt.
660 3286 1653 3586 Jetzt aber
626 3514 3933 3785 Wahrhaftigt, das war ein bewegter Abend¬
2262 3929 2673 4288 6
6914 1835 7269 2224 5?
