7576 4920
2429 327 2626 486 22
3963 427 7259 834 im tolles verwirrtes sind von Mädchen
3996 607 7209 997 tiebe und küssen - Mager gebet Einhalt.
616 591 3833 871 wie ein Balken, und einige Collegen Talkas
2559 787 3678 938 in Rürgelbau morg
679 855 3816 1152 schwangen sich um sie herum. Plötzlich
3975 792 7288 1148 aber die Burschen sangen lautes und lauter
4013 959 7159 1424 da sehe sie von ferne teute näher
674 947 3820 1244 fiel Arthur hieb nach hinter zu Boden
3979 1173 7234 1617 ziehen - es waren lauter Mädchen¬
687 1181 3854 1516 doch war ihm dabei, als wurde er einen
3988 1374 7318 1676 ein Institut, wie es schien. Und die sangen
683 1349 3820 1692 hohen, hohen Berg in riesiger Geschänds,
3950 1508 7326 1944 auch ein tolles, wärres sind von türsch
641 1500 3745 1805 keit herunterkollern - und mit einem
3979 1722 7272 2052 Lute und küssen - die Vorsteherin aber
670 1680 3854 2015 male saßen sie alle bistische an
3984 1814 7288 2237 ein schönes Frau Lein, sang wacker mit
662 1830 3854 2191 einem langen Tisch zwischen grün¬
4629 2107 5332 2262 Die Mädge
3971 2073 7326 2413 und wie sie mit den Gymnasiasten zu sam¬
662 2019 3816 2312 bewaldetten Bargne, und jeder hätte
4071 2161 7343 2631 getroffen war. Da flegen sie sah.
704 2203 3870 2438 ein Stück von der ungeheuern Ligarre
4059 2383 7372 2739 in die Arme, - und Arthur hielt Fanz
725 2379 3808 2727 im Mund. Ein Kellner brachte den
754 2530 3854 2886 Suppentopf; Magar öffnete, den Deckel¬
4055 2605 5542 2961 an seiner Brust.
4113 2626 7318 3146 Folke hörte er Stuigs Stimme aufm
729 2752 3875 3049 da sprang glötzlich ein Donder Lockenkopf
691 2894 3866 3213 einpor, und lächelte Oothur, liebreich
4076 2915 6300 3271 "Ich habe meine Pauline wieder.
2735 3058 3431 3183 fählende
4113 2899 7381 3452 Arthur sahenf und erblickte den kraus
725 3075 3849 3368 zu; dieser wollte die Pögzen dann zu
4038 3246 7402 3611 haarigen Moritz die Lippen auf die Mund
700 3171 3946 3539 küßen - fort war es alles das Erkennen
4088 3376 7117 3770 eines Mädchen geheftet. Doch sich da
645 3401 3912 3749 Kopf Haupt und Arthur Hek zwey seine
4118 3498 7393 3988 Lager flingt wie verrückt umher
712 3627 3866 3908 Nase verbracht aus dem Suppentiff hervor.
4239 3690 4495 3841 akob
4122 3732 7343 4168 an dem Beher der Vorstehern bald
1219 3774 3921 4071 ihm selben Augenblick zogie¬
4155 3908 7385 4302 küsten sie sich hoch oben er der Tuft, wo
704 3929 3933 4302 die Collegen alle schon auf der Land¬
4168 4067 7456 4545 mit einem Mal eine Musik beschalle,
729 4109 3958 4423 straße weiter. Das wild wechselte im er¬
641 4285 3912 4616 und immer - Sie Eingün an zu singen¬
