7688 4920
2616 288 2869 498 ren
555 371 3765 699 gewissen Augenblinzeln, von den man
4136 310 5774 616 Frundin die Hand, und in
140 419 354 782 77
4167 537 5175 799 Leben Sie wohl.
515 581 3760 860 nicht wußte, ob es zärtlichkeit, zwonie,
153 651 345 887 Sir
550 681 3747 1066 oder Scherz ausdrücken sollte, und lächelte
4184 703 5237 930 Leben Sie wohl!
4084 825 4747 996 der Reabe
4001 825 7512 1122 gesandthüre öffnete die Thüre, und liefschnell die Riegen
157 908 358 1035 /2
537 935 1083 1179 dabei.
4123 991 7403 1328 hinunter, während Fanny weder zu schloss, und
533 1101 3774 1380 " Madama Tlock" sagte da plötzlich Frau,
4101 1192 7495 1446 im Gächte Vergleiche anstellte zwischen Josef Krang¬
594 1236 3782 1537 keiles, indem sie auf Josef und Fanny
4071 1406 7464 1664 lein und Arthur Talke, mit dem sie sich heute bis
550 1437 3778 1743 blickte, "ich sag' ihnen, die zwei werden noch
4105 1524 7486 1861 nach sieben Ihr im Volksgarten sehr gut anni¬
524 1585 3778 1856 einmal ein Raar, schaue So nur, wie Ihre
4084 1712 7516 2018 sirt hatte. Als sie nach Gänse gekommen war, unter,
511 1743 3791 2031 Fräuln Tochter rot wird, und der Herr Kranzlin
4101 1865 7468 2188 hielt (?) sich schon Josef mit ihrer Frau Mema¬
480 1935 3739 2249 lachten merken Sie sich, Frau Hock, was ich
4110 2057 7578 2393 „Ich recht wirklich nicht, wenn ich lieber habe, nur melle
550 2105 3813 2472 Ihnen hab gesagt, - Sie werden sehen, die
218 2275 393 2420 e
4123 2227 7565 2542 sie vor sich in allem im halbdünkeln Tagung.
485 2297 2979 2581 zwei werden erheimmal im Paar!
4071 2428 6957 2725 stehnd, "einmal ist's der, einmal der-
533 2498 3878 2743 „Gnädige Frau unterbrach Josef krängen
4241 2577 7543 2826 Und während sie so in Gedanken versuecken
2472 2638 2747 2769 laut
590 2664 3800 2996 die Fälle, indem er vertrau freue Flock die
4167 2738 7490 3035 dastand, hörte sie Lärm und Schreien auf der
489 2835 2891 3149 Hand lüßte, „ich empfeste mich?“
4119 2922 7551 3236 Treppe tritte wurden vernehmbar, und es wurde heftig
699 2983 3835 3293 Schön von Ihnen, Herr Kränzlein, daß Sie
4119 3158 5940 3415 an der Glocke gerissen.
555 3158 3891 3468 uns wieder einmal besucht haben, lassen
4258 3306 7538 3642 „Ist die Hauyschen zu Hause?“ hörte sie die Stimme
555 3341 3808 3682 Sie sich bald wieder sehen! Dabei eickte sie
4167 3472 7499 3760 ihres Vaters, noch bevor sie die Thüre öffnen
594 3581 3857 3848 freundlich, und wirkte ihres Tochter, Josef
4132 3704 4809 3979 konnte.
616 3717 2638 4040 hinaus zu begleiten. Flackerten
4136 3826 7530 4158 Ah da bist du ja schrie der aufgeregte Vater
668 3800 3905 4215 Im Vorzimmer drannte ein schwachste Sam¬
4223 4022 7499 4350 seine Tochter an, den schnell aus ihren Träu¬
681 4057 3909 4402 gerlicht matt sie und her, Josef rechte der
