7352 4936
3872 435 7137 845 ein Abtrömiger! Ein Werk Krosmüllers; wahrhaftig
431 521 3744 931 Mir, Herr Flek, ist es hieliger Ernst, ich werde nicht eher
3816 674 7163 1059 noch schädlicher und schlechter als alle seine geschriebenen.
384 820 3748 1144 ruhe als bis ich mein möglichstes gethan. Wir sind
3940 896 7154 1127 Erwendete sich mit Flack a Wissen Sie auch, was ich seht thue,
303 999 3735 1298 bis zu schlaff gewesen. Wir müssen unser ganzes
3863 1076 6809 1375 ich geht in die Oper besbachten! Gehen Sie mit?
418 1148 3765 1417 Selbsteinsetzen, um eine vollständige Reorganisuliv
3889 1234 5720 1541 Ja, Ich werde auch beobachten.
811 1349 1601 1481 fielgesunken
359 1323 3586 1575 der Moral zu bewirken. Mit Feder und mit
3855 1302 7253 1669 " Ich will eine Ansichten, neue Beobachtungen fände
3078 1392 3782 1601 unschleihen
478 1511 1161 1695 gebendigen.
423 1545 3778 1759 f. Worten müssen wir gegen jene Rectorin
3872 1528 7244 1818 u. zw. Eürein größres Werk. Einstweilen vertrau' ichs
2634 1622 3334 1780 Staats Stell
406 1690 3791 2011 auftreten, die das ganze Regitände sein wank¬
3936 1708 7257 2062 Unen allein an - für ein größons Weck, betreiben
3902 1895 7282 2164 Moral: einige Kapitel habe ich schon geschrieben
410 1951 1170 2113 bringen —
431 2011 3176 2395 Ich glaube, Sie gehen doch etwas zu weil!
3880 2053 7261 2373 u. zw. demehr allgemein gehaltenen; die, welche speziell
6796 2215 7167 2365 sollen
585 2194 3091 2480 zu weit? Wie verstehen Sie das?“
3957 2275 7133 2595 auf selbst gemachter Erfahrungen basiren, fangen
3885 2390 7240 2753 deren noch nicht geschrieben. Foder an Bahn sehr habe
542 2450 875 2625 Nun
542 2578 3761 2770 wollen Sie etwa auch zur Gattung krohnüller ge¬
3923 2600 7197 2903 halt viel xxx wiederumst ich, um sie der Wahr¬
491 2698 3795 3009 hören? Die Madt Menschheit ist zu weitgegangen
3897 2779 7282 3035 heit gemäß zu schreiben, gewisse Locale aufsuchen,
448 2869 3782 3138 in Immoralität und süchtlosigkeit, nicht wir – den
3932 2941 7142 3249 die hisgeradumcht zu den fünften rechnen können
478 3069 3684 3287 kann man in Sittenmehrt je zuweit gehn? Sie
3897 3099 7112 3436 und ich wurde Sie bitten, mein Reisegefährte auf
491 3249 3786 3569 haben unbedacht gesprochen, Herr Hock! Ah - dageht
3923 3338 5665 3624 dieser hofahrten zu sein.
3983 3479 7329 3739 Fock machte ein vergnügtes Gesicht "Hin plötzlich
491 3496 1007 3791 Loser.
478 3569 3778 3906 Loser machte eine bedeutende Schwenkung, als
3940 3628 7257 3923 underte sich der Ausdruck seiner Zuge-Steine
461 3786 3646 4047 erder beiden Herren Ansichtig wurde, und that dann,
3949 3859 6207 4119 Fambe, meine Frau "Elästerte er.
440 3957 2053 4218 als bemerkte er sie nicht
4004 3970 7282 4277 Sardon versetzt der Kanzleirat. Wie konnte ich
529 4004 3850 4440 Oh - oh anvermelte der Kaufleirat mit zusammengen
3919 4141 7257 4516 nur an Sie, einen verheirateten Mann dieses Anfage.
495 4290 3855 4653 presten Zähnen und sah dem Marräter nach —, wieder
