7400 4856
5328 175 5570 336 35
2112 281 2376 447 34
3837 468 7116 865 Es sind das lauter sehr romantische Geschichten,
1367 515 1823 775 fesches
294 558 3560 975 Steile ein, ein rechtes Wiener Kind, der den Hut
3871 715 7078 954 auf die ich im Verlaufe dieses Kapitels noch zu
1997 818 2185 937 in
328 818 3628 1099 immer schief trug und mit einem ungemein Wienen
3863 890 5617 1197 sprechen kommen werde.
358 1035 3560 1286 rischen hargen undete, was aber nicht Eintrag
3910 1031 7040 1342 Während Gut, Gras, Weile u. Sinnig zurückbleiben,
371 1163 3603 1461 tsat, daß hinter ihm schon ein vielbewegtes
3939 1188 7129 1482 ging Arthur Falke einen Mädchen entgegen, das
400 1316 3531 1644 teten lag, in dem ein Liebesverhältnis mit
3897 1337 7035 1669 an eben demselben Tage geboren war, wie er
345 1444 3654 1759 einer gewissen Mathilde Hertstlich eine große Rolle
3910 1512 7189 1827 selbst, und an der Hand ihren unvermeidlichen
413 1708 3641 1925 spielte. Dieser junge Mann nun war es, der
3948 1716 7210 2010 kleinen, dreijährigen Bruder Fritz führte - daß
413 1814 3577 2129 des verhängnisvolle „Wurtelsieben“ sprach.
5013 1874 5507 2014 Locker
3978 1840 7176 2210 sie Sronde Haare hatte und die Auserkörne
375 2006 3658 2244 da wird sie nicht mehr kommen vermutete Falke
3978 2053 7219 2330 des Gingen Valke war, braucht fast keiner
345 2168 2393 2440 noch malancholischer, als früher
3986 2283 4915 2521 Erwähnung.
413 2317 3633 2615 Du bist wirklich ein Pechvogel“ tröstete Emil
3986 2338 7231 2717 Grüß’ dich Gott, Arthur sagte sie, ihm die Hand
362 2445 3752 2743 "Glück, im intimmer Freund Jacques Steiles, auch
3944 2572 4655 2841 rechned.
349 2692 3654 2943 sehr liebreich zugewandt einer gewissen Ilka
3880 2666 7167 2968 u. Ich dachte schon, du würdest nicht mehr kommen“,
366 2807 3641 3054 korn, mit der er übrigens bis jetzt bemäße
3778 2789 7206 3177 Frey, sprach der Onperndete, indem er sein Hand¬
307 3002 2572 3322 in gar keinem Verkehr stand.
3858 3032 7227 3403 länger als nötig, währen ließ. Waren
494 3109 3739 3467 Sie kommt!“ rief Berthold Gries, von dem ich kürzen
3854 3232 5524 3543 bist du so spät gekommen?”
383 3339 3722 3556 bei Gelegenheit viel interessantes
3880 3360 7261 3633 „ Die Nama hat zuerst - du weißt ja, ich habe Schule gehabt
460 3518 945 3671 erzählen
3935 3501 7282 3765 und dann – Aber schau, da kommen schon wieder deine
353 3569 1461 3765 melden werde.
383 3684 3096 3931 "Mo? Wo?” fragte Arthur in Exlase
3914 3752 5047 4037 Herrn Collegen.
422 3812 3714 4076 Na — es ha sei nur nicht so hitzig beschwichtigte
4016 3875 6282 4144 So komm’! Wie geht’s dir sonst!
426 3982 3718 4250 Sinnig, der für einen Stoiker gelten wollte, oberste¬
3986 4012 7317 4323 denk dir, Arthur; letzthin habe ich in der Schule gerade
1248 4122 2159 4280 seinem Treng Stalke
2585 4127 3663 4382 spend, Passionen,
388 4144 2504 4429 er eingefähr ein Ditze vereh
3982 4229 7312 4548 einen Brief für dich angefangen, da hat mich der
609 4318 2500 4493 Es sind wurde xxx
379 4301 3752 4676 wie er die Schäften im kleinern Ayszineuen beliebte.
