7144 4744
722 389 3310 782 Was dir doch alles rissen muß
646 598 3523 915 Es kommt doin vor von Gruss und Reis.
562 835 3230 1132 Das Gange bleibt Geheimnungs¬
514 939 3463 1308 Sinnigs Zettel enthielt folgendes:
646 1196 3455 1489 Sprich, was ist geschehen? Von wem ist
413 1304 3519 1673 der Brief – Sollte vielleicht – doch nein.
461 1549 3551 1838 Ich bin sehr aufgeregt. Läutet es bald?
534 1709 3559 1982 Ja, es läutete; u. zw. eben jetzt, als
498 1878 3491 2199 Arthur Folke die Leder ansetzte, um
385 2062 2014 2339 zu antworten. Mag
413 2227 3491 2528 "Also, sagte Mayer, die viert Stunde
461 2379 3507 2712 soll sie heute weise Grauchheit des Prof.
433 2580 3431 2809 Lörck ans. Aber weil Sie mal. O¬
385 2757 3555 3062 Die letzten Worte verschlang ein Tranzel¬
301 2937 3527 3242 und eine solche Unruhe, daß Mager noch
333 3102 2343 3419 der über weichen mußten.
437 3282 3511 3579 Sinnig und Salke waren schnell aus der
353 3451 3467 3740 Classe n. draußen las, erstwar den Huf
361 3635 3407 3928 Somys: Er lächelte, und sagte zum
385 3808 3451 4133 Schluss. Nun, aspratulire. Es geht ja
389 3972 3455 4289 excellent. Heute Abend hoff ich
3768 377 6428 762 sehen wir uns in Volksgarten. Ja
3788 642 6693 947 Ja wohl, sol der teufel den Wagen¬
3800 802 6769 1111 aber heute geht der Paga in seinen
3844 983 6617 1264 Club. Serons also? Heit Abend!
3744 1164 6195 1473 ich die ganz glücklich! Serons!
