7400 4888
3732 292 4255 614 habe.
3663 261 7181 845 Nun lassen wir es für heute sein, wer will
184 392 1375 737 ich Sie zu beginnen!
269 499 3617 852 Wissen Sie“ erwiderte Vielmaier ich mit bedachtig,
323 622 6497 1060 ger Miene, wissen Sie, Herr Fälle, ich wird doch wohl statt dieses Herrn sprechen?
3756 829 5153 1129 Alles blieb still
3794 806 7212 1283 Also Herr Strohmüllerist malim dichter,
284 922 3625 1244 lieber nicht vortragen. Ich hat einhänders besonnen
323 1106 3633 1436 damit jetzte er sich wieder in seine frühere Beque¬
3732 1137 7212 1505 bemerkte Mager mit sarkastischem Lächeln.
3694 1298 7158 1613 „ Er wird nach gern gethan die Immerali¬
192 1313 1336 1613 me Posetur
307 1352 3610 1782 Ja. Herr Vielmaier sagte der Präsident. „Sie
3756 1467 7165 1836 Gät reden. „Nicht wahr", Sie sind doch mal
323 1628 3594 1928 haten sich ja gemeldet - wiese änderten Sie
3709 1751 4669 2066 ein Poüt?
276 1828 2304 2127 so plötzlich ihre Gesinnung?
3786 1797 6958 2189 Ja, ich bin zwar hozusagen könnt aber
276 1874 3648 2212 „Hatsdurchts zu bedeuten“ beschwichtigte Viel
3740 2043 7050 2358 aber es ist noch nicht aller tache Abend
261 2143 3648 2450 maier in sehr sovialen Ton. Wir sind ga unter
3786 2196 7235 2580 fiel ihm Mayer mit ziemlich unnotwirt
3740 2335 7104 2749 dazwi sehen, indem er ihn mit dem einen
230 2327 3571 2642 uns setzte er gemütlich hiezu, indem er ein
5722 2488 7004 2634 mit verhaltenen Hof
253 2504 3325 2849 geas bier langsam zu den liggen erhob.
3763 2527 7058 2918 theils ironisch; theils ärgerlich ansah¬
3832 2726 7142 3072 „So werde denn ich sprechen“ sagte Falke mit
300 2696 3656 3011 Jch muss In einem Vormeist man nur unter
3840 2872 7127 3295 greßem Nachdruck. „Ich werde eine Rede
192 2888 3571 3118 uns“ behauptete Falke,“ und ich muss
253 3018 3625 3372 gestehen, Herr Vielmaier, Ihr Benehmen,
3878 3164 4600 3448 halten.
276 3226 3602 3548 ich nun schon sagen - ja das muss ich
3863 3133 7265 3617 Alles Allgemeines Gemürrieb des Beifalls,
3871 3456 7112 3756 dann trefe Hille, der Präsident
300 3425 1137 3717 gestehen.
3809 3571 7281 3917 räußert sich, wischt sich mit dem Sack
323 3456 3656 3825 "Nächstens einmal" u. unterbrach Vielmaier
253 3794 3556 4040 den Präsidenten, "es hat zahzeit? Und
3832 3756 7204 4140 tuch über Mund und Stirne, schreicht
323 3940 3694 4232 offen gesagt, hab' ich schongar nicht mehr
4316 4032 4593 4155 Cuy
3840 3940 7288 4347 sich durch die Haare, räusgerst sich nochmals
330 4132 3725 4439 davon gedacht, daß ich mich für heute gemeldet
3878 4216 5737 4539 u beginnt zu sprechen.
