7240 4856
5031 183 5265 383 15
275 350 6964 858 Erachtung ist die erste Rufe auf der schwankenden mein tiefer gleichsam fragender blick auf Talmes
3574 616 6914 983 Augern sie sein Antlitz musterte und für dunkle Röte
225 716 3465 1025 keiten der Liebe, des O. wie viele Stufe
3582 783 7014 1166 über das Gesichtssoß. Die Übrigenwaren eben in einige
4165 883 4507 1016 1 sein
283 900 3482 1166 hat diese leiter, dieneter den Menschen
3607 1008 7031 1324 legentliches Gespräch bestimmen, und keinen
175 1041 3499 1316 gerkeine Namen haben, die Glü und wohl den
3657 1116 6981 1508 hatte Gelegenheit ihre Blicke und seine Verlegerher
900 1233 1399 1366 erstes,
258 1258 3565 1533 Der Brüntern schnell xx unter sich hat, um
3665 1333 6972 1674 zu bemerken. Von nun an ruhten ihre Auge öfter
242 1408 3465 1658 bald zu jener Hufe kommt, Nun auß oder
3640 1466 6989 1791 und länger auf ihm, wie ihn bedünken wollte, und es
325 1616 750 1891 gar.
3649 1658 6989 2049 war ihm beinahe unangenehm, als die Tafel für
350 1691 3549 2033 Genug, wir xxx sind schon zu hoch zustiegene.
3624 1816 6964 2232 aufgehoben erklärt wurde. Nun aber wurden die Gäste
6031 1983 6414 2124 geben
250 1924 3574 2257 ich wünschen jedem meiner daher und Lehrmann
3682 2041 6906 2382 aufgefordert sich in den Lanzsaal zu bemühen, und
375 2099 3557 2407 die letzten Stufe zu erklimmen, die man gar
3615 2091 7006 2616 dort - Süste Hoffnungen schwellten des Studenten
317 2266 1991 2532 verschieden nennt
3649 2441 4232 2682 Brust. -
375 2374 3490 2749 Kühle war vorderhand erst im Depreffe
3715 2424 6939 2916 Ein steifbeiniger Lieutenant forderte sie zuerst aufzu¬
158 2616 3440 2907 Die erste zu besteigen. 16/1 Und gerade diese ist
3649 2674 7072 3007 tanzen. Mit sichtlichem Zagern nahm sie seine Aufforderung
317 2799 3390 3107 sehr hoch - denn aller Anfang ist schwer. Kühle
4990 2907 5464 3065 besondere
3682 2857 6989 3174 an. kühle verlorde sie kamen Augenkut aus der
367 2957 3424 3215 hatte schon ein Messer so getauffvoll als möglich
3665 3032 7072 3432 Augen; er sah, wie der Lieutenant seinen Mund in füßliche
342 3132 966 3265 der Tellen
317 3182 3449 3457 fallen lassen, hatte mehrere Mal tief geheufzt, hatt
3715 3240 6931 3599 Breite verzog, wie er mit seinen Augen zwinkarte
308 3315 3449 3615 sich soweit als möglich über den Tisch gebeugt
3624 3399 7072 3773 Bezwie er als ein Anscheine nach Sußholz raspelten Jahre
342 3532 3499 3790 um eine Flasche Wein vom andern in seine Nähe
3649 3615 7072 3932 lächelte kühl; es aber laße sie zum Tagen auffördert,
325 3674 3457 3982 Zu bringen. Aber Alles dies nichts Erachtete zwar
3773 3757 7072 4132 schien es ihr recht angenehm zu sein, reden, sie mit
175 3807 491 4040 eben
225 3890 3532 4132 er zu den verzweifelten Entschluß gekommen
3765 3898 7089 4332 Grazie sich verteugend ihm sozusagen in die Arme
650 3998 1483 4165 gebülltes Wein-
308 4015 3482 4365 sein Glas über die auszuschütten, als im unge¬
