7160 5000
3632 386 6738 895 Gott sei dank, daß ich jetzt nichts gesprochen
3636 624 6689 1014 habe, bracher dann heraus. „Aber ich
1100 689 1580 882 nahm.
267 595 3505 1055 das Nädchen zog schon das xxplentuch hervor. Ihr
521 595 825 907 propre
209 841 3513 1264 lich fuhr sie zurück  der Schiff der Locomotus
3636 870 5922 1194 halts hier nicht mehr aus¬
3640 923 6820 1445 der Zug hielt dem in Liesen und Telke
5585 1149 6595 1334 konketlgner die
316 1092 1859 1453 hatte sie überrascht:
3644 1202 6890 1564 stürzte hinaus, gab der Karte ab und fand
295 1182 3587 1654 „Wie du mich wieder erschreckt hast, tiedrig ver¬
3665 1313 6890 1711 die Freien. Mit Entzücken sexen die frische
3677 1514 6878 1875 Landluft ein, und äffnete erleichtert auf. Es
320 1502 923 1761 sirans.
414 1514 3595 1929 kann, wahrhaftig, das wird mir schon zu stark
3665 1662 6935 2101 sah ins d Weite smaus über die wegenden
378 1711 3554 2031 bin ich vielleicht davon Schuld, daß die To¬
3230 1863 3558 1990 auch
3689 1843 6939 2245 Felder bis derkhin, wo sehr zu den Herzen
341 1875 3591 2310 comotion gepf. Eben hat? Oder soll: O do drüder
4137 2003 6939 2380 den Stu, Verdings mit den Rumen¬
390 2093 3607 2475 kufeisen zu gute halten? Er lehnte sich ärz
3710 2175 6882 2557 Noch was er in der Anblick oertieft, und
4137 2282 5085 2466 stand da
3702 2179 4153 2470 it.
378 2265 3591 2684 lich in eine Ecke, und sah zum Fenster hinaus
3702 2360 6948 2737 ließ sich von der Morgenhaft um erwehre, währe
443 2413 3636 2750 Nach einer längere Pause begann Eftrallernde
3981 2618 5450 2840 während sich gerecht
3730 2565 6960 2992 weit xxx Querul die letzten Morgen
410 2614 3624 2992 schricht eigentlich nicht, weshalb wir heute
3730 2663 6890 3119 neb ich verflüchtigten verschwanden, biß
382 2737 3656 3139 mit einander fahren. Rein nur um zu zanken
3771 2893 6972 3242 er sich von der frischen Morgenschaft
468 2930 3599 3357 Melke sah sie mit einem unverschielich
5807 3033 6275 3209 plahlen
3808 3037 6861 3418 umwesen, als da flusterte ihm etwas ins Gr
447 3102 3673 3492 verdrießlichen Aus Blick am "Jezt möcht¬
3878 3238 7030 3677 Kedwig. Das war nicht der Morgengind, der
419 3295 3640 3706 eheigentlich wissen, warum du schon wieder a¬
3862 3398 6870 3829 hat auch keine so weiche Hand. Die sich auf
611 3472 3702 3837 hängst? sagt er mit verhaltenen Arpen¬
5708 3578 6049 3710 mich
3907 3542 6866 3977 die Schulter legt, und seine so subführ sichte
460 3603 3628 4013 u. So, jetzt willst du mir noch par erzählen,
3878 3780 6459 4223 Frau Nürz¬   iedoch xxx
419 3812 3086 4202 daß ich angefangen habe zu zweken?
3964 3985 5626 4317 Du bist 6? Estrella
476 4001 2922 4358 na, werden? Vielleicht ich?
3944 4026 6939 4559 haltins. Wie schön sie jetzt war, als sie
558 4178 2565 4469 tudrix - du wirst grob.
2347 4153 3648 4465 ohne gänze Weile
427 4354 3661 4703 all Jetzt schonte er sie durchtehrend an¬
