7272 4984
3643 398 6992 860 auf den forfahrten wäre – mein Seelenheil ist komies.
269 646 3532 907 mißt hatte. Bei einer Collegiiwäre hingewesen
3622 795 4670 1052 wegs gefährdet
214 821 3549 1185 erzählte sie trotzig, sie hätte keine Aufgehabt sich zu langwei¬
3618 889 6774 1210 das ist allerdings richtig; auch dürfte ich kaum einen
3648 1031 6885 1407 bahlern finden; Professor Magel entschlicht sich
150 1129 629 1296 len.-
231 1189 3472 1514 „Ym, hin, Herr Stock, lassen Sie sie morgen nur in den
3588 1291 4759 1595 absolut nichts dazu.
329 1338 3494 1685 Volksgarten kommen; ich will den Buben auf frischer
3678 1381 7000 1762 der Vorsatz ging auf. Ein wollustiges Bild bot sich
342 1522 3498 1886 That ertappen. Es hat ja nichts gefährliches für Ihre Tochter¬
3648 1561 7013 1882 den Augen der Zuschauer dar - Estrella in einem
3656 1762 6940 2035 noch weit verführerischen Castume als im ersten Akt
222 1723 3545 2010 „Un, Ihnen zu liebe, und wurde Ihrem Beispiel folgen,
1578 1864 2425 2031 mein Postes
278 1882 3447 2198 Herr kanzleivat, und Zu ebenfalls auf frischer
3686 1903 7069 2296 lag träumerisch hingegossen erwitten noch verführen
3618 2074 7056 2412 (u) be kleideter Elfen und Frau. Was sich Nelke dachte?
316 2087 3588 2339 That ertagene? - Aber um wieder zurückzukommen, wäh¬
346 2288 3494 2497 rend Sie Material für Ihre "Moral" suchen, was
3725 2271 7017 2613 Ich weist es nicht, aber schreibt, daß ihn der liederliche, junge
321 2429 3558 2673 thun Sie mit Ihrem Jungen? Zu Hause hitzen lassen
3708 2433 7026 2784 Bruch unverschärt flächelnd am Aom drukte, was
4794 2660 5144 2775 davon
329 2587 3070 2925 können Sie ihn nicht, denn er lau fassern davon¬
3686 2591 7039 2921 der Professur über und ufer roth wurde. In diesem
4597 2797 5371 2959 befanden sich
3708 2792 6987 3109 Augenblick wurde wenige in derjungen Mänewelt
287 2750 3528 3117 „Ein Gedanke, ich lasse ihm mit dem Gegenant fahren.
282 2938 3507 3254 "Herr kaigteirat, das geht nicht - er fährt dann weiß
3750 2959 6987 3259 die im Theater versammelt war, die nicht eingefühl
5486 3126 6201 3318 mizießen.
3776 3182 4571 3361 gegen Estfalls
3703 3130 7017 3455 empfanden, das dem liebe sehr verwandt ist. Der
231 3147 1475 3430 der Teufel wohin.
252 3288 3507 3571 u. ich schärfe meinem kutscher schon ein. Sie können
3712 3331 7107 3609 kleine Kränglein, so wurde er zum Unterschied von seinem
312 3464 3459 3819 sich verlassen. Sie werden sehen, Herr Flock, es geht
3695 3489 6975 3793 Eltern Bruder Julius genannt, sah mit dem gewisse
6620 3643 7043 3784 äußern
355 3648 3519 3998 prächtig - mein Buch "Moral", wird heute in einem
3690 3678 7107 3943 verschmitzten Löcheln auf die kleine Faug, die in Begleitung
3729 3887 7047 4182 desgroßen Franz, des großen Kränglein, und der
363 3857 2835 4144 Jahr in jeder anständigen Bibliothek¬
449 4041 3002 4302 klingelingklingkling – die Musik begann.
3746 4011 6953 4370 Eltern Ritter in der Lage saß. Dergroße
342 4084 3605 4426 „Hin, hin, machte Herr Fock“, ich dachte doch, er hatte
3810 4191 7163 4593 kräufein, ein sehr hübscher ^ größgewachsener, kräftig¬
338 4319 3639 4691 weiter nichts auf sich, wenn ich Ihr Reisegefahrte waren
