7864 4840
610 372 3876 675 Und sehr keck +, wollten Sie sagen. Ja, da¬
186 441 502 792 Jch
562 528 3859 883 bin ich, ich bin nicht ein Herr – wie heißt
234 727 498 934 FJ
978 787 1315 896 fünf
619 774 2600 1060 dieser gemäle Dichter? +
238 900 510 1082 er
623 952 1994 1255 Kuno Prohmüller.
333 1004 532 1237 Sr
610 1120 3881 1402 „Jcherinnere mich, Sie schon mit ihm gesehen
623 1255 3920 1614 zu haben. Auch ihn haben Sie mit Ihren Kokette
597 1410 3868 1804 rien an sich gezogen, und ausschulieben
355 1562 532 1821 P.
640 1644 2886 1986 Sie nicht - Sie lieben keinen!
718 1808 2682 2090 Und das wissen Sie so siches?
653 1981 3976 2258 „Oh ein Weib, das liebt, ist ganz anders, als Sie!
701 2129 3950 2479 Fragen Sie nicht: Wie? Denn das ist eine Frage,
359 2280 558 2436 an
645 2328 3405 2656 auch die es keine Antwort gibt.
688 2518 3984 2855 „Suchen Sie sich vielleicht auf diese Weise meine
593 2700 2202 2976 Liebe zu gewinnen?
692 2877 4036 3137 Vielleicht bin ich noch nicht auf dem richtigen Wege
653 2998 3937 3344 Oder doch? Sie schweigen? Nun, aber hören
692 3214 4036 3573 Sie mich weiter! gehe der nach Nacht, in wel¬
662 3344 4045 3695 cher die nächste Linkmansiana fällt, wer¬
649 3586 2302 3898 den Sie mich lieben!
675 3751 2548 4084 Ich begreife Sie nicht!
705 3898 4010 4266 Das Wünsche ich! Sie sollen mich nicht begreifen,
705 4123 4071 4465 erst, wenn Sie mich lieben, werden Sie noch begreifen?
4231 234 7078 601 Und wenn ich sehre einen andern liebe!
4261 415 7636 714 „O Talma“ Sirtieben keinen andernt“ das thun
4266 645 5075 917 Sie ja nicht.
4240 787 6355 1069 Beide schwiegen eine Weile
4214 965 6507 1307 "Leben Se wohl" sagte sie plötzlich.
4292 1168 4958 1445 Wohin?
4348 1363 5187 1618 Nach Hause
4240 1497 6126 1791 Ich werde Sie bepleiten!“
4300 1679 7333 1960 " Sie sind zudringlich: " hätte den Anthein:
4313 1830 7666 2150 Ah - wahrhaftig, es sahe sous Nun, ich stehe
4452 2012 6195 2336 Ehem nicht im Wege.
4218 2154 5127 2358 Hvois dag
4235 2185 7709 2514 (Aber es sähe fast so aus, als hätte ich nicht,
4235 2353 7705 2713 daß Sie mir wirklich Fluch Liebe einflößen
4231 2535 6883 2847 könnten. Begleiten Sie mich nur!
7056 2583 7554 2756 keines og
4235 2700 7675 3028 Nein, ich nachdem, was ich eben gehört habe,
4266 2916 7649 3232 keines soll einen Vorzug haben – Gehen Sie
4227 3115 4793 3383 allein!
4253 3275 6364 3565 Wenn ich Sie nun aber bäte!
4274 3452 6130 3729 Bitten Sie mich wirklich?
4313 3612 7644 3933 Ich flehe Sie an erwiderte sie scherzen
4283 3798 7670 4123 Mein Fräulein, jetzt fehlt nur noch, dass Sie
4266 4010 7718 4305 vor mir niederkneine, und dazu ist es heute
