7656 4888
4053 270 7371 587 Er in Tochter, die verliebt ist — Ja, die vertreibt
2596 196 2788 461 65
4027 426 7371 809 ist. küßt, spazieren geht, vorgehn Jahre alt
500 348 3744 700 Güre halte Stunde verging, wieder eine habe
500 570 3810 809 Stunde, längst war zehn vorüber, da machte
4001 596 6780 957 ist und Lußt - nur verliebt ist!
513 726 3723 1031 endlich Madame Redes die sehr richtige Be¬
3944 774 7310 1078 Madam Hock sank zurück und wanz
139 835 378 1031 wch
6680 944 6858 1061 D
448 931 3783 1257 merkung, daß sie sich eigentlich schrecklichten
3944 1009 6893 1265 die Wände. Nicht möglich schon sie
483 1074 3788 1413 hier aufgehalten habe. Jetzt dünkte a 6 selbst
4057 1100 7362 1539 „ Oh sehr möglich schon der „linke Mann“ schon
391 1283 3805 1600 der Frau Frau Flok. zu gefährlich, die Treue
4027 1309 7397 1687 möglich, wahr, sehr wass, man hat es gesagt
431 1461 3823 1718 die nach dem gewöhnlich in Conversationsstrafe,
4023 1466 7449 1770 während er auf die Uhr gesehen hat, soviel
435 1683 3831 1887 zu längeren bleiben aufzufordern, denn daß
4010 1713 5501 2057 sie sich geküfft!
544 1783 3805 2100 solte gehört. Die Götter versuchen.-
4010 1813 6180 2153 Über erkläre mir Weh!
539 1961 2235 2270 Endlich war sie fort: -
5710 1896 7462 2344 Er kehrte sich um
4101 2061 5727 2348 Ah was, erklären -
5706 2170 6071 2331 rich
509 2153 2331 2405 Nun fing es aber an.
4083 2214 7389 2470 Ah du da, Faug schrie er sein
4049 2366 7476 2688 Rechter an, die das bloede köpfchen, durch
574 2318 3705 2614 Merkwurf daß sie einmal gegangen ist,
587 2501 3831 2740 Die alte Judie, ich habe schon gemeint, sei
4070 2509 7375 2883 die Churspalter gesteckt hatte und jetzt bis in
4053 2683 7432 3035 die Gehenspasse erhebt war. Jetzt wirst du
404 2670 3827 2970 bleibt über Nacht da. Dauerwetternach¬
544 2844 3853 3162 einmal, setz, dich nieder, Alte, und hörein
3997 2875 7489 3275 mir Rede stehen rief er, indem er sie beim
448 3022 3818 3305 zu. Ich bin doch sonst er sehr gutmütiger
4023 3048 7510 3418 Arm ins Zinn zu zog, geht wirst du mir
544 3205 3888 3518 Mensch, wie man doigl, ein Schaf Lamus,
4110 3244 7515 3649 die Geschichte erzählen von befang bis zu Frau
509 3444 3866 3670 aber wenn es darauf ankommt, werd ich
4105 3414 7532 3727 wig du für den können gelernt hast, den konsin¬
613 3601 3870 3823 zum Tiger - ja zum Tögend. Und er
4101 3609 7384 3888 Arthur Falke, und wie du ihn gekußt fast
531 3740 3853 4062 rückte der bedrängten Potten im er mehr
4079 3766 7410 4110 "Paya das hab' ich gar nicht gethan" rief
483 3918 1835 4197 auf den Leib.
4575 4027 5032 4183 kädte,
4140 4027 5740 4327 die  eutrustet.
478 4088 3431 4466 „Ober was hast du denn lieber Mann
