6728 4728
211 215 549 475 22/6
3583 289 6678 565 Schritte,- eine Opstalt hat sich aus der Danke
186 297 3376 665 Also, ich habe mich doch endlich von meinen Schülern auf¬
3587 532 6682 797 eine schlänke, wolle Mädchengestalt, mit ferig
186 565 3372 850 herge Zeit entfernt und sie sich selbst überlassen.
3587 689 6711 925 Augen und längern, schwarzen, herabwallaar
186 735 3372 1032 So sprach Professor Jakob Mager zu sich selbst,
3583 846 6695 1143 Haar Magen schreckt zurück. bald aber
149 892 3376 1176 langsam durch den einsamen, nächtlichen Wald
3566 999 6621 1284 hatte er sich wieder gefasst. Diese bleng
202 1036 3451 1317 gehend. „schreitend.“ Es ist mal gänzt stes“ nun r¬
3570 1156 6687 1432 rothen Wagen waren ihm nicht unbekant
161 1238 3475 1482 melt er weiter vor sich sie aberman ist doch wenichte.
3570 1317 6592 1606 diese schwaltenden Kippee halt er sch
202 1366 3224 1647 von den stets spöttischen Dolicken der Cunge
3595 1486 6658 1771 gesehen, dieser üppige Zufen war ihm sch¬
186 1556 3438 1800 befreil. Und überdies, also mir selbst darfichs
3566 1655 6703 1890 einmal vor die Onigügkenen. Selbstverstand
169 1717 3347 2022 mal gestehen, mir ist es gomisch zu Muth. Ich bin doch
3554 1804 6645 2089 dachte sich der Frauen Professur das all¬
169 1874 3451 2084 ein ordentlicher Mensch gewesen los heute, und
3558 1965 6715 2229 ir weit weniger frigoten Ausdrücken, aber im
235 2051 3475 2316 habe nicht ummalgeweisch eheblickt, um in vor¬
3570 2117 6674 2419 Grund genomte er waren Soch das selbe. Schwert
190 2163 2675 2468 wennher - Erörrtet vor sich selbst
2782 2167 3385 2377 „ Aber jetzt
2543 2328 3265 2485 Er zu Sachen
3558 2283 6703 2559 zu schildern als die Gedanken des christliches
264 2328 3463 2637 also hab ich mal etwas drines. gleichsam mit Hage
3574 2439 6695 2724 Herrenwaren seine Gefühle - Himmel!
281 2518 3405 2786 Heute auf dem Tahnhof in todem ich mal
3541 2604 6658 2914 allerährichtlichste Gefühl war, stärker in ihm
264 2654 3393 2959 ein - - weibliches Geschöpf, welches also schön
3566 2778 5737 3058 erwächst den jea: Er liebt
301 2823 3463 3087 war. Aber fort mit Ryfen elenden Gewärken
3657 2943 4800 3215 Er liebte...
256 2980 3298 3195 ich lasse mich also vom Strafe nicht umgabenen,
3620 3116 4507 3385 Ihr liebte
281 3145 3372 3434 der fromme Professor blieb sehen und sah¬
3715 3178 6703 3541 Ja, er liebte: Herr reizende Gestalt
305 3310 3422 3624 träumerisch in die finsteren hinaus. Da
3607 3418 6707 3682 die vor ihm stand hatte, sein in den
347 3467 3442 3727 erzüglauf ein Bauquet in das zur Gröhe
3570 3574 6707 3818 besten Jahren stehendes Herz nicht sünd¬
256 3649 3455 3967 hielt, das ihm ein Schules habe gegeben,
3583 3731 6662 4037 er verzehendes keiner Durchstifft seiner xxx
330 3793 2753 4115 bot ein sehr malerisches Tild
5828 3900 6662 4161 eine Sache.
3624 3913 5700 4169 und eine rdle Nöthe übrigens
532 3892 3380 4235 Plötzlich hörte er in der tätig Fiska
3665 4066 6204 4375 Erhörte, wie die Gefällige Ehrlichen
293 4115 801 4371 Biller
706 4128 3397 4458 Schritte; Graziöse, leichte, ebenhäft
