7000 4888
4886 404 5740 830 Erstes Kapite
3593 1296 3831 1567 10/8
3631 1572 6107 1843 Nicht angenommen, zurückgewiesen, blamirt!
3585 1718 5907 2026 Aber was reden Sie, Herr Kanzleiwat!
3556 1863 6908 2143 bleiben Sie mir mit Ihren Dorstgründen vom Leibe. Sie könten
3556 2051 6858 2318 es heute in der offnen Correspondenz der neuen freien Presse
6441 2222 6858 2451 gesendet
3585 2247 6266 2539 lesen. Herrn Kanzleivat F- a: Bedauern von Ihnen
5578 2401 5957 2560 Marzler sey
3585 2389 6845 2660 keinen Gebrauch machen zu können. Nun, Herr Flock, ist das
3593 2605 6920 2901 etwa kein Blamage? Und wenn es keine Blumage ist, was
3631 2810 4461 3039 ist es denn?
3639 2918 6349 3268 „Sie müssen die Sache nicht so ernst auffassen!“
3689 3077 6808 3414 Wie - nicht so ernst? Und Sie nennen sich ein
3614 3252 6866 3610 Mitglied des Warmes Judicitia, wenn es Ihnen nicht
3652 3464 6874 3739 einmal Ernst ist es mit der Sache, heiliger Ernst?“
3719 3656 5211 3981 Sie misverstehen mich.
3731 3839 6849 4223 Warum senden Sie dieses offenbar humoristisch
6641 4044 6853 4248 H.
3856 4177 6491 4406 Predukt nicht an ein hütres Organ
3898 4285 5632 4552 die Eliegenden Blätter?
