7176 4840
3730 384 6761 837 gegenütet auffassen sollte, als Amuth
3718 614 6890 1002 nemlich insoferen, als die hie flochende Zeit
1548 542 3281 925 Zwölftes Kapitel
3746 784 6915 1136 Sind Rümer nicht Tümpel der Zeit? hatte
1758 780 2235 1059 Zu
1503 893 3613 1180 Bei den drec Raben
3718 978 6874 1342 ich eben so schön als rührend gefragt, gleich
3730 1148 6959 1483 aber wieder anschließend an diese Bemerkung
408 1160 925 1467 13/6
3730 1317 6943 1718 geäußert, daß man diese Rumen auch in
3746 1528 6555 1912 höheisch. Für einen wahrnhalten konnte,
3730 1653 6846 1996 indem der Mensch das Werk der Heit
3775 1928 6644 2235 her sehen im Aufbruktsmollycgan¬
3779 1980 6894 2425 Wie gesagt, ich xxx unterdrücke
489 1996 3532 2295 Sie Leser sind eben einer großen Gefahr an
3120 2146 3589 2287 my tall
424 2194 3633 2502 können, indem ich nahe daran war. Zu erzäh¬
3766 2194 6999 2538 dem Leser zu lieben, die folg Schilderungen
3758 2396 6959 2704 und Stetinge die xxx einen weniger,
432 2352 3621 2671 den, daß das Gasthaus: Ja den 3 Raben¬
5484 2506 6995 2732 von sch verlockender gegangen selbst
3754 2623 6692 2958 wücksichts vollen Autor nicht auf
473 2518 3577 2857 Gevadngu wundetbar zwischen
3791 2679 7028 3104 oder schreiben sondern auch aufs Regier
485 2687 3629 3019 Wiesen, Wäldern, Bergen u. drgt lerot
3791 2865 7036 3265 schweben wurden, und bequie gleich von
469 2889 3581 3185 wobei ich mich auch keines wegs hatte
3819 3055 7080 3467 Personen zu erzählen, die den Leser unbestört
400 3043 3564 3370 enthalten könne, sondern auch
3811 3205 6777 3589 bar mehr interessiren als alle pretische
445 3209 3556 3508 Betrachtungen darüber die falschen
432 3383 3641 3706 Ruinen anzuknüpfen, welche die Gepfel
3827 3463 5338 3811 epäsühle u. derpl.
1580 3548 2449 3694 auch selben
3831 3581 7072 3896 Ajur, sie Garten bei den 3 Ralen
436 3564 3568 3843 der grünen, verzähren, Ich hätte
3855 3750 7096 4146 stische sitzen Professor Ludwig Kelk und
388 3722 3589 3997 mich und meine Leser gefragt, ob man
3916 3888 6975 4304 Estrella? Letztere seft stumm da, und
424 3920 3581 4203 diese Gebäude, die gleich als Rumenaüf¬
3977 4074 7125 4550 Esprach kein Wort, was meine hiedemtafes¬
445 4102 3556 4389 geführt sind als xyz
521 4264 3657 4591 Gesuch oder von hohe xxx mächtigen Zeit
2279 4429 2926 4627 gegen die
