<?xml version="1.0" encoding="UTF-8" standalone="yes"?>
<PcGts xmlns="http://schema.primaresearch.org/PAGE/gts/pagecontent/2013-07-15" xmlns:xsi="http://www.w3.org/2001/XMLSchema-instance" xsi:schemaLocation="http://schema.primaresearch.org/PAGE/gts/pagecontent/2013-07-15 http://schema.primaresearch.org/PAGE/gts/pagecontent/2013-07-15/pagecontent.xsd">
    <Metadata>
        <Creator>prov=READ-COOP:name=TrHtr:version=2.1.0:model_id=51170:date=14_08_2023_23:19</Creator>
        <Created>2023-05-10T14:33:19.147+02:00</Created>
        <LastChange>2023-08-14T23:19:07.172+02:00</LastChange>
        <TranskribusMetadata docId="1428640" pageId="55422017" pageNr="103" tsid="132830498" status="IN_PROGRESS" userId="64420" imgUrl="https://files.transkribus.eu/Get?id=XXQXIZQNIYCMQYLQUZCDYQFE&amp;fileType=view" xmlUrl="https://files.transkribus.eu/Get?id=GABEYAGKCOGVNQOETHWOXWOS" imageId="44696095"/>
    </Metadata>
    <Page imageFilename="1428640_0103.jpg" imageWidth="7704" imageHeight="4776">
        <ReadingOrder>
            <OrderedGroup id="ro_1711818218531" caption="Regions reading order">
                <RegionRefIndexed index="0" regionRef="tr_1"/>
                <RegionRefIndexed index="1" regionRef="tr_2"/>
            </OrderedGroup>
        </ReadingOrder>
        <TextRegion id="tr_1" custom="readingOrder {index:0;}">
            <Coords points="650,642 3999,642 3999,4403 650,4403"/>
            <TextLine id="tr_1_tl_1" custom="readingOrder {index:0;}">
                <Coords points="644,782 1634,736 1981,832 2136,740 2240,828 2968,736 3093,849 3804,706 3804,535 3461,510 2512,589 2048,481 1722,652 1141,531 648,602"/>
                <Baseline points="668,716 758,722 847,722 937,722 1026,716 1116,722 1205,722 1295,722 1385,728 1474,728 1564,722 1653,728 1743,728 1832,728 1922,728 2011,728 2101,728 2190,728 2280,728 2370,728 2459,722 2549,722 2638,722 2728,716 2817,716 2907,710 2996,710 3086,710 3176,710 3265,704 3355,698 3444,698 3534,698 3623,692 3713,692 3802,710 3814,716"/>
                <TextEquiv>
                    <Unicode>Sie hatte seinen Stuf gehört, war bieferrotet</Unicode>
                </TextEquiv>
            </TextLine>
            <TextLine id="tr_1_tl_2" custom="readingOrder {index:1;}">
                <Coords points="640,932 1981,995 2985,895 3110,982 3841,915 3841,752 3386,719 3102,844 2834,736 2458,823 2132,736 1977,840 1693,740 640,786"/>
                <Baseline points="662,901 716,907 805,901 895,901 985,901 1074,901 1164,901 1253,901 1343,901 1432,907 1522,901 1611,901 1701,901 1791,901 1880,907 1970,901 2059,901 2149,901 2238,901 2328,901 2417,901 2507,901 2596,901 2686,895 2776,889 2865,889 2955,889 3044,883 3134,889 3223,883 3313,877 3402,877 3492,871 3582,865 3671,871 3761,877 3850,895"/>
                <TextEquiv>
                    <Unicode>und hatte das Fenster, da sie eben ihres allzu¬</Unicode>
                </TextEquiv>
            </TextLine>
            <TextLine id="tr_1_tl_3" custom="readingOrder {index:2;}">
                <Coords points="627,1175 1430,1083 2408,1166 2688,1074 3139,1170 3758,1116 3762,945 631,953"/>
                <Baseline points="650,1080 722,1080 811,1074 901,1074 991,1074 1080,1074 1170,1074 1259,1074 1349,1074 1438,1074 1528,1074 1617,1074 1707,1074 1796,1080 1886,1080 1976,1080 2065,1080 2155,1080 2244,1074 2334,1074 2423,1074 2513,1080 2602,1074 2692,1068 2782,1068 2871,1062 2961,1068 3050,1062 3140,1062 3229,1062 3319,1062 3408,1062 3498,1056 3587,1056 3677,1056 3767,1068"/>
                <TextEquiv>
                    <Unicode>freien Costumes gedachte, schnell geschlossen.</Unicode>
                </TextEquiv>
            </TextLine>
            <TextLine id="tr_1_tl_4" custom="readingOrder {index:3;}">
                <Coords points="640,1308 2362,1363 3168,1250 3503,1342 3770,1287 3770,1133 2696,1191 2286,1104 2086,1212 1430,1083 640,1175"/>
                <Baseline points="662,1247 752,1253 841,1247 931,1247 1020,1247 1110,1247 1199,1247 1289,1247 1379,1253 1468,1253 1558,1253 1647,1253 1737,1253 1826,1253 1916,1247 2005,1253 2095,1253 2185,1253 2274,1247 2364,1247 2453,1247 2543,1247 2632,1247 2722,1247 2811,1247 2901,1247 2990,1247 3080,1247 3170,1241 3259,1241 3349,1241 3438,1241 3528,1235 3617,1235 3707,1235 3779,1247"/>
                <TextEquiv>
                    <Unicode>Die Freunde setzten schreipßen ihren Weg</Unicode>
                </TextEquiv>
            </TextLine>
            <TextLine id="tr_1_tl_5" custom="readingOrder {index:4;}">
                <Coords points="644,1542 1241,1551 1484,1438 2232,1559 2704,1438 2959,1547 3357,1425 3871,1501 3871,1333 3703,1279 3014,1363 2688,1258 2144,1379 1831,1275 644,1308"/>
                <Baseline points="668,1432 758,1426 847,1420 937,1420 1026,1426 1116,1426 1205,1432 1295,1438 1385,1438 1474,1432 1564,1432 1653,1426 1743,1426 1832,1426 1922,1426 2011,1432 2101,1432 2190,1426 2280,1420 2370,1420 2459,1420 2549,1414 2638,1414 2728,1414 2817,1414 2907,1420 2996,1420 3086,1414 3176,1414 3265,1408 3355,1408 3444,1402 3534,1402 3623,1408 3713,1414 3802,1426 3880,1444"/>
                <TextEquiv>
                    <Unicode>fort. Im Prater, wohin sie gelangt waren,</Unicode>
                </TextEquiv>
            </TextLine>
            <TextLine id="tr_1_tl_6" custom="readingOrder {index:5;}">
                <Coords points="644,1693 1287,1609 1509,1714 1664,1609 1781,1680 1940,1618 2441,1693 2867,1555 2604,1450 2495,1542 2232,1555 1484,1438 1225,1551 915,1492 648,1542"/>
                <Baseline points="668,1605 728,1599 817,1599 907,1599 996,1599 1086,1605 1176,1599 1265,1599 1355,1605 1444,1599 1534,1605 1623,1599 1713,1599 1802,1599 1892,1593 1982,1593 2071,1599 2161,1599 2250,1599 2340,1599 2429,1593 2519,1593 2608,1593 2698,1593 2787,1593 2877,1593"/>
                <TextEquiv>
                    <Unicode>wars recht still und unsam.</Unicode>
                </TextEquiv>
            </TextLine>
            <TextLine id="tr_1_tl_7" custom="readingOrder {index:6;}">
                <Coords points="673,1864 3164,1760 3373,1848 3829,1781 3829,1664 3553,1588 3043,1705 2633,1613 1914,1714 1672,1609 1522,1718 1338,1605 673,1676"/>
                <Baseline points="698,1779 704,1779 794,1779 883,1773 973,1773 1062,1773 1152,1767 1241,1767 1331,1767 1420,1773 1510,1773 1599,1773 1689,1767 1779,1767 1868,1767 1958,1767 2047,1767 2137,1767 2226,1767 2316,1767 2405,1767 2495,1767 2585,1761 2674,1761 2764,1761 2853,1761 2943,1761 3032,1761 3122,1755 3211,1755 3301,1755 3390,1749 3480,1749 3570,1755 3659,1755 3749,1761 3838,1767"/>
                <TextEquiv>
                    <Unicode>„Ja, wohin kommen wir deu eigentlich“ auf</Unicode>
                </TextEquiv>
            </TextLine>
            <TextLine id="tr_1_tl_8" custom="readingOrder {index:7;}">
                <Coords points="694,2031 1053,1948 1191,2036 3749,1990 3917,1956 3921,1806 1145,1789 694,1881"/>
                <Baseline points="716,1952 794,1952 883,1946 973,1940 1062,1940 1152,1940 1241,1940 1331,1940 1420,1940 1510,1940 1599,1946 1689,1940 1779,1940 1868,1940 1958,1940 2047,1946 2137,1946 2226,1946 2316,1946 2405,1940 2495,1940 2585,1940 2674,1934 2764,1934 2853,1934 2943,1934 3032,1928 3122,1928 3211,1922 3301,1922 3390,1922 3480,1922 3570,1922 3659,1922 3749,1922 3838,1928 3928,1928"/>
                <TextEquiv>
                    <Unicode>Waschlapski aus: "träumst du, welke? -</Unicode>
                </TextEquiv>
            </TextLine>
            <TextLine id="tr_1_tl_9" custom="readingOrder {index:8;}">
                <Coords points="706,2236 1112,2123 3921,2140 3687,1960 2466,2044 949,1948 706,2044"/>
                <Baseline points="728,2131 794,2125 883,2119 973,2119 1062,2113 1152,2119 1241,2119 1331,2113 1420,2119 1510,2119 1599,2119 1689,2119 1779,2113 1868,2113 1958,2113 2047,2113 2137,2113 2226,2113 2316,2113 2405,2113 2495,2107 2585,2107 2674,2107 2764,2107 2853,2113 2943,2107 3032,2107 3122,2107 3211,2107 3301,2107 3390,2101 3480,2101 3570,2107 3659,2107 3749,2101 3838,2107 3928,2119"/>
                <TextEquiv>
                    <Unicode>Ich? Was fällt dir ein? Rau man denn</Unicode>
                </TextEquiv>
            </TextLine>
            <TextLine id="tr_1_tl_10" custom="readingOrder {index:9;}">
                <Coords points="698,2332 1885,2295 2399,2404 2650,2312 2784,2399 3775,2316 3850,2220 3515,2119 3256,2211 2972,2119 1116,2123 698,2236"/>
                <Baseline points="722,2310 811,2292 901,2286 991,2280 1080,2280 1170,2286 1259,2292 1349,2286 1438,2286 1528,2292 1617,2292 1707,2286 1796,2286 1886,2292 1976,2292 2065,2286 2155,2292 2244,2292 2334,2286 2423,2286 2513,2286 2602,2286 2692,2286 2782,2286 2871,2286 2961,2286 3050,2280 3140,2280 3229,2274 3319,2274 3408,2274 3498,2274 3587,2268 3677,2274 3767,2280 3856,2292"/>
                <TextEquiv>
                    <Unicode>in den Prater zu Nacht im Traum¬</Unicode>
                </TextEquiv>
            </TextLine>
            <TextLine id="tr_1_tl_11" custom="readingOrder {index:10;}">
                <Coords points="719,2512 832,2483 961,2537 999,2500 1129,2521 1170,2483 1262,2479 1400,2508 1471,2470 1513,2483 1513,2349 1434,2328 1308,2353 1267,2320 1141,2312 1058,2353 957,2312 719,2395"/>
                <Baseline points="740,2471 805,2459 895,2459 985,2459 1074,2453 1164,2459 1253,2465 1343,2459 1432,2459 1522,2453"/>
                <TextEquiv>
                    <Unicode>kommen?“</Unicode>
                </TextEquiv>
            </TextLine>
            <TextLine id="tr_1_tl_12" custom="readingOrder {index:11;}">
                <Coords points="723,2663 1321,2750 3486,2633 3729,2704 3850,2679 3854,2546 2337,2470 2224,2567 2086,2466 1162,2567 878,2483 723,2579"/>
                <Baseline points="746,2644 817,2638 907,2638 996,2638 1086,2632 1176,2632 1265,2638 1355,2632 1444,2632 1534,2632 1623,2626 1713,2626 1802,2626 1892,2632 1982,2632 2071,2632 2161,2638 2250,2632 2340,2632 2429,2632 2519,2626 2608,2620 2698,2620 2787,2620 2877,2626 2967,2632 3056,2632 3146,2632 3235,2626 3325,2620 3414,2614 3504,2614 3593,2608 3683,2614 3773,2614 3862,2620"/>
                <TextEquiv>
                    <Unicode>„Ober zu solches Stunde?! Komm, kehren wir</Unicode>
                </TextEquiv>
            </TextLine>
            <TextLine id="tr_1_tl_13" custom="readingOrder {index:12;}">
                <Coords points="681,2813 807,2838 895,2822 961,2855 1078,2822 1124,2842 1187,2813 1187,2700 1053,2692 982,2725 936,2717 895,2675 828,2692 803,2667 715,2742 681,2742"/>
                <Baseline points="704,2799 752,2799 841,2793 931,2793 1020,2799 1110,2799 1199,2793"/>
                <TextEquiv>
                    <Unicode>um!</Unicode>
                </TextEquiv>
            </TextLine>
            <TextLine id="tr_1_tl_14" custom="readingOrder {index:13;}">
                <Coords points="840,2993 1576,3085 1680,2993 2512,2976 2809,3076 3122,2972 3457,3097 3942,3030 3942,2855 2897,2830 2692,2725 2320,2880 1463,2809 840,2901"/>
                <Baseline points="865,2973 955,2967 1044,2973 1134,2973 1223,2973 1313,2973 1402,2973 1492,2967 1582,2967 1671,2967 1761,2973 1850,2973 1940,2967 2029,2967 2119,2967 2208,2967 2298,2967 2388,2967 2477,2967 2567,2967 2656,2961 2746,2961 2835,2967 2925,2967 3014,2967 3104,2967 3193,2967 3283,2967 3373,2973 3462,2967 3552,2967 3641,2973 3731,2973 3820,2973 3910,2973 3952,2973"/>
                <TextEquiv>
                    <Unicode>Reineswegs, liebes Wafslagski, ich muss</Unicode>
                </TextEquiv>
            </TextLine>
            <TextLine id="tr_1_tl_15" custom="readingOrder {index:14;}">
                <Coords points="669,3156 1463,3206 1969,3152 2140,3265 2320,3156 2755,3160 2755,3056 2466,2980 1902,3093 1680,2993 1530,3089 1166,2985 1062,3072 840,2985 669,3110"/>
                <Baseline points="692,3140 782,3140 871,3140 961,3140 1050,3140 1140,3134 1229,3134 1319,3140 1408,3134 1498,3134 1588,3134 1677,3134 1767,3140 1856,3140 1946,3140 2035,3140 2125,3140 2214,3146 2304,3134 2393,3134 2483,3134 2573,3134 2662,3140 2752,3152 2764,3152"/>
                <TextEquiv>
                    <Unicode>dir des weitern erzählen.</Unicode>
                </TextEquiv>
            </TextLine>
            <TextLine id="tr_1_tl_16" custom="readingOrder {index:15;}">
                <Coords points="1718,3365 2132,3423 2220,3352 2412,3327 2504,3411 2587,3369 2663,3415 2763,3323 3064,3315 3068,3185 2955,3143 2847,3227 2742,3168 2454,3202 2320,3156 2115,3285 1726,3156"/>
                <Baseline points="1743,3349 1820,3349 1910,3349 1999,3349 2089,3343 2179,3337 2268,3331 2358,3325 2447,3319 2537,3319 2626,3319 2716,3319 2805,3313 2895,3307 2985,3307 3074,3295"/>
                <TextEquiv>
                    <Unicode>das erste Malpessoch</Unicode>
                </TextEquiv>
            </TextLine>
            <TextLine id="tr_1_tl_17" custom="readingOrder {index:16;}">
                <Coords points="752,3398 798,3407 844,3361 899,3377 999,3340 1049,3365 1074,3340 1325,3331 1329,3177 1267,3198 1179,3189 1078,3260 899,3168 811,3235 757,3219"/>
                <Baseline points="776,3313 799,3319 889,3319 979,3307 1068,3313 1158,3307 1247,3307 1337,3301"/>
                <TextEquiv>
                    <Unicode>Mün?</Unicode>
                </TextEquiv>
            </TextLine>
            <TextLine id="tr_1_tl_18" custom="readingOrder {index:17;}">
                <Coords points="686,3553 1639,3490 2048,3595 2717,3490 3854,3528 3942,3436 3678,3319 3244,3419 2834,3315 2663,3423 2408,3327 2115,3423 1225,3323 686,3444"/>
                <Baseline points="710,3528 722,3522 811,3498 901,3492 991,3486 1080,3480 1170,3486 1259,3480 1349,3480 1438,3480 1528,3474 1617,3474 1707,3474 1796,3474 1886,3480 1976,3480 2065,3480 2155,3480 2244,3474 2334,3474 2423,3480 2513,3480 2602,3480 2692,3480 2782,3480 2871,3474 2961,3468 3050,3468 3140,3474 3229,3474 3319,3474 3408,3474 3498,3474 3587,3480 3677,3480 3767,3486 3856,3492 3946,3504"/>
                <TextEquiv>
                    <Unicode>„ Wie ich sie kommen gelernt und wann? Vor</Unicode>
                </TextEquiv>
            </TextLine>
            <TextLine id="tr_1_tl_19" custom="readingOrder {index:18;}">
                <Coords points="644,3708 3448,3779 3900,3712 3904,3574 3173,3486 2449,3612 1668,3524 644,3620"/>
                <Baseline points="668,3671 758,3665 847,3665 937,3659 1026,3659 1116,3653 1205,3653 1295,3653 1385,3653 1474,3659 1564,3659 1653,3659 1743,3659 1832,3659 1922,3653 2011,3653 2101,3653 2190,3653 2280,3659 2370,3659 2459,3659 2549,3653 2638,3659 2728,3653 2817,3653 2907,3647 2996,3647 3086,3653 3176,3647 3265,3647 3355,3647 3444,3647 3534,3647 3623,3653 3713,3653 3802,3659 3892,3671 3910,3671"/>
                <TextEquiv>
                    <Unicode>wieder vier Tagen. Ich ging ihr Nach, und</Unicode>
                </TextEquiv>
            </TextLine>
            <TextLine id="tr_1_tl_20" custom="readingOrder {index:19;}">
                <Coords points="740,3871 1693,3850 1852,3950 2822,3837 3428,3946 3871,3866 3871,3712 740,3762"/>
                <Baseline points="764,3850 853,3844 943,3838 1032,3832 1122,3826 1211,3826 1301,3832 1391,3832 1480,3838 1570,3838 1659,3832 1749,3832 1838,3832 1928,3832 2017,3832 2107,3832 2196,3832 2286,3838 2376,3838 2465,3838 2555,3832 2644,3832 2734,3826 2823,3826 2913,3826 3002,3820 3092,3826 3182,3820 3271,3826 3361,3826 3450,3832 3540,3832 3629,3832 3719,3838 3808,3838 3880,3850"/>
                <TextEquiv>
                    <Unicode>da es eben zu regnen begann, bot ich ihr</Unicode>
                </TextEquiv>
            </TextLine>
            <TextLine id="tr_1_tl_21" custom="readingOrder {index:20;}">
                <Coords points="681,4059 3988,4101 3988,3892 3875,3862 3432,3950 3256,3862 681,3896"/>
                <Baseline points="704,4011 794,4011 883,4005 973,4005 1062,4005 1152,4005 1241,3999 1331,4005 1420,4005 1510,4005 1599,4005 1689,3999 1779,3999 1868,3999 1958,4005 2047,4011 2137,4011 2226,4011 2316,4011 2405,4005 2495,3999 2585,3999 2674,3999 2764,3993 2853,3993 2943,3993 3032,3993 3122,3993 3211,3993 3301,3999 3390,3999 3480,3999 3570,4005 3659,4011 3749,4017 3838,4023 3928,4035 3999,4047"/>
                <TextEquiv>
                    <Unicode>meinen Schirm an. Wir kamen das Gespräch</Unicode>
                </TextEquiv>
            </TextLine>
            <TextLine id="tr_1_tl_22" custom="readingOrder {index:21;}">
                <Coords points="752,4293 1455,4180 2107,4276 2734,4188 3114,4318 3390,4193 3971,4209 3971,4096 3219,4021 2851,4130 2583,4013 2479,4096 2324,4009 1998,4101 752,4046"/>
                <Baseline points="776,4190 865,4190 955,4184 1044,4179 1134,4179 1223,4179 1313,4179 1402,4179 1492,4179 1582,4173 1671,4173 1761,4173 1850,4173 1940,4173 2029,4179 2119,4179 2208,4173 2298,4173 2388,4173 2477,4173 2567,4173 2656,4173 2746,4173 2835,4173 2925,4173 3014,4179 3104,4173 3193,4179 3283,4179 3373,4184 3462,4179 3552,4179 3641,4184 3731,4190 3820,4196 3910,4202 3981,4214"/>
                <TextEquiv>
                    <Unicode>sie erzählte mir die tungen ihres Bruders</Unicode>
                </TextEquiv>
            </TextLine>
            <TextLine id="tr_1_tl_23" custom="readingOrder {index:22;}">
                <Coords points="736,4418 1003,4494 1944,4381 2295,4502 3047,4376 3244,4489 3887,4510 3887,4255 3637,4201 3127,4318 2750,4188 736,4268"/>
                <Baseline points="758,4364 847,4358 937,4358 1026,4352 1116,4352 1205,4352 1295,4346 1385,4346 1474,4346 1564,4346 1653,4340 1743,4340 1832,4340 1922,4346 2011,4340 2101,4340 2190,4340 2280,4340 2370,4340 2459,4346 2549,4346 2638,4346 2728,4346 2817,4352 2907,4352 2996,4352 3086,4358 3176,4352 3265,4352 3355,4358 3444,4352 3534,4352 3623,4358 3713,4370 3802,4376 3892,4393 3898,4393"/>
                <TextEquiv>
                    <Unicode>er hörte mit wohlgefällt zum Lächeln zu,</Unicode>
                </TextEquiv>
            </TextLine>
        </TextRegion>
        <TextRegion id="tr_2" custom="readingOrder {index:1;}">
            <Coords points="4035,558 7510,558 7510,4356 4035,4356"/>
            <TextLine id="tr_2_tl_1" custom="readingOrder {index:0;}">
                <Coords points="4013,719 6776,715 7369,640 7374,451 4360,497 4017,610"/>
                <Baseline points="4035,710 4065,704 4155,704 4244,704 4334,710 4423,704 4513,704 4602,704 4692,692 4781,686 4871,686 4961,680 5050,680 5140,680 5229,674 5319,674 5408,674 5498,668 5587,662 5677,662 5767,656 5856,650 5946,638 6035,638 6125,638 6214,638 6304,632 6393,632 6483,626 6572,626 6662,620 6752,620 6841,614 6931,614 7020,608 7110,608 7199,614 7289,620 7378,626"/>
                <TextEquiv>
                    <Unicode>und — seit dieser Zeit bin sowohl mehr College</Unicode>
                </TextEquiv>
            </TextLine>
            <TextLine id="tr_2_tl_2" custom="readingOrder {index:1;}">
                <Coords points="4038,966 5739,844 6216,940 6721,803 7081,890 7369,853 7378,631 6450,648 6329,744 5768,665 5421,786 4318,715 4038,849"/>
                <Baseline points="4059,889 4071,889 4161,889 4250,883 4340,877 4429,877 4519,871 4608,865 4698,865 4787,865 4877,865 4967,859 5056,853 5146,853 5235,847 5325,847 5414,841 5504,841 5593,841 5683,835 5772,829 5862,829 5952,823 6041,823 6131,817 6220,811 6310,811 6399,805 6489,799 6578,799 6668,799 6758,794 6847,794 6937,794 7026,782 7116,782 7205,782 7295,776 7384,770"/>
                <TextEquiv>
                    <Unicode>als Professor des jügen Bruch und mehr</Unicode>
                </TextEquiv>
            </TextLine>
            <TextLine id="tr_2_tl_3" custom="readingOrder {index:2;}">
                <Coords points="4042,1141 4920,1049 5304,1150 5793,1012 6178,1104 6466,991 6901,1020 6935,920 6717,807 6370,819 6216,940 5476,853 5321,932 5133,865 4928,991 4686,895 4050,928"/>
                <Baseline points="4071,1062 4077,1062 4167,1062 4256,1056 4346,1056 4435,1050 4525,1044 4614,1044 4704,1044 4793,1038 4883,1032 4973,1032 5062,1032 5152,1026 5241,1026 5331,1020 5420,1014 5510,1014 5599,1014 5689,1008 5778,1008 5868,1002 5958,996 6047,991 6137,985 6226,991 6316,979 6405,979 6495,973 6584,967 6674,961 6764,961 6853,961 6943,961"/>
                <TextEquiv>
                    <Unicode>verliebt in Bertha als in Estrelle¬</Unicode>
                </TextEquiv>
            </TextLine>
            <TextLine id="tr_2_tl_4" custom="readingOrder {index:3;}">
                <Coords points="4067,1254 6747,1241 7340,1145 7344,978 4071,1145"/>
                <Baseline points="4089,1253 4125,1253 4214,1247 4304,1235 4393,1229 4483,1223 4573,1223 4662,1223 4752,1217 4841,1217 4931,1217 5020,1217 5110,1211 5199,1211 5289,1205 5378,1199 5468,1194 5558,1188 5647,1188 5737,1182 5826,1182 5916,1176 6005,1170 6095,1164 6184,1164 6274,1158 6364,1158 6453,1152 6543,1152 6632,1146 6722,1140 6811,1140 6901,1140 6990,1140 7080,1134 7169,1128 7259,1128 7349,1140"/>
                <TextEquiv>
                    <Unicode>„Mein lieber Nelke, das ist im Grund</Unicode>
                </TextEquiv>
            </TextLine>
            <TextLine id="tr_2_tl_5" custom="readingOrder {index:4;}">
                <Coords points="4067,1496 7332,1375 7382,1187 6120,1183 5919,1304 4581,1237 4071,1346"/>
                <Baseline points="4095,1426 4167,1408 4256,1402 4346,1396 4435,1396 4525,1391 4614,1385 4704,1385 4793,1385 4883,1385 4973,1385 5062,1385 5152,1385 5241,1385 5331,1379 5420,1373 5510,1367 5599,1367 5689,1361 5778,1355 5868,1349 5958,1349 6047,1343 6137,1343 6226,1343 6316,1343 6405,1337 6495,1331 6584,1325 6674,1319 6764,1319 6853,1319 6943,1313 7032,1313 7122,1313 7211,1307 7301,1313 7390,1325"/>
                <TextEquiv>
                    <Unicode>genommen eine sehr einfache Geschichte. Aber</Unicode>
                </TextEquiv>
            </TextLine>
            <TextLine id="tr_2_tl_6" custom="readingOrder {index:5;}">
                <Coords points="4067,1685 6237,1522 6525,1613 6968,1496 7290,1597 7424,1342 6680,1342 6563,1446 6044,1354 5681,1505 4765,1400 4418,1505 4293,1413 4075,1517"/>
                <Baseline points="4095,1593 4113,1588 4202,1582 4292,1576 4381,1570 4471,1570 4561,1570 4650,1564 4740,1564 4829,1564 4919,1558 5008,1564 5098,1558 5187,1552 5277,1546 5367,1546 5456,1546 5546,1534 5635,1534 5725,1534 5814,1534 5904,1522 5993,1522 6083,1522 6172,1516 6262,1516 6352,1516 6441,1504 6531,1498 6620,1498 6710,1492 6799,1492 6889,1492 6978,1486 7068,1486 7158,1486 7247,1486 7337,1492 7426,1498"/>
                <TextEquiv>
                    <Unicode>Estrella bedaure ich - wenn die ihr Vergbrichte</Unicode>
                </TextEquiv>
            </TextLine>
            <TextLine id="tr_2_tl_7" custom="readingOrder {index:6;}">
                <Coords points="4084,1793 4694,1852 5049,1743 5196,1848 5405,1722 6120,1697 6316,1781 7378,1701 7382,1555 5547,1547 4786,1659 4514,1580 4088,1693"/>
                <Baseline points="4107,1791 4167,1785 4256,1761 4346,1755 4435,1749 4525,1749 4614,1743 4704,1737 4793,1737 4883,1737 4973,1737 5062,1731 5152,1725 5241,1719 5331,1719 5420,1713 5510,1707 5599,1701 5689,1701 5778,1701 5868,1695 5958,1695 6047,1689 6137,1689 6226,1683 6316,1683 6405,1677 6495,1671 6584,1665 6674,1665 6764,1665 6853,1665 6943,1659 7032,1653 7122,1653 7211,1653 7301,1653 7390,1647"/>
                <TextEquiv>
                    <Unicode>„ tächerlich - nichts destoweniger müssen wird</Unicode>
                </TextEquiv>
            </TextLine>
            <TextLine id="tr_2_tl_8" custom="readingOrder {index:7;}">
                <Coords points="4055,1981 4259,2040 4489,1923 5100,1910 5221,2011 5417,1898 5923,1940 5927,1810 5856,1789 5651,1831 5317,1756 5179,1848 4928,1739 4690,1848 4565,1760 4276,1822 4063,1785"/>
                <Baseline points="4083,1940 4143,1934 4232,1928 4322,1922 4411,1922 4501,1916 4590,1910 4680,1904 4770,1898 4859,1898 4949,1892 5038,1898 5128,1898 5217,1898 5307,1892 5396,1886 5486,1886 5575,1880 5665,1880 5755,1874 5844,1874 5934,1880"/>
                <TextEquiv>
                    <Unicode>noch darüber sprechen.</Unicode>
                </TextEquiv>
            </TextLine>
            <TextLine id="tr_2_tl_9" custom="readingOrder {index:8;}">
                <Coords points="4167,2123 6291,2040 6458,2144 6579,2031 6805,2140 7344,2019 7348,1885 6019,1873 5764,1973 5430,1894 5079,2027 4485,1923 4167,2036"/>
                <Baseline points="4190,2095 4220,2095 4310,2095 4399,2089 4489,2089 4578,2083 4668,2077 4758,2071 4847,2071 4937,2065 5026,2065 5116,2065 5205,2065 5295,2065 5384,2065 5474,2059 5564,2053 5653,2053 5743,2053 5832,2047 5922,2047 6011,2035 6101,2035 6190,2035 6280,2029 6369,2023 6459,2023 6549,2017 6638,2017 6728,2017 6817,2017 6907,2011 6996,2011 7086,2005 7175,1999 7265,1999 7355,2005"/>
                <TextEquiv>
                    <Unicode>Ah, Nelke vieh Waschlagski plötzlich aus.</Unicode>
                </TextEquiv>
            </TextLine>
            <TextLine id="tr_2_tl_10" custom="readingOrder {index:9;}">
                <Coords points="4188,2337 5317,2240 5743,2353 6178,2211 6391,2320 7039,2194 7302,2266 7361,2027 6972,2136 6579,2031 6462,2140 6291,2036 4970,2098 4744,2203 4339,2090 4193,2182"/>
                <Baseline points="4214,2274 4232,2268 4322,2262 4411,2262 4501,2262 4590,2256 4680,2256 4770,2256 4859,2256 4949,2250 5038,2244 5128,2238 5217,2238 5307,2232 5396,2226 5486,2226 5575,2226 5665,2226 5755,2226 5844,2220 5934,2208 6023,2208 6113,2208 6202,2202 6292,2196 6381,2196 6471,2190 6561,2196 6650,2196 6740,2190 6829,2190 6919,2185 7008,2179 7098,2173 7187,2173 7277,2167 7366,2161"/>
                <TextEquiv>
                    <Unicode>Sieh, wer da kommt! Sp das nichts Berich¬</Unicode>
                </TextEquiv>
            </TextLine>
            <TextLine id="tr_2_tl_11" custom="readingOrder {index:10;}">
                <Coords points="4151,2512 4581,2562 4903,2441 5275,2567 5651,2408 7386,2408 7415,2266 6558,2228 6391,2320 6249,2211 5727,2349 5313,2240 4155,2337"/>
                <Baseline points="4173,2453 4196,2447 4286,2447 4376,2447 4465,2441 4555,2441 4644,2429 4734,2429 4823,2429 4913,2429 5002,2423 5092,2423 5181,2417 5271,2411 5361,2411 5450,2405 5540,2405 5629,2399 5719,2393 5808,2388 5898,2388 5987,2382 6077,2382 6167,2376 6256,2376 6346,2370 6435,2370 6525,2370 6614,2370 6704,2370 6793,2364 6883,2364 6972,2358 7062,2358 7152,2352 7241,2346 7331,2346 7420,2352"/>
                <TextEquiv>
                    <Unicode>Richtig, Waschlagski mit einer Fame</Unicode>
                </TextEquiv>
            </TextLine>
            <TextLine id="tr_2_tl_12" custom="readingOrder {index:11;}">
                <Coords points="4055,2730 4439,2621 5384,2617 5392,2408 5212,2454 5125,2533 4916,2454 4611,2558 4519,2508 4431,2558 4230,2500 4059,2575"/>
                <Baseline points="4083,2620 4143,2620 4232,2614 4322,2608 4411,2608 4501,2608 4590,2608 4680,2602 4770,2602 4859,2596 4949,2590 5038,2590 5128,2585 5217,2585 5307,2585 5396,2585"/>
                <TextEquiv>
                    <Unicode>Arei in Arm!</Unicode>
                </TextEquiv>
            </TextLine>
            <TextLine id="tr_2_tl_13" custom="readingOrder {index:12;}">
                <Coords points="4088,2893 4393,2796 4636,2834 5421,2750 5681,2796 5727,2617 5296,2592 5033,2713 4723,2621 4560,2688 4385,2633 4092,2730"/>
                <Baseline points="4113,2817 4202,2805 4292,2793 4381,2787 4471,2782 4561,2776 4650,2770 4740,2770 4829,2764 4919,2758 5008,2752 5098,2752 5187,2758 5277,2752 5367,2752 5456,2746 5546,2740 5635,2734 5725,2740"/>
                <TextEquiv>
                    <Unicode>„Ist das nie Flegel!</Unicode>
                </TextEquiv>
            </TextLine>
            <TextLine id="tr_2_tl_14" custom="readingOrder {index:13;}">
                <Coords points="4134,3035 5806,2913 6362,2997 6546,2888 6910,2997 7265,2880 7269,2755 5927,2742 5727,2838 5426,2742 4142,2893"/>
                <Baseline points="4161,2979 4232,2961 4322,2955 4411,2949 4501,2949 4590,2943 4680,2943 4770,2937 4859,2937 4949,2931 5038,2931 5128,2925 5217,2925 5307,2925 5396,2919 5486,2913 5575,2913 5665,2913 5755,2913 5844,2913 5934,2907 6023,2907 6113,2895 6202,2895 6292,2889 6381,2883 6471,2883 6561,2877 6650,2877 6740,2877 6829,2871 6919,2871 7008,2865 7098,2865 7187,2859 7277,2853"/>
                <TextEquiv>
                    <Unicode>Und der andre Mann – Wachlagsk, sich hie¬</Unicode>
                </TextEquiv>
            </TextLine>
            <TextLine id="tr_2_tl_15" custom="readingOrder {index:14;}">
                <Coords points="4075,3173 7127,3039 7332,3135 7365,2880 6755,3005 6533,2893 6132,3014 5940,2922 4084,3010"/>
                <Baseline points="4101,3134 4149,3128 4238,3128 4328,3122 4417,3122 4507,3110 4596,3110 4686,3104 4776,3104 4865,3104 4955,3104 5044,3104 5134,3104 5223,3098 5313,3092 5402,3086 5492,3080 5581,3080 5671,3080 5761,3074 5850,3074 5940,3074 6029,3068 6119,3062 6208,3062 6298,3056 6387,3050 6477,3050 6567,3044 6656,3044 6746,3044 6835,3038 6925,3038 7014,3032 7104,3032 7193,3032 7283,3038 7372,3050"/>
                <TextEquiv>
                    <Unicode>der ganze Mann, der ander andern Seite</Unicode>
                </TextEquiv>
            </TextLine>
            <TextLine id="tr_2_tl_16" custom="readingOrder {index:15;}">
                <Coords points="4105,3407 5192,3277 5956,3377 6362,3231 7323,3336 7449,3085 4113,3177"/>
                <Baseline points="4131,3319 4143,3313 4232,3307 4322,3307 4411,3301 4501,3301 4590,3289 4680,3283 4770,3283 4859,3277 4949,3271 5038,3271 5128,3265 5217,3265 5307,3259 5396,3253 5486,3253 5575,3253 5665,3247 5755,3247 5844,3247 5934,3247 6023,3241 6113,3241 6202,3235 6292,3229 6381,3223 6471,3223 6561,3217 6650,3217 6740,3211 6829,3211 6919,3205 7008,3211 7098,3211 7187,3205 7277,3211 7366,3211 7456,3223"/>
                <TextEquiv>
                    <Unicode>des saubern däuchens geht – ist Rokassezt</Unicode>
                </TextEquiv>
            </TextLine>
            <TextLine id="tr_2_tl_17" custom="readingOrder {index:16;}">
                <Coords points="4147,3490 4912,3453 5120,3553 5497,3440 5660,3549 6203,3411 6400,3507 6584,3390 7340,3411 7415,3298 6362,3231 5948,3377 5614,3298 5447,3390 5204,3277 4527,3423 4155,3365"/>
                <Baseline points="4173,3468 4196,3468 4286,3468 4376,3474 4465,3468 4555,3468 4644,3462 4734,3456 4823,3450 4913,3450 5002,3450 5092,3444 5181,3444 5271,3438 5361,3438 5450,3432 5540,3426 5629,3420 5719,3420 5808,3420 5898,3420 5987,3414 6077,3414 6167,3408 6256,3408 6346,3402 6435,3396 6525,3390 6614,3384 6704,3384 6793,3379 6883,3379 6972,3379 7062,3373 7152,3373 7241,3373 7331,3373 7420,3367"/>
                <TextEquiv>
                    <Unicode>Und in eben dieser Augenblick sah man aus</Unicode>
                </TextEquiv>
            </TextLine>
            <TextLine id="tr_2_tl_18" custom="readingOrder {index:17;}">
                <Coords points="4121,3699 7470,3628 7478,3440 6036,3423 5672,3549 5296,3444 5137,3561 4912,3453 4130,3494"/>
                <Baseline points="4149,3653 4173,3653 4262,3647 4352,3641 4441,3641 4531,3641 4620,3629 4710,3629 4799,3629 4889,3617 4978,3617 5068,3617 5158,3617 5247,3611 5337,3605 5426,3605 5516,3599 5605,3599 5695,3593 5784,3593 5874,3587 5964,3587 6053,3587 6143,3582 6232,3582 6322,3576 6411,3576 6501,3570 6590,3564 6680,3564 6769,3558 6859,3558 6949,3552 7038,3558 7128,3558 7217,3558 7307,3558 7396,3558 7486,3564"/>
                <TextEquiv>
                    <Unicode>dem Schatten der Bäume vom Licht einer Unter¬</Unicode>
                </TextEquiv>
            </TextLine>
            <TextLine id="tr_2_tl_19" custom="readingOrder {index:18;}">
                <Coords points="4151,3875 5839,3770 5998,3862 6529,3749 7415,3866 7503,3653 7273,3557 4155,3733"/>
                <Baseline points="4173,3826 4196,3826 4286,3826 4376,3820 4465,3814 4555,3808 4644,3802 4734,3796 4823,3802 4913,3802 5002,3796 5092,3796 5181,3790 5271,3790 5361,3784 5450,3784 5540,3779 5629,3773 5719,3767 5808,3767 5898,3767 5987,3761 6077,3761 6167,3755 6256,3755 6346,3749 6435,3743 6525,3743 6614,3743 6704,3737 6793,3743 6883,3731 6972,3737 7062,3731 7152,3725 7241,3731 7331,3725 7420,3731 7510,3737"/>
                <TextEquiv>
                    <Unicode>beküchtet zwei vielleicht sindgehegährige Hoffnungs¬</Unicode>
                </TextEquiv>
            </TextLine>
            <TextLine id="tr_2_tl_20" custom="readingOrder {index:19;}">
                <Coords points="4163,4055 6713,4000 7474,3946 7478,3833 6533,3745 5973,3866 5835,3775 5183,3896 4172,3866"/>
                <Baseline points="4190,4011 4262,4005 4352,4005 4441,3993 4531,3993 4620,3987 4710,3987 4799,3987 4889,3981 4978,3976 5068,3970 5158,3970 5247,3964 5337,3964 5426,3958 5516,3958 5605,3952 5695,3952 5784,3946 5874,3946 5964,3940 6053,3934 6143,3934 6232,3928 6322,3928 6411,3922 6501,3922 6590,3922 6680,3922 6769,3910 6859,3910 6949,3910 7038,3904 7128,3904 7217,3898 7307,3904 7396,3916 7486,3916"/>
                <TextEquiv>
                    <Unicode>volle Zunfinge, beide an den beiden S wieder</Unicode>
                </TextEquiv>
            </TextLine>
            <TextLine id="tr_2_tl_21" custom="readingOrder {index:20;}">
                <Coords points="4201,4184 6295,4197 6751,4096 7215,4184 7470,4130 7474,3946 5250,3975 5095,4088 4974,3984 4585,3992 4205,4101"/>
                <Baseline points="4226,4173 4256,4173 4346,4167 4435,4161 4525,4161 4614,4161 4704,4155 4793,4155 4883,4155 4973,4149 5062,4137 5152,4131 5241,4131 5331,4125 5420,4125 5510,4125 5599,4125 5689,4119 5778,4113 5868,4113 5958,4101 6047,4101 6137,4095 6226,4095 6316,4089 6405,4089 6495,4089 6584,4089 6674,4083 6764,4083 6853,4083 6943,4077 7032,4077 7122,4083 7211,4089 7301,4113 7390,4113 7480,4143"/>
                <TextEquiv>
                    <Unicode>rechts, der andre links von einer eben hoffegs¬</Unicode>
                </TextEquiv>
            </TextLine>
            <TextLine id="tr_2_tl_22" custom="readingOrder {index:21;}">
                <Coords points="4188,4443 5020,4330 5789,4427 6358,4272 6742,4385 6985,4339 6989,4188 6646,4201 6533,4113 6224,4205 5944,4121 5635,4213 4201,4180"/>
                <Baseline points="4214,4346 4220,4346 4310,4340 4399,4340 4489,4334 4578,4334 4668,4328 4758,4328 4847,4328 4937,4322 5026,4322 5116,4310 5205,4310 5295,4304 5384,4304 5474,4298 5564,4298 5653,4298 5743,4292 5832,4286 5922,4280 6011,4280 6101,4280 6190,4274 6280,4268 6369,4262 6459,4262 6549,4256 6638,4256 6728,4250 6817,4250 6907,4250 6996,4256"/>
                <TextEquiv>
                    <Unicode>rollen und eben so jungen Dame.</Unicode>
                </TextEquiv>
            </TextLine>
        </TextRegion>
    </Page>
</PcGts>
