<?xml version="1.0" encoding="UTF-8" standalone="yes"?>
<PcGts xmlns="http://schema.primaresearch.org/PAGE/gts/pagecontent/2013-07-15" xmlns:xsi="http://www.w3.org/2001/XMLSchema-instance" xsi:schemaLocation="http://schema.primaresearch.org/PAGE/gts/pagecontent/2013-07-15 http://schema.primaresearch.org/PAGE/gts/pagecontent/2013-07-15/pagecontent.xsd">
    <Metadata>
        <Creator>prov=READ-COOP:name=TrHtr:version=2.1.0:model_id=51170:date=14_08_2023_23:19</Creator>
        <Created>2023-05-10T14:33:26.685+02:00</Created>
        <LastChange>2023-08-14T23:19:27.758+02:00</LastChange>
        <TranskribusMetadata docId="1428640" pageId="55422537" pageNr="157" tsid="132830553" status="IN_PROGRESS" userId="64420" imgUrl="https://files.transkribus.eu/Get?id=DSUNIBURHSOAULDXLTITMAYA&amp;fileType=view" xmlUrl="https://files.transkribus.eu/Get?id=NYGTYGEZRPZJYVWXQYURRUYV" imageId="44696616"/>
    </Metadata>
    <Page imageFilename="1428640_0157.jpg" imageWidth="7176" imageHeight="4936">
        <ReadingOrder>
            <OrderedGroup id="ro_1711818496197" caption="Regions reading order">
                <RegionRefIndexed index="0" regionRef="tr_1"/>
            </OrderedGroup>
        </ReadingOrder>
        <TextRegion id="tr_1" custom="readingOrder {index:0;}">
            <Coords points="250,564 7138,564 7138,4558 250,4558"/>
            <TextLine id="tr_1_tl_1" custom="readingOrder {index:0;}">
                <Coords points="2801,712 2838,695 2859,712 2918,670 2989,691 3102,615 3177,628 3177,490 3102,519 3081,511 3048,536 3022,523 2960,532 2889,490 2801,519"/>
                <Baseline points="2823,626 2829,620 2918,620 3008,620 3097,614 3187,620"/>
                <TextEquiv>
                    <Unicode>sagte.</Unicode>
                </TextEquiv>
            </TextLine>
            <TextLine id="tr_1_tl_2" custom="readingOrder {index:1;}">
                <Coords points="3705,795 4324,867 4718,741 6618,737 6874,699 6886,469 6334,385 5760,557 5095,460 4609,611 3717,569"/>
                <Baseline points="3730,769 3754,769 3843,763 3933,763 4022,763 4112,758 4201,752 4291,746 4380,740 4470,740 4559,740 4649,734 4739,728 4828,722 4918,716 5007,716 5097,710 5186,716 5276,710 5365,710 5455,704 5544,698 5634,698 5723,692 5813,680 5902,674 5992,668 6081,668 6171,662 6261,662 6350,656 6440,650 6529,644 6619,632 6708,632 6798,626 6887,632"/>
                <TextEquiv>
                    <Unicode>dort, und Ersche Kindeln. Mein Bruder wird Erobe¬</Unicode>
                </TextEquiv>
            </TextLine>
            <TextLine id="tr_1_tl_3" custom="readingOrder {index:2;}">
                <Coords points="280,862 1905,934 2114,816 3516,833 3550,611 2901,720 2336,544 285,687"/>
                <Baseline points="304,847 334,847 423,835 513,829 602,823 692,823 781,817 871,823 960,817 1050,817 1139,817 1229,811 1319,811 1408,811 1498,805 1587,805 1677,811 1766,805 1856,805 1945,799 2035,799 2124,793 2214,793 2303,787 2393,787 2482,787 2572,781 2661,781 2751,775 2841,775 2930,775 3020,775 3109,775 3199,769 3288,769 3378,763 3467,752 3557,758"/>
                <TextEquiv>
                    <Unicode>Du meinst, daß ich in sie verliebt bin? machte Falken</Unicode>
                </TextEquiv>
            </TextLine>
            <TextLine id="tr_1_tl_4" custom="readingOrder {index:3;}">
                <Coords points="3726,980 3805,1021 3914,959 3994,1026 4090,946 4153,984 4257,929 4295,959 4387,929 4534,938 4647,1009 4764,925 4843,950 4852,791 4789,812 4701,754 4513,854 4408,816 4266,875 4107,800 3830,867 3734,841"/>
                <Baseline points="3754,943 3784,943 3873,937 3963,931 4052,925 4142,919 4231,913 4321,913 4410,907 4500,907 4589,901 4679,895 4768,889 4858,889"/>
                <TextEquiv>
                    <Unicode>au gen machen.</Unicode>
                </TextEquiv>
            </TextLine>
            <TextLine id="tr_1_tl_5" custom="readingOrder {index:4;}">
                <Coords points="251,1026 913,1118 1335,1013 3562,959 3445,774 1842,934 255,871"/>
                <Baseline points="274,1008 352,1002 441,996 531,990 620,996 710,990 799,984 889,984 978,990 1068,990 1157,990 1247,978 1336,978 1426,966 1516,966 1605,972 1695,978 1784,978 1874,978 1963,972 2053,972 2142,972 2232,960 2321,954 2411,960 2500,954 2590,954 2679,954 2769,954 2858,954 2948,954 3037,943 3127,943 3217,943 3306,937 3396,937 3485,931 3575,931"/>
                <TextEquiv>
                    <Unicode>und lachte in seiner eigenthümlichen Weise. Von</Unicode>
                </TextEquiv>
            </TextLine>
            <TextLine id="tr_1_tl_6" custom="readingOrder {index:5;}">
                <Coords points="3747,1168 4379,1105 4509,1176 4860,1080 5116,1185 5262,1151 5275,858 5120,841 4647,1009 4550,946 4345,988 4245,925 3994,1026 3906,959 3755,1030"/>
                <Baseline points="3772,1116 3843,1110 3933,1104 4022,1098 4112,1098 4201,1092 4291,1092 4380,1092 4470,1092 4559,1086 4649,1080 4739,1068 4828,1068 4918,1068 5007,1062 5097,1056 5186,1050 5276,1050"/>
                <TextEquiv>
                    <Unicode>die doch auch „denk’ ich.</Unicode>
                </TextEquiv>
            </TextLine>
            <TextLine id="tr_1_tl_7" custom="readingOrder {index:6;}">
                <Coords points="280,1239 465,1310 657,1201 1691,1164 1905,1264 2570,1143 2696,1243 3516,1130 3521,1030 285,1051"/>
                <Baseline points="304,1181 393,1181 483,1175 572,1181 662,1175 752,1175 841,1169 931,1169 1020,1163 1110,1163 1199,1163 1289,1163 1378,1157 1468,1157 1557,1151 1647,1151 1736,1151 1826,1151 1915,1145 2005,1139 2094,1134 2184,1139 2274,1139 2363,1139 2453,1134 2542,1134 2632,1134 2721,1128 2811,1122 2900,1122 2990,1122 3079,1122 3169,1116 3258,1116 3348,1110 3437,1104 3527,1104"/>
                <TextEquiv>
                    <Unicode>Spur; einmal war ichs halt und halb – wir</Unicode>
                </TextEquiv>
            </TextLine>
            <TextLine id="tr_1_tl_8" custom="readingOrder {index:7;}">
                <Coords points="3722,1323 6899,1214 6966,1017 6355,1005 6074,1147 5593,1047 4856,1189 3730,1130"/>
                <Baseline points="3748,1283 3837,1277 3927,1277 4016,1277 4106,1271 4195,1265 4285,1265 4374,1259 4464,1259 4554,1253 4643,1253 4733,1253 4822,1241 4912,1235 5001,1235 5091,1229 5180,1229 5270,1217 5359,1217 5449,1217 5538,1217 5628,1211 5717,1211 5807,1205 5896,1199 5986,1199 6075,1193 6165,1187 6255,1181 6344,1175 6434,1163 6523,1157 6613,1157 6702,1151 6792,1145 6881,1151 6971,1163"/>
                <TextEquiv>
                    <Unicode>Will schon – wir rechte zu einer Tante, dort¬</Unicode>
                </TextEquiv>
            </TextLine>
            <TextLine id="tr_1_tl_9" custom="readingOrder {index:8;}">
                <Coords points="310,1394 2968,1402 3600,1340 3600,1227 3123,1126 1963,1289 1687,1164 314,1289"/>
                <Baseline points="334,1354 387,1354 477,1354 567,1354 656,1348 746,1342 835,1342 925,1342 1014,1342 1104,1342 1193,1342 1283,1336 1372,1330 1462,1325 1551,1325 1641,1325 1730,1325 1820,1325 1909,1325 1999,1325 2088,1313 2178,1313 2268,1313 2357,1313 2447,1307 2536,1307 2626,1307 2715,1307 2805,1307 2894,1301 2984,1295 3073,1295 3163,1295 3252,1295 3342,1295 3431,1295 3521,1289 3610,1289"/>
                <TextEquiv>
                    <Unicode>hätten de einen Verein- Flicitas - d.h. hie zwar</Unicode>
                </TextEquiv>
            </TextLine>
            <TextLine id="tr_1_tl_10" custom="readingOrder {index:9;}">
                <Coords points="3684,1511 6798,1436 6920,1415 6928,1210 5643,1227 5388,1344 5086,1248 4123,1386 3692,1319"/>
                <Baseline points="3712,1456 3801,1450 3891,1444 3981,1444 4070,1438 4160,1438 4249,1432 4339,1432 4428,1426 4518,1420 4607,1420 4697,1408 4786,1408 4876,1408 4965,1402 5055,1402 5144,1396 5234,1396 5323,1390 5413,1384 5503,1384 5592,1384 5682,1378 5771,1372 5861,1372 5950,1360 6040,1360 6129,1360 6219,1348 6308,1342 6398,1342 6487,1336 6577,1330 6666,1325 6756,1319 6845,1313 6935,1313"/>
                <TextEquiv>
                    <Unicode>und am End, ich muß geäuch schon, bei der Madels</Unicode>
                </TextEquiv>
            </TextLine>
            <TextLine id="tr_1_tl_11" custom="readingOrder {index:10;}">
                <Coords points="268,1582 3089,1474 3215,1561 3554,1515 3558,1323 272,1415"/>
                <Baseline points="292,1557 346,1539 435,1527 525,1527 614,1521 704,1521 793,1516 883,1516 972,1516 1062,1516 1151,1510 1241,1510 1330,1510 1420,1504 1510,1498 1599,1492 1689,1492 1778,1486 1868,1486 1957,1492 2047,1486 2136,1486 2226,1486 2315,1486 2405,1474 2494,1474 2584,1474 2673,1474 2763,1474 2852,1474 2942,1468 3032,1462 3121,1462 3211,1456 3300,1456 3390,1456 3479,1456 3569,1456"/>
                <TextEquiv>
                    <Unicode>besonders in mich verliebt - Dauerwetterhaben</Unicode>
                </TextEquiv>
            </TextLine>
            <TextLine id="tr_1_tl_12" custom="readingOrder {index:11;}">
                <Coords points="3696,1641 4563,1683 5015,1587 5149,1666 5287,1574 5547,1608 5631,1503 5275,1461 5153,1528 4902,1461 4571,1570 4312,1570 4052,1474 3705,1482"/>
                <Baseline points="3724,1623 3760,1623 3849,1623 3939,1623 4028,1623 4118,1617 4207,1611 4297,1605 4386,1605 4476,1599 4565,1599 4655,1587 4745,1581 4834,1581 4924,1575 5013,1575 5103,1575 5192,1575 5282,1569 5371,1563 5461,1563 5550,1563 5640,1557"/>
                <TextEquiv>
                    <Unicode>im Bischau zu reustiren.</Unicode>
                </TextEquiv>
            </TextLine>
            <TextLine id="tr_1_tl_13" custom="readingOrder {index:12;}">
                <Coords points="226,1733 653,1804 967,1700 1310,1825 1494,1687 2554,1662 3031,1788 3554,1683 3554,1515 812,1524 230,1666"/>
                <Baseline points="250,1718 340,1707 429,1701 519,1695 608,1695 698,1695 787,1689 877,1683 966,1689 1056,1683 1145,1683 1235,1683 1325,1683 1414,1683 1504,1677 1593,1665 1683,1665 1772,1665 1862,1671 1951,1665 2041,1665 2130,1659 2220,1659 2309,1659 2399,1659 2488,1653 2578,1659 2667,1653 2757,1659 2847,1653 2936,1647 3026,1647 3115,1647 3205,1641 3294,1635 3384,1635 3473,1629 3563,1629"/>
                <TextEquiv>
                    <Unicode>wir uns dageküsst. Das war einesetz. Übri¬</Unicode>
                </TextEquiv>
            </TextLine>
            <TextLine id="tr_1_tl_14" custom="readingOrder {index:13;}">
                <Coords points="3755,1834 6677,1788 7004,1708 7016,1520 3763,1662"/>
                <Baseline points="3784,1784 3790,1784 3879,1790 3969,1784 4058,1784 4148,1784 4237,1784 4327,1778 4416,1778 4506,1772 4595,1760 4685,1754 4774,1748 4864,1748 4953,1742 5043,1742 5132,1742 5222,1742 5312,1736 5401,1736 5491,1730 5580,1724 5670,1718 5759,1712 5849,1707 5938,1707 6028,1707 6117,1707 6207,1701 6296,1695 6386,1689 6475,1677 6565,1671 6654,1665 6744,1659 6834,1653 6923,1647 7013,1653"/>
                <TextEquiv>
                    <Unicode>Ja, wozu ist denn das so umung àglich nöti¬</Unicode>
                </TextEquiv>
            </TextLine>
            <TextLine id="tr_1_tl_15" custom="readingOrder {index:14;}">
                <Coords points="327,1984 980,1880 1478,2009 1725,1850 3060,1905 3562,1855 3567,1691 331,1800"/>
                <Baseline points="352,1874 441,1874 531,1874 620,1868 710,1868 799,1868 889,1868 978,1862 1068,1862 1157,1856 1247,1862 1336,1856 1426,1850 1516,1850 1605,1850 1695,1844 1784,1844 1874,1844 1963,1850 2053,1844 2142,1844 2232,1832 2321,1826 2411,1826 2500,1820 2590,1820 2679,1820 2769,1820 2858,1814 2948,1808 3037,1808 3127,1814 3217,1808 3306,1802 3396,1802 3485,1802 3575,1796"/>
                <TextEquiv>
                    <Unicode>gens einen Eisches Mädel, die Tauf – aber</Unicode>
                </TextEquiv>
            </TextLine>
            <TextLine id="tr_1_tl_16" custom="readingOrder {index:15;}">
                <Coords points="3822,1984 6786,1917 6987,1896 6995,1712 6104,1842 5777,1741 5367,1863 4651,1767 3822,1917"/>
                <Baseline points="3843,1969 3867,1969 3957,1963 4046,1957 4136,1957 4225,1951 4315,1945 4404,1945 4494,1939 4583,1939 4673,1927 4762,1921 4852,1921 4941,1915 5031,1915 5121,1915 5210,1915 5300,1915 5389,1909 5479,1903 5568,1903 5658,1898 5747,1892 5837,1892 5926,1892 6016,1886 6105,1880 6195,1874 6284,1874 6374,1862 6463,1856 6553,1850 6643,1844 6732,1838 6822,1832 6911,1832 7001,1826"/>
                <TextEquiv>
                    <Unicode>Aber natulis ist es notwendig - wenn man so</Unicode>
                </TextEquiv>
            </TextLine>
            <TextLine id="tr_1_tl_17" custom="readingOrder {index:16;}">
                <Coords points="293,2064 2637,2118 3052,2009 3215,2110 3500,2022 3508,1834 3156,1821 3022,1942 2813,1825 2315,1926 2068,1855 1503,1988 787,1888 293,2005"/>
                <Baseline points="316,2059 381,2053 471,2053 561,2053 650,2053 740,2047 829,2041 919,2035 1008,2035 1098,2035 1187,2035 1277,2035 1366,2029 1456,2029 1545,2023 1635,2023 1724,2023 1814,2023 1903,2023 1993,2023 2083,2017 2172,2011 2262,2005 2351,2005 2441,2005 2530,1999 2620,1999 2709,1999 2799,1999 2888,1999 2978,1993 3067,1993 3157,1987 3246,1981 3336,1981 3425,1975 3515,1981"/>
                <TextEquiv>
                    <Unicode>die Titsch. Schleichnam ist nochsubscher; Du fast</Unicode>
                </TextEquiv>
            </TextLine>
            <TextLine id="tr_1_tl_18" custom="readingOrder {index:17;}">
                <Coords points="3709,2210 6271,2135 6987,2051 6991,1934 3713,2064"/>
                <Baseline points="3730,2160 3778,2160 3867,2148 3957,2142 4046,2136 4136,2136 4225,2124 4315,2118 4404,2112 4494,2118 4583,2118 4673,2112 4762,2112 4852,2106 4941,2106 5031,2100 5121,2100 5210,2094 5300,2094 5389,2088 5479,2088 5568,2083 5658,2077 5747,2071 5837,2065 5926,2059 6016,2059 6105,2053 6195,2053 6284,2041 6374,2035 6463,2029 6553,2029 6643,2017 6732,2011 6822,2011 6911,2017 7001,2011"/>
                <TextEquiv>
                    <Unicode>einen Büder hat. – Wie schon erwähnt war</Unicode>
                </TextEquiv>
            </TextLine>
            <TextLine id="tr_1_tl_19" custom="readingOrder {index:18;}">
                <Coords points="276,2332 1193,2223 3387,2231 3475,2030 2637,2118 2478,2030 2348,2122 1926,2030 1419,2177 620,2064 280,2173"/>
                <Baseline points="304,2250 346,2250 435,2238 525,2232 614,2226 704,2232 793,2220 883,2226 972,2226 1062,2226 1151,2220 1241,2220 1330,2220 1420,2220 1510,2214 1599,2214 1689,2208 1778,2208 1868,2202 1957,2196 2047,2196 2136,2190 2226,2190 2315,2184 2405,2184 2494,2178 2584,2178 2673,2178 2763,2184 2852,2178 2942,2178 3032,2172 3121,2160 3211,2154 3300,2154 3390,2154 3479,2154"/>
                <TextEquiv>
                    <Unicode>sie schon gesehen – sie ist ein bisher mit ihm in</Unicode>
                </TextEquiv>
            </TextLine>
            <TextLine id="tr_1_tl_20" custom="readingOrder {index:19;}">
                <Coords points="3722,2390 5497,2261 5798,2369 6162,2282 6288,2357 6493,2152 6037,2064 5631,2177 5509,2085 4580,2227 4471,2139 4224,2231 4132,2152 3730,2198"/>
                <Baseline points="3748,2345 3813,2339 3903,2327 3992,2315 4082,2315 4172,2315 4261,2309 4351,2303 4440,2297 4530,2291 4619,2285 4709,2291 4798,2285 4888,2279 4977,2274 5067,2268 5156,2262 5246,2256 5335,2256 5425,2256 5514,2250 5604,2244 5694,2244 5783,2238 5873,2232 5962,2232 6052,2232 6141,2226 6231,2220 6320,2214 6410,2214 6499,2208"/>
                <TextEquiv>
                    <Unicode>soseh auf seinen Läuder sehr stolz.</Unicode>
                </TextEquiv>
            </TextLine>
            <TextLine id="tr_1_tl_21" custom="readingOrder {index:20;}">
                <Coords points="255,2445 586,2528 875,2403 1515,2390 1771,2503 2097,2378 3558,2411 3562,2269 3148,2164 2587,2290 2043,2206 1829,2315 1193,2223 255,2386"/>
                <Baseline points="280,2423 346,2417 435,2405 525,2405 614,2405 704,2399 793,2399 883,2399 972,2393 1062,2387 1151,2387 1241,2387 1330,2387 1420,2387 1510,2387 1599,2381 1689,2381 1778,2381 1868,2375 1957,2369 2047,2369 2136,2369 2226,2369 2315,2363 2405,2363 2494,2357 2584,2357 2673,2357 2763,2357 2852,2351 2942,2351 3032,2345 3121,2339 3211,2339 3300,2339 3390,2339 3479,2333 3569,2339"/>
                <TextEquiv>
                    <Unicode>mich verliebt — beinahe um einen koch, kleiner</Unicode>
                </TextEquiv>
            </TextLine>
            <TextLine id="tr_1_tl_22" custom="readingOrder {index:21;}">
                <Coords points="3734,2570 5886,2415 6116,2524 6413,2386 6677,2474 7020,2390 7029,2261 3743,2407"/>
                <Baseline points="3760,2518 3813,2506 3903,2500 3992,2500 4082,2494 4172,2488 4261,2482 4351,2482 4440,2476 4530,2476 4619,2470 4709,2470 4798,2465 4888,2459 4977,2453 5067,2447 5156,2441 5246,2441 5335,2435 5425,2435 5514,2423 5604,2423 5694,2417 5783,2411 5873,2411 5962,2405 6052,2399 6141,2399 6231,2381 6320,2381 6410,2381 6499,2375 6589,2375 6678,2369 6768,2363 6857,2357 6947,2357 7036,2357"/>
                <TextEquiv>
                    <Unicode>„Ah, da kommt Du klein Fain; rechkünfn aus.</Unicode>
                </TextEquiv>
            </TextLine>
            <TextLine id="tr_1_tl_23" custom="readingOrder {index:22;}">
                <Coords points="264,2612 3470,2549 3533,2395 3186,2357 3014,2466 2549,2365 2386,2482 1775,2508 1499,2395 896,2403 264,2545"/>
                <Baseline points="286,2596 322,2590 411,2590 501,2578 590,2578 680,2578 769,2572 859,2572 949,2572 1038,2566 1128,2566 1217,2560 1307,2554 1396,2554 1486,2548 1575,2548 1665,2548 1754,2548 1844,2548 1933,2548 2023,2542 2112,2536 2202,2536 2291,2536 2381,2524 2470,2524 2560,2518 2650,2518 2739,2524 2829,2518 2918,2518 3008,2518 3097,2518 3187,2512 3276,2512 3366,2506 3455,2506 3545,2506"/>
                <TextEquiv>
                    <Unicode>wie die kleine Famm und ein halbes Jahratten</Unicode>
                </TextEquiv>
            </TextLine>
            <TextLine id="tr_1_tl_24" custom="readingOrder {index:23;}">
                <Coords points="3734,2729 4329,2658 4630,2771 5710,2591 6401,2650 6907,2579 6911,2445 3743,2562"/>
                <Baseline points="3760,2673 3790,2673 3879,2656 3969,2650 4058,2650 4148,2650 4237,2650 4327,2650 4416,2644 4506,2644 4595,2638 4685,2638 4774,2632 4864,2626 4953,2614 5043,2614 5132,2608 5222,2602 5312,2596 5401,2596 5491,2590 5580,2590 5670,2590 5759,2584 5849,2578 5938,2572 6028,2566 6117,2566 6207,2560 6296,2554 6386,2554 6475,2548 6565,2542 6654,2542 6744,2536 6834,2530 6923,2518"/>
                <TextEquiv>
                    <Unicode>„So muß ich dir für heute Seines sage ver¬</Unicode>
                </TextEquiv>
            </TextLine>
            <TextLine id="tr_1_tl_25" custom="readingOrder {index:24;}">
                <Coords points="289,2763 3035,2700 3152,2809 3625,2717 3629,2520 1599,2667 465,2604 293,2704"/>
                <Baseline points="310,2757 322,2757 411,2751 501,2751 590,2745 680,2745 769,2739 859,2739 949,2739 1038,2739 1128,2733 1217,2733 1307,2727 1396,2727 1486,2721 1575,2721 1665,2721 1754,2721 1844,2715 1933,2709 2023,2709 2112,2709 2202,2703 2291,2703 2381,2703 2470,2703 2560,2703 2650,2703 2739,2697 2829,2691 2918,2685 3008,2685 3097,2685 3187,2679 3276,2679 3366,2679 3455,2673 3545,2667 3634,2661"/>
                <TextEquiv>
                    <Unicode>aber wie gesagt, ein fescher Mädel. xxx, Jalk¬</Unicode>
                </TextEquiv>
            </TextLine>
            <TextLine id="tr_1_tl_26" custom="readingOrder {index:25;}">
                <Coords points="3751,2872 5187,2792 5346,2872 6229,2746 6518,2847 7004,2729 7008,2562 5953,2683 5476,2612 5367,2709 5250,2625 4705,2771 4412,2662 3759,2725"/>
                <Baseline points="3778,2847 3790,2852 3879,2841 3969,2835 4058,2823 4148,2817 4237,2817 4327,2817 4416,2811 4506,2811 4595,2811 4685,2805 4774,2799 4864,2799 4953,2793 5043,2787 5132,2781 5222,2781 5312,2775 5401,2775 5491,2769 5580,2763 5670,2757 5759,2757 5849,2757 5938,2751 6028,2745 6117,2739 6207,2733 6296,2727 6386,2721 6475,2721 6565,2715 6654,2715 6744,2709 6834,2703 6923,2703 7013,2709"/>
                <TextEquiv>
                    <Unicode>setzte Falk - gerade heute, wo möglicherweit.</Unicode>
                </TextEquiv>
            </TextLine>
            <TextLine id="tr_1_tl_27" custom="readingOrder {index:26;}">
                <Coords points="306,3018 883,3031 1352,2901 1566,3014 1901,2893 2118,3010 2801,2964 3069,2901 3073,2713 2043,2721 1955,2805 1419,2734 1160,2834 477,2759 310,2855"/>
                <Baseline points="334,2918 393,2918 483,2918 572,2906 662,2906 752,2912 841,2906 931,2906 1020,2900 1110,2906 1199,2900 1289,2900 1378,2894 1468,2888 1557,2894 1647,2894 1736,2894 1826,2888 1915,2888 2005,2882 2094,2876 2184,2876 2274,2870 2363,2864 2453,2864 2542,2858 2632,2858 2721,2852 2811,2852 2900,2847 2990,2852 3079,2852"/>
                <TextEquiv>
                    <Unicode>ich hab' gehört, du schreib ist auch Gedicht?</Unicode>
                </TextEquiv>
            </TextLine>
            <TextLine id="tr_1_tl_28" custom="readingOrder {index:27;}">
                <Coords points="3743,3085 4684,3094 4873,2989 5090,3085 5718,2960 6053,3073 6447,2909 6991,2993 7004,2725 6476,2855 6229,2746 5459,2880 5187,2792 3751,2905"/>
                <Baseline points="3766,3026 3778,3026 3867,3020 3957,3014 4046,3008 4136,3002 4225,3002 4315,2996 4404,2996 4494,2990 4583,2990 4673,2978 4762,2978 4852,2966 4941,2960 5031,2960 5121,2960 5210,2954 5300,2954 5389,2954 5479,2948 5568,2948 5658,2936 5747,2930 5837,2930 5926,2924 6016,2918 6105,2912 6195,2906 6284,2900 6374,2894 6463,2894 6553,2900 6643,2894 6732,2882 6822,2882 6911,2876 7001,2876"/>
                <TextEquiv>
                    <Unicode>nnen Vater hier ist, macht ich nicht gar mit</Unicode>
                </TextEquiv>
            </TextLine>
            <TextLine id="tr_1_tl_29" custom="readingOrder {index:28;}">
                <Coords points="276,3140 343,3169 427,3115 653,3152 720,3115 971,3219 1105,3106 1415,3094 1423,2922 1356,2893 1134,2985 1076,2943 883,3031 280,3064"/>
                <Baseline points="298,3139 352,3139 441,3109 531,3109 620,3103 710,3097 799,3097 889,3091 978,3085 1068,3085 1157,3079 1247,3079 1336,3073 1426,3073"/>
                <TextEquiv>
                    <Unicode>"Ja, manchmal".</Unicode>
                </TextEquiv>
            </TextLine>
            <TextLine id="tr_1_tl_30" custom="readingOrder {index:29;}">
                <Coords points="5145,3161 5317,3140 5363,3186 5446,3207 5488,3165 5605,3182 5664,3148 5756,3144 5769,2972 5660,2981 5534,3035 5480,3006 5455,3022 5413,2985 5321,2993 5266,3043 5204,2997 5157,3002"/>
                <Baseline points="5174,3145 5234,3139 5323,3127 5413,3127 5503,3121 5592,3109 5682,3103 5771,3103"/>
                <TextEquiv>
                    <Unicode>Serns</Unicode>
                </TextEquiv>
            </TextLine>
            <TextLine id="tr_1_tl_31" custom="readingOrder {index:30;}">
                <Coords points="3747,3257 3805,3286 3881,3219 4044,3232 4153,3186 4396,3223 4659,3177 4693,3211 4764,3165 4864,3232 4957,3152 5049,3173 5057,3031 4818,3014 4559,3127 4236,3031 4040,3094 3952,3094 3889,3027 3759,3077"/>
                <Baseline points="3772,3211 3807,3211 3897,3205 3986,3193 4076,3187 4166,3181 4255,3181 4345,3181 4434,3175 4524,3169 4613,3169 4703,3157 4792,3151 4882,3145 4971,3145 5061,3145"/>
                <TextEquiv>
                    <Unicode>ihr zusammentreffen</Unicode>
                </TextEquiv>
            </TextLine>
            <TextLine id="tr_1_tl_32" custom="readingOrder {index:31;}">
                <Coords points="3772,3370 4630,3462 5802,3295 6782,3362 6970,3278 6978,3073 3776,3282"/>
                <Baseline points="3796,3372 3849,3366 3939,3372 4028,3372 4118,3366 4207,3366 4297,3360 4386,3354 4476,3348 4565,3348 4655,3336 4745,3330 4834,3330 4924,3324 5013,3324 5103,3318 5192,3318 5282,3312 5371,3312 5461,3312 5550,3312 5640,3300 5729,3300 5819,3294 5908,3288 5998,3282 6087,3276 6177,3270 6266,3264 6356,3258 6446,3252 6535,3252 6625,3246 6714,3240 6804,3234 6893,3228 6983,3223"/>
                <TextEquiv>
                    <Unicode>Ah „so“ nachdem kräglin u. lächelte verschnicht;</Unicode>
                </TextEquiv>
            </TextLine>
            <TextLine id="tr_1_tl_33" custom="readingOrder {index:32;}">
                <Coords points="377,3362 565,3303 712,3387 934,3278 1340,3345 1515,3253 1654,3311 2156,3269 2164,3110 1101,3106 984,3215 833,3131 385,3156"/>
                <Baseline points="405,3294 465,3282 555,3276 644,3276 734,3276 823,3276 913,3270 1002,3264 1092,3264 1181,3258 1271,3252 1360,3252 1450,3246 1539,3246 1629,3240 1718,3240 1808,3240 1898,3234 1987,3234 2077,3234 2166,3228"/>
                <TextEquiv>
                    <Unicode>Johauf, nicht schlecht gerade¬</Unicode>
                </TextEquiv>
            </TextLine>
            <TextLine id="tr_1_tl_34" custom="readingOrder {index:33;}">
                <Coords points="276,3496 3269,3500 3516,3420 3521,3311 3010,3228 2667,3316 1871,3257 1683,3357 1545,3249 716,3387 519,3303 276,3454"/>
                <Baseline points="298,3485 310,3485 399,3467 489,3461 578,3455 668,3449 758,3443 847,3443 937,3449 1026,3443 1116,3443 1205,3443 1295,3437 1384,3425 1474,3425 1563,3425 1653,3425 1742,3425 1832,3419 1921,3419 2011,3414 2100,3414 2190,3408 2279,3408 2369,3408 2459,3408 2548,3414 2638,3419 2727,3414 2817,3414 2906,3402 2996,3402 3085,3396 3175,3396 3264,3396 3354,3396 3443,3396 3533,3390"/>
                <TextEquiv>
                    <Unicode>„Wie gefällt dir die kleine Tann,.. Sehr gut, hin:</Unicode>
                </TextEquiv>
            </TextLine>
            <TextLine id="tr_1_tl_35" custom="readingOrder {index:34;}">
                <Coords points="3747,3629 5689,3487 6145,3554 6338,3449 6870,3462 6924,3357 6208,3278 5764,3424 3931,3378 3755,3462"/>
                <Baseline points="3772,3569 3796,3569 3885,3557 3975,3551 4064,3545 4154,3539 4243,3539 4333,3533 4422,3527 4512,3527 4601,3521 4691,3515 4780,3503 4870,3503 4959,3497 5049,3497 5138,3497 5228,3497 5317,3491 5407,3485 5497,3479 5586,3479 5676,3473 5765,3467 5855,3461 5944,3455 6034,3449 6123,3449 6213,3443 6302,3431 6392,3431 6481,3425 6571,3431 6660,3431 6750,3425 6839,3414 6929,3408"/>
                <TextEquiv>
                    <Unicode>hilßging er tanz entgegen, begrüßte sie, und</Unicode>
                </TextEquiv>
            </TextLine>
            <TextLine id="tr_1_tl_36" custom="readingOrder {index:35;}">
                <Coords points="3755,3780 4471,3713 4672,3847 5061,3705 6757,3709 7092,3642 7100,3424 3763,3646"/>
                <Baseline points="3784,3736 3790,3736 3879,3730 3969,3724 4058,3718 4148,3712 4237,3712 4327,3712 4416,3706 4506,3700 4595,3700 4685,3694 4774,3688 4864,3688 4953,3688 5043,3688 5132,3682 5222,3682 5312,3676 5401,3676 5491,3670 5580,3664 5670,3646 5759,3646 5849,3634 5938,3628 6028,3628 6117,3622 6207,3616 6296,3610 6386,3605 6475,3599 6565,3599 6654,3593 6744,3593 6834,3587 6923,3587 7013,3581 7102,3581"/>
                <TextEquiv>
                    <Unicode>blieb mit ihr bei den Stufen des Theaustegels</Unicode>
                </TextEquiv>
            </TextLine>
            <TextLine id="tr_1_tl_37" custom="readingOrder {index:36;}">
                <Coords points="276,3671 465,3734 615,3646 967,3784 1365,3650 1515,3726 1666,3613 2143,3638 2148,3500 1988,3433 1352,3466 1139,3562 452,3512 276,3617"/>
                <Baseline points="298,3670 370,3664 459,3640 549,3640 638,3634 728,3634 817,3634 907,3628 996,3622 1086,3622 1175,3622 1265,3616 1354,3610 1444,3605 1533,3599 1623,3599 1712,3599 1802,3599 1892,3593 1981,3593 2071,3593 2160,3587"/>
                <TextEquiv>
                    <Unicode>„ Gewiß, sie ist sehr hübsch &amp;</Unicode>
                </TextEquiv>
            </TextLine>
            <TextLine id="tr_1_tl_38" custom="readingOrder {index:37;}">
                <Coords points="322,3864 980,3914 1130,3830 1319,3918 1536,3818 1788,3910 2554,3768 2834,3856 3211,3784 3215,3621 1704,3609 1515,3726 1373,3655 967,3780 565,3663 322,3789"/>
                <Baseline points="346,3843 352,3843 441,3831 531,3813 620,3813 710,3807 799,3807 889,3807 978,3807 1068,3807 1157,3801 1247,3796 1336,3784 1426,3784 1516,3778 1605,3778 1695,3778 1784,3772 1874,3778 1963,3772 2053,3772 2142,3766 2232,3766 2321,3760 2411,3760 2500,3760 2590,3760 2679,3754 2769,3754 2858,3754 2948,3748 3037,3742 3127,3742 3217,3742"/>
                <TextEquiv>
                    <Unicode>»Um, sie scheint dich sehr gern zu haben</Unicode>
                </TextEquiv>
            </TextLine>
            <TextLine id="tr_1_tl_39" custom="readingOrder {index:38;}">
                <Coords points="3772,4040 3893,3973 3952,4027 4107,3943 4140,3960 4186,3918 4241,3939 4287,3902 4350,3902 4354,3839 4123,3730 4044,3780 3981,3738 3927,3751 3868,3801 3784,3780"/>
                <Baseline points="3801,3915 3825,3909 3915,3903 4004,3909 4094,3903 4183,3897 4273,3891 4363,3885"/>
                <TextEquiv>
                    <Unicode>Wehren.</Unicode>
                </TextEquiv>
            </TextLine>
            <TextLine id="tr_1_tl_40" custom="readingOrder {index:39;}">
                <Coords points="368,4052 1181,3985 1457,4065 1917,3956 2248,4044 2428,3935 3228,4002 3458,3939 3462,3776 2834,3856 2240,3776 1788,3910 1541,3818 1310,3918 1130,3830 373,3881"/>
                <Baseline points="393,3998 423,3992 513,3992 602,3986 692,3981 781,3981 871,3975 960,3981 1050,3975 1139,3969 1229,3963 1319,3963 1408,3963 1498,3957 1587,3951 1677,3951 1766,3951 1856,3945 1945,3939 2035,3939 2124,3933 2214,3933 2303,3933 2393,3933 2482,3927 2572,3933 2661,3927 2751,3927 2841,3927 2930,3921 3020,3921 3109,3915 3199,3927 3288,3933 3378,3921 3467,3927"/>
                <TextEquiv>
                    <Unicode>kommt nur so vor, ihr seidiger Aus¬</Unicode>
                </TextEquiv>
            </TextLine>
            <TextLine id="tr_1_tl_41" custom="readingOrder {index:40;}">
                <Coords points="3763,4111 4919,4136 5090,4023 6736,3948 7125,4065 7133,3826 5216,3751 3952,4027 3772,3960"/>
                <Baseline points="3790,4058 3825,4058 3915,4058 4004,4058 4094,4052 4183,4052 4273,4046 4363,4046 4452,4040 4542,4040 4631,4034 4721,4034 4810,4028 4900,4022 4989,4022 5079,4016 5168,4010 5258,4010 5347,3998 5437,3992 5526,3992 5616,3986 5705,3981 5795,3975 5885,3969 5974,3969 6064,3963 6153,3957 6243,3951 6332,3951 6422,3945 6511,3945 6601,3939 6690,3939 6780,3933 6869,3927 6959,3927 7048,3927 7138,3939"/>
                <TextEquiv>
                    <Unicode>Hülke stand ganz allein mit verschränkten Armen</Unicode>
                </TextEquiv>
            </TextLine>
            <TextLine id="tr_1_tl_42" custom="readingOrder {index:41;}">
                <Coords points="368,4182 1063,4253 1285,4140 2101,4123 2302,4220 2612,4111 3655,4123 3659,3939 368,4056"/>
                <Baseline points="393,4154 447,4160 537,4154 626,4148 716,4148 805,4142 895,4142 984,4136 1074,4136 1163,4130 1253,4130 1342,4130 1432,4130 1521,4130 1611,4124 1701,4118 1790,4112 1880,4112 1969,4106 2059,4106 2148,4106 2238,4100 2327,4100 2417,4100 2506,4094 2596,4088 2685,4088 2775,4088 2864,4082 2954,4082 3043,4082 3133,4082 3223,4082 3312,4082 3402,4076 3491,4076 3581,4076 3670,4082"/>
                <TextEquiv>
                    <Unicode>nacht sich ja. – Wohin gehst die der Verreid¬</Unicode>
                </TextEquiv>
            </TextLine>
            <TextLine id="tr_1_tl_43" custom="readingOrder {index:42;}">
                <Coords points="3772,4257 5857,4249 6723,4190 6991,4048 6233,3973 3780,4140"/>
                <Baseline points="3801,4231 3867,4231 3957,4231 4046,4231 4136,4231 4225,4225 4315,4225 4404,4225 4494,4219 4583,4219 4673,4213 4762,4213 4852,4207 4941,4201 5031,4189 5121,4189 5210,4183 5300,4177 5389,4172 5479,4172 5568,4166 5658,4160 5747,4160 5837,4160 5926,4154 6016,4154 6105,4148 6195,4142 6284,4136 6374,4130 6463,4130 6553,4124 6643,4112 6732,4112 6822,4106 6911,4100 7001,4100"/>
                <TextEquiv>
                    <Unicode>nicht weil von ihnen; unausgesetzt ruhten sein</Unicode>
                </TextEquiv>
            </TextLine>
            <TextLine id="tr_1_tl_44" custom="readingOrder {index:43;}">
                <Coords points="335,4446 1042,4320 1482,4412 1779,4308 3261,4333 3558,4291 3562,4111 339,4220"/>
                <Baseline points="358,4357 435,4345 525,4333 614,4333 704,4327 793,4327 883,4327 972,4321 1062,4315 1151,4315 1241,4315 1330,4309 1420,4309 1510,4303 1599,4297 1689,4297 1778,4297 1868,4297 1957,4291 2047,4285 2136,4279 2226,4279 2315,4279 2405,4279 2494,4279 2584,4279 2673,4273 2763,4267 2852,4267 2942,4267 3032,4267 3121,4267 3211,4267 3300,4261 3390,4249 3479,4255 3569,4255"/>
                <TextEquiv>
                    <Unicode>Eine kleine Reise ins Salzkammerput- und Du?</Unicode>
                </TextEquiv>
            </TextLine>
            <TextLine id="tr_1_tl_45" custom="readingOrder {index:44;}">
                <Coords points="3784,4513 4324,4475 4463,4567 4601,4450 5446,4370 6376,4446 6870,4354 6874,4203 3797,4257"/>
                <Baseline points="3813,4416 3837,4422 3927,4422 4016,4422 4106,4416 4195,4410 4285,4416 4374,4410 4464,4410 4554,4404 4643,4404 4733,4398 4822,4392 4912,4386 5001,4386 5091,4380 5180,4368 5270,4363 5359,4357 5449,4357 5538,4351 5628,4351 5717,4351 5807,4345 5896,4345 5986,4333 6075,4333 6165,4327 6255,4315 6344,4315 6434,4309 6523,4297 6613,4297 6702,4297 6792,4291 6881,4291"/>
                <TextEquiv>
                    <Unicode>Augen auf den beiden; mit Einstrer Mein</Unicode>
                </TextEquiv>
            </TextLine>
            <TextLine id="tr_1_tl_46" custom="readingOrder {index:45;}">
                <Coords points="347,4588 582,4534 787,4676 980,4559 2085,4592 2265,4492 2972,4613 3257,4496 3655,4530 3659,4299 2039,4396 1716,4316 1486,4416 1042,4324 352,4483"/>
                <Baseline points="370,4548 441,4542 531,4524 620,4512 710,4512 799,4506 889,4506 978,4500 1068,4494 1157,4488 1247,4482 1336,4476 1426,4476 1516,4470 1605,4470 1695,4470 1784,4470 1874,4464 1963,4464 2053,4464 2142,4464 2232,4464 2321,4464 2411,4464 2500,4464 2590,4464 2679,4464 2769,4464 2858,4458 2948,4458 3037,4458 3127,4452 3217,4452 3306,4452 3396,4446 3485,4452 3575,4452 3664,4464"/>
                <TextEquiv>
                    <Unicode>„Nach Biala, eine große Hütz, Masse Mädeln</Unicode>
                </TextEquiv>
            </TextLine>
        </TextRegion>
    </Page>
</PcGts>
