7224 4840
1180 374 2994 626 Die Akademischen Herzen
1394 542 2595 781 in Herzerwehen
336 701 2843 978 enden hören auf folgende Weise.
269 865 3477 1176 In der Pudicitia Wielmaier wollte v. Vortrag halten, geschriht
239 1008 3447 1289 aber erst i. d. nächsten; Strohmüller wurde ausgeschlossen, u toser folgt ihm
252 1163 3493 1444 Magerist in die ihm unbekannte Lambert verliebt, welche v. Skokahle
265 1331 3451 1663 Die Studenten dazu angetrieben wurde. Der kanheirat schreibt und zurück
323 1486 3510 1814 gewiesenen Artikel. - Fritztalke hat Excellence in der Eisenbahn
311 1659 3594 1978 geküsst, und am 2. Mai sollen in der großen Vorstellg (mit Norbert, auf
281 1814 3514 2141 der sich die Balletäusenfrawe) mitwirken. Kühle hat mit Talena gewettet
235 1999 3435 2263 sie wird ihn in der nächsten Rinkmausiana schön lieben. Sie
273 2154 3573 2477 kommt nicht hin, aber kühle zuwimmt doch denselben Etend ist Gesch. Olfrieda¬
202 2335 3573 2637 werd sich noch verlieben. Faug Flock kommt eben von der Flucht nach Hanse,
269 2469 3586 2767 Arthur fährt gew. aufs Land, nach unach wird zu wiederfreien,
252 2612 3544 2872 er kommt nach langer Zeit wieder sie; es begrünen Eifersuchtelein
265 2780 3489 3136 (sie geht mit Kränzlein, Land (verwiel auf Coowaten gebt) um¬
336 2985 3489 3296 Matfelde Schleichmann (inkränz) ein verliebt) u. F. Ritter müßen
348 3149 3376 3439 erst des nähere eingeführt werden, ebenso die 3 Kirsch¬
420 3317 3519 3569 vermine Reihen wurde ieder die Amausiana verlassen
432 3447 3573 3762 u wird nach u nach v. der Dank versührt. Die Lambertwird
411 3607 3376 3922 wahrsche auch von Sinnip gebekt. Wegens liebe kommt.
441 3808 3645 4073 Constantin und die schön konstant nopoltsrannen.
357 3938 3531 4228 I. Cap. des II. Th. die Sperstellung mit Norbert, hierauf die
462 4123 3502 4333 traurigen Taxe kathorb, Wiedersehen Eifersüchte,
411 4228 3187 4547 lein, berien, Reisen, und zu rückkunft.
5584 244 5878 512 4.9
3930 265 5211 533 kurz vor.
3749 378 6823 764 Mitternacht war darüber, als nach Ihr EF
5072 680 5278 777 ein
3720 676 6941 915 der Locomoten der Zug von Mödli, fort
3728 756 7037 1037 brauchte. In einem Couper saßen einsam
3741 983 7050 1264 u Albertine; es war so laischig einsom¬
3712 1150 6983 1444 der Zug dachte durch die nach Eliche Repend,
3737 1276 6991 1587 ein, angenehme Luft wehre durch die offnen
3695 1461 6840 1696 Rechter des Wappers, bei am Himmel
3741 1633 6798 1881 strahlten die Stexe. Hermann hatte
3770 1822 7066 2083 Albertinens Hand gefasst. xxx nur, sag
3699 1944 7020 2234 erleise, „Du thateht gar zu schon mit Nelke."
3770 2108 7025 2414 Und der gar zu schon mit Eherella schmellt.
3691 2339 4182 2574 sie.
3754 2309 6970 2704 Ich plaube, wir lieben uns doch noch, wohl
3745 2586 6861 2834 dererste Mai vorüber ist" begann er
3766 2767 5861 3061 wieder nach einige Pause.
3884 2876 6936 3212 Ja, wir in lieben uns noch, Hermann.
3880 3069 5992 3376 Sie fielen sich in die Arme
3766 3170 6932 3523 Auf noch einen Monat "Elüßerbe
3791 3443 4824 3695 Siedel.
3812 3510 6941 3800 Diese Mitternachtsstände war wahr,
3854 3720 7012 4035 haftig eigentümlich Aufste u sich zwei
3850 3913 7062 4136 ander ihr Wesen in einem einsam
3838 4081 7029 4346 Coupere Ein hüßen, verfehlt glühender
6252 4190 7020 4488 Professoren
5966 4224 6155 4417 ihre
3913 4224 5874 4539 Kust ihn von der
