7752 4888
5625 189 5843 327 13
4011 411 7305 868 schreit, ich knirsche mit den Zähnen – vergesse¬
604 536 3789 910 o hätte er gnahet, daß ich um sechs, wenn sie die
4028 662 7343 1044 ganz an den Kuhs – und komme oben, weiß und
620 767 3860 1090 Milch brachte, in der Küche stand- und am Abend
4049 847 7284 1220 durch näßt an die Dienstleute lächeln, ich bekomme
6911 884 7368 1111 Haben Sie
654 964 3801 1207 nach fünf wieder - Ich war sehr verliebt in sie, oder
4036 989 7242 1345 von meinem Vater im Donnerwetter - das ist
629 1136 3818 1454 bildete mir wenigstens ein, es zu sein. Einmal
4036 1186 6618 1572 die Geschichte meiner ersten Liebe.
654 1303 3873 1639 hatte ich den Festen Plan gefasst, sie zu küssen,
4036 1291 7368 1702 „Sehr amüsante Geschichte, daß. Hoffen wir, es wird
671 1475 3760 1781 auch eine Mutter war mit mit Ziel, durch mit
4036 1492 7410 1890 Ihnen diesmal besser gehen. - O propos, wie haben
633 1714 3734 1949 einem meiner Collegen geschlossen hatte.
4053 1693 7192 2033 Sie sich unterhalten: Wer war die Glückliche
4631 1798 4887 1920 and
713 1823 3919 2112 Es war in December, als scheintz, und war sch
4036 1903 6044 2242 mit der Sie zu sammenkamen?
683 1999 3915 2305 ganz Dunkel. Sie kam - gebstei erwähnt, hatte
4053 2079 7385 2477 „Gut, daß Sie mich daran erinn von! Hören Sie zu.
658 2175 3848 2477 ich noch kam Wort mit zugesprochen - sie kam
4120 2200 7377 2636 Ich komme in ein kleines halbdunkles Kabinet, auf
4095 2376 7230 2737 einem Sammetfauten (lehnt, das Gesicht mit
658 2343 3873 2565 ließ die Milch da, und ging wieder auf über
2423 2519 2775 2666 Er seh es
6957 2435 7435 2640 mädchen
671 2532 3881 2837 die hintere Stiege, die noch nicht beleuchtet war
4074 2603 7423 2879 einem Schleier bedeckt, eine reizende Frauen¬
696 2682 3927 3018 hinunter - Ich folge yr - man sah war
4107 2775 7393 3110 gestalt. Kaumtrete ich ein, so flüstert sie:
4074 2921 7406 3223 Mein Herr, ich bin ein ordentliches Mädgen ver¬
662 2858 3869 3122 in der Dunkelheit nichts stürme über die
645 3034 3902 3332 treppe hinunter – finde sie nicht – sie muss
4120 3051 7469 3491 gessen Sie das nicht! Ich, sehr erstaunt, erweder
704 3210 3902 3504 schen auf der Straße sein, - in Dunkelheit
4120 3240 7494 3588 "Oh, ich zweifle nicht daran. Sie antwortete nichts
662 3382 3906 3617 und Scheegeköber lauf ich hinaus – nichts
4128 3445 7377 3831 ich wußte nicht, was ich mit ihr reden sollte. Wir
1672 3558 2100 3676 renne.
687 3571 1693 3781 da. Trostlos
1702 3550 3919 3848 kehr ich zurück, schnell wieder die
4216 3571 7364 3965 schwiegen eine Zeitlang. "Ich will damit nicht
834 3705 1689 3843 denkla Schmalecre¬
687 3726 3701 4040 Hier Gman, und glötzlich ge¬
4216 3772 7368 4187 gesagt haben, daß wir nicht sprechen sollen.
3680 3755 3940 3986 well
3278 3894 3697 4015 was yor
675 3910 3961 4225 ich an etwas an, eine weiße Flüssigkeit
4770 4028 5151 4170 in wieder
4166 3927 7515 4288 Mein das mein erwiderte ich; "dich muß gestehen, daß
713 4070 3957 4405 ernißt sich über mich, und hinunter völlich
4195 4120 7435 4564 ich anfangs durch Ihren sonderbaren
880 4246 1739 4376 über die Kirchen
6647 4258 7330 4522 Emyfang
767 4250 3869 4514 sämt dem Mädchen meiner Liebe. Sie
1052 4447 3881 4573 kommt der Hausmeister, um das Ga angezünden,
809 4439 1065 4619 Eben.
1052 4506 1588 4648 interessanten
809 4531 3718 4757 Dirkeine wird beleucht  - der Hausmeister lacht
