7208 4712
326 165 545 413 22/1
326 463 3549 822 Nach kurzer Zeit trat der „Eesche“ Stelke hinein
351 682 3532 1008 ein fast 30 jähriger Fülger Mann. Er hatte ihn
310 859 3520 1091 Ruf wies Don Quan. Samlmal
240 1016 3557 1227 machte er die Stunde durch einen lebensroten
293 1202 3619 1508 Vortrag schriebenssant; manchmalweide
202 1359 3454 1669 war es geradezu zum Einschlafen. So
318 1586 3437 1789 auch heute. Falke konnte in Folge
322 1698 3404 2028 dessen nicht umhin, sich auf andere Weise
335 1888 3400 2173 Unterhaltung zu sich an, was er durch
335 2066 3470 2371 eine lebhafte Correspondenz mit Moriz
438 2231 3479 2483 Sie ist auch that. Als er eben ein Brieflem
306 2396 3388 2706 von Morgens Hand in Empfang nahm
372 2582 3313 2863 fing Ludwig Nelte zu xxx schreien an.
413 2756 3495 3078 Sie Falke! Gebens mir gleich den Brief
388 2950 814 3210 her.
392 3065 2586 3408 „Einen Brief? Welchen Brief?
405 3239 3379 3586 Haben Sie denn nicht ihre Hand unter
388 3445 3578 3759 die Dank gesteckt? Heraus damit!
322 3627 3363 3921 Ach so, das meinen Herr Professor. Der Sinnig
388 3788 3532 4094 hat mir nur einen Bleistift gereicht.“ Und dabe
392 3978 3495 4305 was Arthur dolke denselben mit großem
3797 409 5338 814 Applank in die Höhe.
3759 644 7044 938 „Ja warum mehr den das heimlich geschehe’t
3788 826 6036 1087 Das muß der Sitz wissen.
3759 880 7015 1305 „So, Sinnig, Sie marschiren auf die letzte Bank
3788 1165 6986 1454 Aber mit einer gewiße Beschleunigung.
3854 1326 6998 1648 oder kommen Sie tiefer heraus. Ich muss
3797 1520 5255 1793 sie so wie so prüfen.
3842 1690 6424 1966 „Bitte, ich hab’ mich entschuldigt.
3813 1830 6507 2136 „A! Entschuldigt! Mit was denn?
3759 2028 6850 2355 „Ich habe gestern rasendes zahnweh
3764 2214 4602 2516 gehabt.
3834 2392 5094 2677 "Schon schau¬
3962 2475 6519 2875 Da erschallte die Glocke.
3859 2739 6961 3053 Alles leße sich in wilder Verwirrung
3801 2913 4247 3136 enf.
3842 3041 7044 3272 Sie wenn ich. Sie noch einmal attragiv, Takl¬
3846 3247 7027 3549 und Sinn so schreib ich Seines Klassenbuch
3801 3441 7011 3726 Nelke ging hinaus, Ärzte seinen Erischen
3879 3582 7027 3896 gut auf, nahm sein Spazierstockchen
3759 3768 6969 4078 2nd schritt hinaus. Dabei leicht er im Pa¬
3797 3954 6994 4259 gie ihm fallen, was mir Taks bemerkt.
