7384 4920
3692 560 5315 874 ten au Ezuzählen hatte.
228 655 3623 1034 Er ist doch seit neuester Zeit fahrer in der achten Klasse
3786 741 7181 1025 doch um wieder auf deine „Affawen" zu kommen. Wohlmann
3976 780 4221 913 22/11
233 879 3545 1215 der Mähringermädchenschule. wer weiß - wer
3739 900 7206 1159 warf derjenige Falke dazwischen, erzählungs etwas dara¬
3782 1068 7043 1391 "Letzthin, zum Beispiel" begann der Aufgeforderte
241 1094 1271 1348 weiss-
228 1185 3545 1568 Ich bin kein Freund von dieser schlechten Witzen
3778 1210 7172 1572 bemerke ich, während ich eben ein Schiller sehns Gedicht unter
340 1344 3601 1676 Fritz, besonders da solche "werweits's immer
3726 1421 7189 1732 pretire, ein meines Schülerinnen, wie sie eben sein säuberlich
302 1525 3618 1831 mehr auf dich bezogen werden können; aber
3791 1533 7194 1921 ein Briefpapier auf die Bank legt, und xyz schreiben
336 1701 3429 2033 ganz ohneicht das freilich nicht; ich hoffe noch
3748 1805 4450 2063 beginnt.
362 1882 3562 2188 sinter manche kleine Affairen zu kommen -
3717 1904 6948 2223 „ Das ist ja sehr zart und poëtisch“, spöttelte Schried.
3765 2063 7138 2408 "Ich aber für Wahlman fort, "nahm ging schnell
336 2050 2559 2335 tiefes affairen?“ riefen einige
3821 2231 7082 2550 zu ihrer Bank, und nahm ihr das Briefpapierweg
366 2249 1060 2485 Freilich!
366 2352 3631 2623 Unter den vierzehn oder fünfzehnjährigen Mädchen?
3786 2417 7224 2709 Kühle Iß könt auch denken, wie sie erschrocken war.
1094 2537 1779 2722 f jüngn Talke
3416 2507 3670 2684 of said
3256 2597 3623 2748 Dr. R.
370 2589 1917 2834 fragte fast ungläubig.
3791 2615 4979 2852 wie sie errotete.
327 2666 3618 3015 "Du hast etwas zu reden, Falke" sagte
3786 2735 7219 3071 „ Du hättest sie aber wahrhaftig weiter schreiben lassen könten!
370 2817 3696 3127 Wie alt wach dem erste Liebe - und wie alt warst
3881 2912 6147 3200 unterbrach ihn kühle fast entrüstet.
3808 3024 7228 3424 du wächst in mir ein Lehrer, der sich Respect zu verschaffen
258 3101 1348 3351 die damals?
444 3213 3644 3541 Ewiger Schulmeister! - Erinnere mich doch nicht an
3829 3261 7250 3536 wüsste, lachte Wahlmann. „Weißt du dann nicht, daß
383 3399 2287 3713 solche solde Zugende selein!
5436 3386 7181 3692 für einen öffentlichen Last
2352 3390 3480 3605 waren daneld
3847 3459 5315 3692 es das erste und wichtig
452 3524 3631 3829 darfst dich schwüßten, wir haben so ziemlich
3847 3618 7194 3868 ist, sich nicht überlisten und u Gärtölgeln zu lassen.
1025 3739 1374 3898 in Zum
345 3687 3709 3997 alle so solche Jugendefelei befangen
3864 3704 7198 4002 Denn dann ist’s aus mit ihm – dann ihr er der Will¬
418 3847 3661 4140 sagt kühle. „Nicht wahr, meine Theure"
3829 3868 7090 4140 kühr seiner Schuler oder Schülermen preispegeben
388 4002 3166 4342 „Außer mir sprach stolz Offried.
3528 3967 3773 4260 Jur
3898 4084 7280 4329 und steht in ihrer Achtung nicht viel höher, als
457 4170 3730 4493 Wir lassen dir diesen Ruhen. sagte lachend
3898 4234 7125 4531 eine Pappe, mit der sie spielen können
448 4346 3743 4699 Kühle, der mindestens schon ein du beim Liebsch af¬
