7192 4776
2067 220 2249 398 22
3654 439 6951 791 erblickte er sie auch, wie sie eben im schwacher
336 501 3484 853 Adresse, mein Herr, ich hoffe alß bestimmt
3666 692 6835 978 Lichte einer Laternen, von der Dichter Stroh¬
336 721 1835 1011 Sie bei mir zu sehen.
3629 833 6848 1131 müller und dem stiefbeinigen Lieutenant
373 849 3181 1181 der Dichter ging nach und nach in Licht auf.
3658 1007 6773 1297 Angleitet, in eine Seitenstraße einbog
344 1040 3434 1350 Ich werde mir das Vergnügen machen.
3716 1181 6785 1504 Er bichs sich die Rippen zusammen, kehrte
431 1234 3525 1454 Der Tanz währte fort. Ruhle hatte ein zweites
3716 1342 6852 1665 sich um, hällte sich fester in seinen Rock,
365 1392 3459 1616 und ein Bitte's Mal das Glück an Talmas
3691 1533 6901 1835 und geg durch die menschenlieren, schwach¬
381 1562 3384 1885 Seiten hinzu fliegen, der steifbimige Lieute
3621 1703 6943 1959 erleuchteten Straßen nach seiner entlegenen
273 1748 3322 2063 nant desgleichen, sogar Strohmüller
3679 1868 7009 2150 Wohnung. Als schon im Oster dammerte, konnte
311 1901 3426 2225 walzte im Mal mit ihr herum, wobei sich seine
3666 2046 6839 2332 er erst Schlaf finden. Ein scharfer Wind
323 2071 3517 2386 Schm Brust und sein Schnurrkart haben. Manch¬
6247 2212 6404 2332 in
4097 2212 5066 2394 allen sich erhoben,
2017 2245 2821 2386 leuchtenden
3708 2229 6856 2548 erweckte ihm aus seinen Säumwischen,
253 2291 3455 2593 mal sah er mit seinen matten kurzen, in die Qlut
6259 2370 6603 2519 isten
2162 2436 3053 2589 unsgeickliches
3633 2411 6616 2738 und wohte ihm die Trömme von der Stern
253 2457 3546 2763 der ihren, - wahrhaftig ein Zwielicht. — Als Kühle
253 2601 3380 2896 der N as ungefähr 3 Uhr morgens war,
298 2788 3426 3099 machte sich Kalma auf den Weg; sie schritt
5008 2908 6943 3169 Ende des 4. Capitels
373 2958 3480 3277 schon die Stiege hinunter, als er noch immer
340 3136 3434 3442 seinen Gut suchte. Endlich hatte er ihn
311 3297 3521 3625 er flog ihr nach - musste aber da er seinen
2013 3484 2664 3645 ner einmal
311 3484 3525 3786 Rockvergessen hatte, zurück, warf denselben
294 3666 3418 3964 schnellum, und eilte hinab. Er hofft
369 3840 3405 4159 sie noch zu finden. Als er jene
311 4018 3409 4370 Herausthor herausgetreten war,
