7400 4920
268 624 3585 1009 Nervensystem eine Erschütterung bekommen, dessen
260 840 3568 1117 Ursache das nieder drückende Fewußtsein war,
255 979 3559 1251 eben einem Manne gegenübergesessen zu sein
251 1173 3616 1507 der tagtäglich mit Dutzenden von Mädchen in beruh¬
238 1394 1091 1645 wung kath.
221 1520 3655 1827 Bei dieser Eröffnung stieß der fromme Professor einen
186 1663 3577 1910 kläglichen Seufzer aus, in dem niederdruckenden Be¬
169 1849 3559 2169 rußtsein, dem Lehrerseremen Mädchenschule gegenüber
255 2031 3577 2338 gesessen zu sein, einen kläglichen Schäer aus. Nun
251 2187 3598 2403 war es leicht begreiflich, daß dieser Raum, der
307 2334 3616 2641 täglich mit einer solchen Verzahl von Mädchen
299 2516 3611 2827 zusammenkam, gar nichts besonders an einer
333 2680 3503 2988 Länzarin, mit beinahe gänzlich entblößten
303 2853 1628 3105 Formen fand.
329 2988 3689 3312 Ich denke, von uns hätte jeder mit Herrn Wahlmann
268 3204 3693 3542 abgeschlossen, sprach der Kanzleirat mit scharfere
364 3464 883 3594 insu.
368 3507 3719 3823 Gedanfalls abgeschlossen, jedenfalls, jedenfals¬
364 3711 3676 3927 begann Dr Vollinger, indem er das Wort jeden¬
329 3841 3646 4161 falls in infinitum zu wiederholen gedachte.
364 4018 3724 4334 Abgeschlossen törkte durepf die Stimme des pathetisch,
398 4178 2524 4477 Herrn Loser hinterdrein.-
390 4343 3676 4698 Die Unterhaltung war durch die oben geschilderten
5438 234 5620 385 11
3728 515 7153 914 Zwischenfall bedenkliches Stokon geraten bis ihr
3763 688 7015 1078 platz Ach ein Einfall des hagere kaufheirats auf
3711 840 7192 1208 die keine half, ein Einfall, den selbst die kritisch
3741 966 7110 1416 gestimmtesten meiner Leser für einen höchst
3745 1230 6027 1585 genialen anerkennen werden.
3737 1342 7119 1680 Meine Herren", sprach das „Falko plötzlich, „ge¬
3763 1507 7140 1901 statten Sie mir für eine Weile das Wort; denn ich
3793 1684 7188 2044 habe einen Gedanken, durch dessen Ausführung
3806 1879 7188 2213 manche Tängerin gesindert werden wird, ihre
3758 2031 7201 2343 vollen Formen den blicken der Menge preiszum
3819 2286 4395 2563 geben.
3810 2347 7209 2676 Bei diesen Worten blickte Mager verschämtzur
3906 2481 7196 2875 Erde, während Loser einige verunglückte Ver¬
3832 2724 6902 3022 suche machte, ungemein ironisch zu lächeln.
3884 2845 7240 3174 Und der Gedanke wärd. gähnte Vielmeine
3940 3005 7240 3351 Meine Herren, fuhr Falle fort, Wir wollen
3797 3165 7253 3490 einen Verein gründen, dessen Lendenz die
3875 3343 7266 3693 Aufrechthaltung der Sittlichkeit und die
3871 3503 7157 3862 versütung der Demoralisation sein soll,
3854 3655 7101 4018 einen Verein, der sich die Verfolgung
3884 3845 7209 4209 jeder Person, jedes Gegenstandes
3888 3984 7209 4378 der im entferntesten zur Ent¬
3854 4165 7257 4564 Eilstehung sittlichig beizutragen scheint,
