7160 4952
3679 473 6889 858 noch unbekannt, und er dachte wohl kaum darüber
837 515 1042 686 und
347 465 531 678 P.
1352 502 1695 741 leich
234 594 3591 891 sich fest und der Wind trieb ihre Haare gegeneinast,
3670 640 6889 946 ach, als er jetzt langsam durch die schwachteleucht,
172 774 3436 1113 und draußen wars schreigsam und still.
3662 854 5809 1230 Straßen der Stadt wandelte
3089 958 3457 1172 a une lettre
339 1046 1356 1243 ..............
276 1172 2306 1435 Und du wurde es licht....
306 1322 3507 1536 durch die sinn er wogten die  Männer Herr
1105 1494 1649 1649 Dücherin
239 1502 3448 1795 und die Damenig Strohmüller sprach mit der schönen
280 1682 3419 1950 Orientaling; die sagt sie gerade heraus. „Ich
276 1837 3624 2134 bin in dich verliebt; sie war so offen und aufrichtig
251 2059 3587 2268 Aber Loser litt an unglücklicher Liebe; das ist
268 2222 1733 2461 ein trauriges Seidené¬
347 2406 3616 2662 „Guten Abend“ sagte die Gräfin zu ihrem Genügl. Sie
318 2574 1825 2775 bemerkte ihn gerade.
264 2758 3624 3038 stiebe Edelvid, ich reise gleich wieder ab. Ich nehme eine
280 2913 3381 3139 Abschied von dir. Die Konstantinopolitanerin
264 3072 3582 3335 laß ich da. Sie liebt die Mensche dort. - Lebergl,
318 3298 1080 3494 Adélaïde.
297 3415 3616 3712 thebwohl!“ Und Sie wüste sich die Hände und
377 3603 3419 3863 schieden von einander. Keiner weiß
381 3804 3524 4076 vom ander, wan sie sif wird Suivniß &
343 3938 3386 4231 keiner wann sie sich wieder sehen wurde
766 4131 1230 4290 Grafen.
314 4131 3645 4394 sie mußte nicht, wohin der Herr Gemahl jetzt
335 4311 3620 4637 reise wird. - ihm selbst war sein Ziel
