7704 4792
652 503 3806 885 der kanzleivat Falke saß um dieselbe
586 735 3910 1055 Zeit noch bei seinem Schreibtisch, und brachte
735 906 3789 1238 Wutausbruche gegen die verderbene
681 1072 3843 1421 Zugend, unkensch Bilder, Ballettänge,
623 1271 3835 1579 rman u. drgl. zu Zageer. Manchmal
640 1433 3839 1728 trat er zum Fenster und sah in die
748 1596 3906 1857 durkelheit hinaus, dann wann er wieder
711 1832 3806 2119 unterständliches Zeug vor sich hinwur¬
719 1961 3877 2198 melud in Zimmer herum. Seinem Sosen
640 2144 3860 2368 Arthur hatte er noch nicht gesagt, was
711 2298 3872 2530 er von Mager über ihn gehört, sollte er wollte
694 2476 3694 2726 ihn auf frischer That ertappen. Als
706 2647 3889 2975 jetzt zu % später Stunde Fritz herauf
690 2834 3947 3141 kam, hatte der Kanzleivat Ehemanhöre
656 3000 2115 3320 an ihm auslassen,
636 3112 3877 3519 ¼ & warst die? Fuhr er den eintretenden
632 3420 914 3590 an
648 3540 1837 3831 "Mörsch was?
677 3611 3357 4051 „ Ja, wo du warst! Erag ich dich!
719 3860 2505 4113 Nun im Theater, und
773 3943 3868 4334 Gewiss in Wiedertheater. Vast dich
765 4201 3856 4512 aber getäuscht, die Lambert hat schon
4014 316 7292 727 ein kleiden, warst oergebens dort. Und
4059 465 7392 1035 wie kommst du erst um zweinach aus. Antwort
3985 897 4392 1130 te.
4068 951 5655 1388 „Ich war souxiren!
4188 989 7371 1487 Ohtis zwei Zeupuren! Fritz, was wird
4072 1213 7334 1620 aus der werden. Bis in die Nacht herum¬
5534 1280 5962 1409 King.
4072 1346 7375 1791 renen in der Stadt - ob ich will dich mores¬
4076 1512 7425 1969 lehren. Er kehrlich um, währen
4151 1724 7442 2177 Pritz xxx ins dem Zimmer entfer¬
4159 2078 7321 2468 der Kaufeirat war wieder zum Fenster gelosten.
4176 2098 4720 2356 te ging.
4226 2210 7487 2626 Dasseinem diese Zingen sobald über den Kopf
4180 2385 7487 2904 wachsen, Er blickte ein paar Augenblicke mit
4201 2580 7437 3033 zusammengebissern tippen hinaus. Dann setzte
4197 2751 7525 3170 er sich wieder zum Schreibtisch, um fing aus
4238 2892 7566 3328 Drals das zu eifern - Diese Jugand - Anse¬
4645 3033 5568 3253 mit der Feder
4267 3249 5476 3511 Balletiums¬
4255 3295 6681 3814 Was es ihm wohl gemützt hat?
