7400 4792
5426 150 5641 404 27
2140 168 2316 434 26
271 279 3587 739 höchsten Grade, widerstreitend den Gesetzen der
3802 344 6105 748 eigentlich nichts, und doch viel.
275 554 2866 885 Natur, des menschlichen Herzens¬
3918 614 5834 872 Und - liebt sie dich? Haha!
266 752 1585 1061 Herzens! 2) Asa!
3837 778 6668 1040 Strohmüller seufzte und zuckte die Achseln.
318 885 3536 1216 26 höre doch endlich! Ich lernte sie in einer Søiren
3849 988 7243 1216 „ Sie ist mit einem, wie mit dem andern, ich gehe
180 1057 3532 1444 beim Grafen Phahlhausen kruen, und - begleitet
3832 1104 7209 1435 jetzt nur öfter ins Ballet, und dann - begleit
284 1267 3493 1581 sie nach Hause. Ich weiß selbst nicht, wies kam
3828 1306 7162 1590 ich sie nach Hause, das war damals auch, er
318 1431 3562 1757 Wir sprachen, als sie sich aus dem Salon entfernte,
3802 1456 7243 1731 mich dieser verrückte Mäger getroffen hat aber
258 1555 3574 1895 sprachen wir noch immer, und so weiter als sie die
3837 1624 7140 1929 dh kauff mirs glauben, Adalbert, ich habe
292 1727 3527 2109 Jacob anzog, zog ich mir zufällig den Rock
3867 1830 5156 2122 sie nicht geküßt!
1229 1946 1993 2109 die xxx unter
275 1955 3592 2273 an, uals sie. Hinantging, ging ich auch hinunter,
3849 1989 7252 2320 „Hasa“. Lachte jener der einstige Schauspieler höheisch,
219 2101 3673 2406 leider aber auch in den hötzerner Lieutenant,
3901 2204 5203 2414 betragener Eher!
275 2298 2449 2569 der kein Wort zu sprechen wüßen.
3862 2230 7132 2646 Um: „Was I. Jedoch du sollst sie sehen. Und
288 2479 2277 2818 Hast du den Hove gesprochen?
3841 2500 7183 2814 nehmen wir an, sie liebt mich nicht. ich fühle
1581 2646 1757 2788 Sr
275 2685 2311 2952 „Nun, das kann nicht sagen!
3849 2728 7205 3012 mich doch, seit ich sie kenne, viel glücklicher, ich bin,
284 2801 3175 3162 „Nun, war hat denn da eigentlich was geredet?“
3837 2874 7102 3162 wie soll ich dir's nennen, so - - guter könne
382 2982 2827 3321 Eigentlich nun sie! Nur die Talma!
3854 3029 7291 3321 so animiert! Mein Freund! Ich will deretär
348 3141 3686 3476 Aalma — „ Tal - ma! Sie? Diese Sireun!
3854 3231 7248 3519 raten. Sei so gescheidt wie ich, nur mache
335 3381 1938 3712 Diese Halbwaltsdame!
3858 3390 7274 3660 nicht die Dümmheit und warte so lange, bis
2728 3514 3085 3660 P.S.
378 3536 2445 3858 " Was du nicht sagst! Eine¬
3867 3617 7274 3892 man dich auch aus dem Verein Indicitia heraus
365 3587 3798 4047 Ja, ein! Und was für eine! Doch sprich weiter! Was
3858 3751 7222 4051 wirft, kann nicht mehr dort hin, sondern
408 3905 2036 4215 hat sie denn geredet?
3914 3918 6157 4253 doch sich, wir sind ja hier!
374 4043 3712 4386 „Vom Direktor, von dem Ballet ganzen Ballatwesen.
3978 4142 7231 4421 Sie standen vor einem schönen Gebäude auf dem
