3800 4712
688 310 2327 696 zeigte auf einen Buchstaten
2230 465 2734 717 vorzusenden
319 306 545 822 J.
650 587 2679 813 das ist kein b sagten der Lehrer
897 776 3400 1052 mir auch gedacht veröstet ihn der
1103 1107 3497 1400 hier gehen, Ihm das bei zu bringen. Wie
994 1295 2180 1597 lich Ihm vorläs?
1036 1497 2679 1752 on recht, junger Herr!
356 1509 486 1702 4.
201 1568 302 1769 4
964 1660 1811 1920 Er mir zu. -
243 1677 776 1945 a was so
184 1820 3547 2130 a jünge. Herr, wenn schön bitten dürft, was kommt denn
256 2008 1740 2289 in dero G'sficht vor?
335 2180 3538 2390 " bisher, Könige, Damen, Gräfinen, Kömgmen,
3308 2331 3400 2562 14
402 2348 3274 2641 Sackermiek, ist das a nobligte G'schicht"
298 2516 3484 2788 Also, hör Er mir zu. - " Die kurzigen Katharina
306 2687 3279 2985 und der russische Offizier. Aber sind Er die
369 2884 2545 3161 Magenlateren zuerst an. -
415 3044 3413 3316 der wißbegierige Rossalankar führte den
679 3203 3404 3509 Mehl Arthurs aus, der sich inzwischen in
453 3383 3601 3668 den Wagen gesetzt hatte; und als sich der Frauen
495 3559 3601 3886 liche Kutscher wieder undrechten mit Einsten
491 3790 1451 4046 Meine jurief¬
629 3941 1455 4213 Nach Hause
1748 4016 3279 4427 In der Nostelanker an
830 4142 1358 4423 verstarrt
