7256 4872
423 556 2819 888 hier auf einer Bank oußer wird.
1333 664 3728 1050 einen Ausstell hat noch eine Stunde seit
506 789 1934 1063 Es ist erst zwei Uhr
519 917 3553 1237 Sie lehnt sich auf die Bank, befdt sich zurück¬
423 1104 3599 1449 und liegt das in Halbschlummer dargest sie
440 1287 3578 1611 wieder unruhig hin und her. Wenn sie ein
515 1474 3583 1773 bekannten träfe! - Jhr wird banz zu
486 1656 3570 1926 Rath. Aber gleich wieder nimmt ihr geseht,
490 1843 3549 2038 den trotzigen Ausdruck an der zu
515 2009 3570 2275 sagen scheint.“ Wenn ichs will, so thu ist.
560 2150 3558 2462 Endlich erschallt das erste Glockeigerchen
581 2325 3690 2603 Sie Cost eine Karte, und eilt zum Maggen¬
461 2520 3612 2819 Himmel! Schien es ihr nicht als sei eben
461 2678 3773 2968 Onkel Ritter mit Magi Ritter umgestiegen? Schreib
411 2852 3749 3138 wilt sie in ein Leugne und setzt sich an die Ecke. Neben
502 3026 3508 3279 ihr nimmt ein junger mau Platz, der sie mit
477 3201 3732 3504 sig unführlichen Blaken müstert. Ihr gegenüber
1341 3358 1656 3495 haftern.
556 3371 3678 3686 sitzt ein Herr, der jeden Augenblick eine
569 3541 3624 3852 andern Zeitung aus seiner Rocktasche
552 3711 3607 4035 ferend sieht und sie eifrig durchstudirt.
527 3906 2806 4189 Wieder ein Glockenzeichen
560 3994 3242 4375 tanz fehlt sich etwas zweystest
544 4151 3529 4546 Ein dorttes Zeichen, ein Herrschaft
3823 386 5986 801 des Conducteurs - ein kliff.
3798 656 6991 984 schimmel! Welche Stimme macht Fann, bis uns zuerst
3811 822 6796 1121 arhaben. Das deutlich kaum deren Schritt
3823 976 7024 1374 hinter ist im selben Coupen — scheint
3836 1142 7070 1536 Ritter zu sitzen. Sie wägt es nicht sich unzudehm
3811 1303 7090 1673 zum Fenster abweserung kann sie sich zur Seite
3844 1515 7128 1847 wende, denn der junge Mann mit den eigenthum¬
3836 1648 7119 2034 lichen Blicken hatte seine Zwickoraufgesetzt
3836 1843 6999 2258 und Einzug hin unausgesetzt. — Annas Maaßen
3840 2005 7074 2350 die Herrn Crain Leopin -: „Werdler, Helzendorf
3840 2208 6887 2565 Fliegen vorüber, erst in diesen hält den Zu¬
4367 2275 5019 2428 Alsgers dort
3960 2395 7111 2719 wieder an. Der nefen aus sitzend Herr
3902 2582 7020 2918 bittet schnell kein besondes vis à vis une
3886 2686 7115 3051 das Tagblatt; dieser petts ihm, und während
3881 2910 7119 3234 er selbst den Zwicker auf, fünfst, so daß F
3915 3047 7128 3408 sich nun wendet, und zeigt hierauf mit dem
3981 3196 7190 3587 Sieger auf die letzte Seite der Zeitung, wo bekäulig
5928 3400 7173 3641 J Krixenbegiesager
3865 3454 5687 3749 die Ammonar stehen, da sie
4994 3570 7082 3769 bekannte erstande.
3886 3674 7099 3998 beym auf welcher Heiratsantrage, Königl.
3886 3798 7045 4089 in Form von Annonen stehen, — Nachdem er sich
3977 3952 6879 4346 einmal höflich verbrenzt, geht er aus der
4035 4106 7211 4562 Crugen, nicht ohne sich zuwiederholten jeden ungeseh¬
