7400 4856
5586 166 5782 374 24
2172 268 2381 514 24
3843 442 7172 833 Zuerst stotterte sind endlich sagte sie
234 595 3584 986 wie und was sie wollen. Und das ist sehr
3788 740 7112 1029 den Namen einer Collegie: Mathilde Lührmann.
247 846 3660 1148 org für einen Lehrer Und nun denket einferst,
3801 859 7176 1118 Und das ist das ganze: fragte kühle entläuscht¬
272 1037 3601 1292 was das für ein angenehmes Gefühl ist, von
3801 1033 7206 1394 du Jch hätte gedacht, sie wurde dir im Gestandeil
276 1135 3550 1471 diesen vorlauten näheweisen Backfischen
3869 1199 7193 1492 machen, die das ganze erzählen etc. das meine
319 1365 3567 1637 despectürlich behandelt und als umstuppe
3856 1335 6789 1628 viel interessanter gewesen. Aber so.
344 1518 3499 1777 betrachtet zu werden. Hätte ich aber
3898 1526 7117 1871 Und wie heißt das schöne Fräulein? "fragte
353 1649 3465 1947 das Fräulein weiter schreiben lassen, so
3928 1764 4328 1998 Fritz.
378 1828 3537 2172 hätten sich alle ihre Collegien befugt
3890 1896 7197 2117 Samw Flock" war die Antwort. - "Nun ist aber
336 1977 3439 2334 gehalten dasselbe, zu thun, und sie
3856 2041 7206 2355 genug davon – jetzt erzählt ihr etwas, nachdem
986 2189 1905 2334 ons Ende gemeint,
485 2147 3575 2457 hätten meine Stunde immer dazu um Liebe:
3869 2249 5382 2495 ich auch unterhalten
395 2325 3554 2687 briefe zu schreiben und dergleichen Allotria
3915 2364 7236 2657 kühle machte ein Gesicht wie im Fragezinsen
3873 2500 7231 2827 „Unterhalten?“ sapte er gedehnt. Nun - ich habe
378 2551 1403 2793 zu treiben.
370 2653 3541 2980 Brorissimo, Mahlmann, du hast Taliel zum
3877 2695 5862 3035 wir schönes vorgestellt.
374 2848 3550 3171 Redner – und ich kann dir nicht so unrecht geben,
3915 2887 7261 3112 Nun erfreu du uns mit einer Neuigkeit, theur¬
3903 3048 7240 3329 Fritz.“ ermahnte Feld, du bist heute unendlich
408 3044 1314 3337 sagte Feld.
417 3184 3707 3452 Ässo mars ein Liebesbrief? „Ein werklicher
3860 3180 6109 3554 schweigsam. Fiedet schreicht?
408 3307 3673 3639 wahrhaftiger Liebesbrief? fragte kühle!
3920 3333 7155 3711 Gewiss! Unfräglich!“ meinten die andere
3949 3563 6504 3835 hin. Ja, ich bin schweigsamer als fest!"
353 3550 1403 3826 ganz entspürig.
395 3660 3728 3979 Wie gesagt näher ich also den Brief und sah nur das
3932 3673 7180 4022 Fritz, Fritz! Das nachs seine Gründe haben, vermutete
370 3792 3771 4153 die angefangne Überschrift "Theur- " Selbstver¬
3869 3928 4409 4200 Olfried.
340 3988 3720 4345 ständlich fehlt. noch im kund ein 1 und der
3988 3937 6156 4345 Falkn schwangplötzlich auf, und
442 4136 3618 4443 Namen des Betreffenden. Ich fragte sie,
4009 4162 7282 4549 Nun, ich kann auch so nicht länger verheimlichen
374 4315 3597 4681 wem der Briefzugedacht war,
