7320 5080
3656 522 6293 912 Du bist also Student?“ fragte die Prinzessin¬
3648 647 6923 1144 Jaich bis Student und ich liebe dich“ erwidert der beo¬
282 696 1161 1028 Wie gelts dir?
307 912 1799 1252 Schreiben Erlohn, Constantin. Und dir?
3615 1045 4063 1318 geist.
3623 953 6882 1484 die Prinzessin sah Jn tief in die Augen. Oh wie wollustig
323 1177 937 1401 Conseillant.
3673 1293 6799 1592 ruchten die Blicke des Berggeistes auf den vollen
199 1269 1990 1592 " Wie lange bleibst die noch in Wien?
3656 1401 7031 1758 Formen der kriegessin: Beinahe durchsichtig umschattete
307 1459 1857 1799 Schreiß noch nicht, Adelai de!
3640 1600 6973 1998 der wußte flor den xxx schön gewölbten Busen
340 1625 1766 1948 besucht Du mich einmal?
357 1683 3540 2089 Ich werde wir das Vergnügen machen. Inzwischen leb wohl
3656 1766 6931 2098 ein xxx weises kucheln umspielte. die sieulich
381 1982 1335 2164 Auszug Conkantin
3656 1990 6948 2338 aufgeworfnen boten Lippen, und aus den Augen
448 1948 3358 2297 Die beiden Ehegabten reichten sich die Hände,
3706 2123 6956 2479 spruchte eine wunderbare feuchte Glut. Berggnist
332 2164 3582 2496 ging nach einer leichten Verteugung gegen die Herren¬
357 2264 3515 2628 zur Thüre hinaus. Er traf eben die Bank und die
3706 2288 6931 2678 wenn du die schöne Prinzessin in deiner Nacht hast
357 2463 7023 2885 tere sereintraten. Küsse verabschiedete sich nochmals warum entfährst du sie nicht in dem unterirdisches
357 2471 3607 2819 Reiher, welche während der letzten klänge der Äuver¬
3698 2628 7072 2952 Reiche? Wie sieß muß es sein, wenn die sie bei den Armen
3714 2794 7014 3225 hältst, wenn sie ganz in dieser Macht ist, der sie
348 2802 3640 3109 und ging ins Parterre, wo er seinen Sitz aufsichte.
265 2968 3574 3350 und sich eben niederlis, als der Vorhang aufge¬
3806 2968 7139 3358 sich nicht entwinden kann. Liebst du den Berggicht
3731 3176 7081 3507 kriegessin, daß du ihn so betwoll ansiehst und ihn
332 3209 1451 3515 zogen wurde.
381 3217 3598 3706 Zwei junge allerinen sehen mit entpügsten Blicken
3690 3375 7130 3690 nicht weicher Stimme fragst, ob es Student ist, daß er seine
871 3399 1078 3532 den
4129 3424 4568 3574 kauftes
1277 3499 3640 3806 tigis mand, welcher mit großen Schritte
3714 3532 7056 3864 welbistigen blicken Also auch in dem unterirdische
340 3598 1302 3839 auf den schönen
348 3731 1302 3930 plach beim ersten
3822 3698 7097 4088 Reich gibt es schon Universitäten und die Berggenste
323 3665 3590 4046 im Aufgleichen des Vorsangs auf die Bühne schritt. Aber
365 3889 3582 4179 er war auch schön, der Ritter Sigismund in der hohen
3797 3847 7064 4245 Studieren Philosophie und hat....... xxx die
274 4046 3714 4403 schlanken Gestält, mit den vielen, regelmäßigen Hägen.
3756 4054 7114 4411 Aufklärung gedrungen;. Die Geomen werden Mit
473 4187 3582 4510 kürze Zeit von Im Schatten einer Coulisse standen
3789 4204 7164 4651 glieder der philologischen Facultät; in unterwirdische
497 4361 3665 4734 Exzilla nnd komessin kella und unterggeist.
