7352 4808
5410 177 5595 404 31
2216 177 2452 404 36
244 211 531 489 12/3
3767 236 7137 581 gewe sie – abgesehen von den prätischen Grossen
278 312 3665 683 Was in dathue? Sagenir lieber, was du da thust, du den
3783 489 7145 775 die er an die einzelnige Ereignisse anknüpfte, als
261 556 3640 859 ich schon so lange nicht gesehn. Tiefel noch einmal
3783 632 7044 952 er aber endlich geendet, fragte er seiner Freund.
278 683 3691 1028 wo treibst du dich denn herum? Hab ich dich doch wirklich
3851 817 7179 1079 Nun, kühte, bist du so kieglücklich wie ich? Gefa!
1660 918 1845 1028 1r3
337 910 3623 1188 nicht erblickt, seit es damals am Abend jenen
3826 994 7145 1289 Der Angeredete blies sehr ruhig die Asche von der
362 1087 3674 1357 Ballettängerinnen nachgeränt sind! Hm, wenn
3775 1213 7179 1466 ligavirkweg, dann sagte er mit unglaublicher Gelasen
295 1213 3564 1542 nicht alles trägt, lieber Kalke, scheinst du auch
3775 1382 4255 1652 heit.
320 1407 3101 1736 noch nicht viel weiter zu sein als ich
3792 1424 7179 1820 Zum da verweifelst du schon? Na, höre, Fritz, das
270 1576 3724 1862 Talke sah melancholisch zu Boden. „lieber Kuhle“,
3792 1694 6235 2005 ist stark, da schon zu verzweifeln.
295 1744 3724 2081 sagte er dann; wenn ich wenigstens noch auf derselben
3809 1795 7137 2166 Bist du bei Troste? Eehr Salke auch.“ Ist das
362 1930 3665 2292 Stelle stünde wie damals - aber im Gesentheit -
3775 2039 5966 2368 noch kein Grund dem Verzweifeln:
278 2081 3337 2427 ich bin um viele H traurige Erfahrungen reicher.
3817 2241 4997 2519 durchaus nicht?
1070 2317 1449 2469 tperle
362 2275 3691 2637 Ah - ich welche etwas von küssen und Treulosig¬
3792 2300 7086 2637 Nun, lieber Kühle, wann glaubst du denn, um ist
329 2503 2241 2798 keit? Im? Ihls nicht so.
430 2562 7204 2899 Oh Gott’ aufste der andre. Wenn es des warz’ erst der geignete Heilpunkt für die Verzweiflung
3809 2730 7137 3059 da? Etwa erst dann, wenn ich ihr zu tüßen
396 2840 3649 3143 Und nun erzählte er dem lebenslustigen
6943 2915 7145 3000 mir
3792 2915 7171 3227 sinke, und sie mich auslacht, vielleicht gar eine
404 2974 3733 3278 Freunde die ganze traurige Geschichte seiner Liebe,
354 3101 6362 3446 wie sie Bruder ihn den Brief Stellers an Excell. sich allende Dhrfrühe aggliaert? Nicht!
598 3236 851 3362 er
3834 3269 7204 3547 Dann schon? sagte kühle sehr ruhig. Was fällt
379 3362 3767 3640 vergebens geharrtum gehofft, wie er jenen jüge.
3834 3472 7179 3767 dir ein? Da noch lange nicht. Ich sage dir ich bin be¬
388 3514 3741 3851 Mann heimerkt und in ihm einem höchst gefährlichen
3834 3640 7086 3910 wandert in der Beziehung. Die Ohrfeige ist lang
455 3682 3783 3994 Nebenbuhler erkannt, wie ihm sein Bruder Nelkei
1694 3876 2258 4028 asume &c.
3834 3809 7196 4129 nicht das ärzte. Hatauff schon einmal etwa bekommen
421 3876 3716 4188 Brief an Estrella gezeigt und wie dann er der
3809 3994 7213 4331 und am nächsten Tag von derselben einen Kufs. Sölsichter
379 4095 3682 4457 unglückliche Fritz Fällen, Zeuge jenes Kußes
