3800 4776
237 384 3209 723 nicht mehr einsperred – aber ich muß morgen
809 597 2571 879 Wort mit ihm reden. -
237 662 764 891 möchte
241 768 3491 1079 Nun ging er mit seinem Sohn hinunter, Jahre
217 997 3372 1263 setzte sich in den zierlichen, kleine offen Wag
372 1128 3409 1390 sagte dem Vater kein Abschiedswort und
298 1304 3393 1623 fuhr vor dannen. Nachdornbach hatte
311 1480 3466 1790 der Vater dem deutsches zu gerufen, und
683 1696 1320 1839 Zaun wis
237 1660 3483 1962 der Wäge weggefahr, steckte
315 1843 3454 2142 Nothin die Beine weit von sich und lachte über¬
278 2056 3536 2371 mütig in die Weltsinem, sodaß sich der Külsche
3266 347 3442 617 me
237 2203 3528 2457 mit einem sehrerwunderten und dummen Gesicht
274 2354 3434 2596 umdrehte. Raumwaren sie eine weitel Stunde
274 2555 3425 2780 weit gekommen, als Arthur dem Rütscher mit
319 2706 3348 3012 seinem Spazierstock sehr vornahm auf den
339 2943 1353 3168 Rücken lüpfte.
290 3107 1382 3323 a Hänger Herr?
405 3225 3609 3528 Zurück, ich hab' mein Buch vergessen" erwirkt
278 3327 388 3532 2
364 3434 2138 3711 Orthur sehr Mateporisy
413 3593 3421 3875 der Herr Vater hat mir ausdrücklich¬
307 3777 409 3867 4
302 3785 3519 4120 „Ich habe nichts davon gesagt, daß er mir an
413 3957 2444 4243 wirten soll, zurück, sag ich
613 4006 3450 4476 kann absolut nicht ohne Befehl des Ge¬
