7857 4744
404 279 3660 696 Gedanken über Moralität und dergleichen zu
409 509 3656 842 machen, bis endlich kaum fünf Jahre vor
392 675 3631 1005 Anfang unsrer Geschichte im hohes Herr außer
413 825 3589 1192 dußern Reizer auch talent für das Komödin
379 975 3735 1376 spielen in ihr zu entdecken glaubte. Er hatte
509 1217 3719 1555 sich nicht zurück; Ober nach, was das
529 1392 3673 1730 schwarze Räthchen die allbekant tragödin
500 1534 3798 1834 Katharina Rank geworden, & mit der hohe Herr
471 1713 3794 2022 war fald in in tünste Beziehungen zu sicht getreten.
475 1897 3823 2251 Nichtsdestoweniger hielt sie aus frem Grundsatz;
563 2089 3794 2414 Gewiss das Leben zu genießen, fest,- bis
446 2239 3668 2580 jetzt, wo sich über die Baronin Einkundig von
1638 2468 2014 2610 ander
454 2414 3719 2785 ehr wendete, da Fräulein Talma sie gerufen
463 2685 980 2976 hatte.
438 2747 3773 3114 „Thuerste Baronin, begann Talma“ mit Ihrer
471 2985 3814 3310 gütigen Erlaubnisfuhr ich heute zwei junge Meu¬
421 3110 3706 3443 in Ihre Gesellschaft - u aber sie stellte die
521 3302 3727 3602 Weiden der Lärmün f vor. Die BarerenRück,
446 3518 3393 3798 maus + Herr kalt - Herr Geyer.
538 3677 3243 3985 Man verbeugte sich gegenseitig
592 3814 3873 4173 um, sind Sie zufrieden? Flüsterte die gefallige
500 4019 3206 4381 Salletruß dem frohen Kühle zu.
5524 167 6853 471 hinterstehenden
4348 271 7666 617 sich auf einen Tisch hinter ihm, als er plötzlich ein
4381 500 7704 750 starkes, Geräusch Hörte, ein bemerkte, daß
4348 680 7691 959 er durch seine Ungeschicklichkeit
4298 842 7637 1117 ter zu Fall gebracht hatte. Er stelle ihr
4319 1026 5828 1309 schnell wieder auf
4361 1217 7620 1480 dieser lächelte wie sich, das lag schon so in
4356 1388 7529 1676 seiner Geweseheit; es war zwar jetzt
4348 1538 7616 1851 gar kam Grund vorhanden, doch war lag
4356 1722 7337 2018 Das schon i/o in seiner Gewohnheit.
4340 1884 7566 2101 Mein geehrteste Fräulein, ich erläute mir
5486 2072 6737 2209 Aufgenommen von Seiten.
7324 2068 7566 2176 a ee
4302 2068 7554 2360 heute Sie mit meinem Freunde Adalbert
4248 2255 7558 2539 Loser bekant zu machen.
4252 2439 7529 2726 müller von neuenig indem sich Loser und
4348 2626 6991 2901 Talena gepenseitig verbeugten.
4348 2789 7629 3089 Sie sind in er wohl, nicht? lachalte Strohmüller
4386 2993 4852 3177 of ja.
4361 3139 7600 3418 Und so ging das Gespräch reiten, da der
4857 3306 5532 3464 neußseits
4369 3318 7600 3623 könnt keinen besonderen Geist bef. Überflüß
4361 3502 7504 3752 an Geist besass, anderseits Tama wohl in
4369 3681 7487 3994 Gedanken zwischen dem "reichen"
4386 3856 7591 4160 Sonderling kalt und den langweitigen Dich.
7470 4090 7641 4290 mil
4381 4044 5390 4381 ziehen mocht.
