7352 4840
2092 786 2950 1054 I. Theil.
889 880 3422 1224 Jkademische Herzen
1858 1224 2240 1356 in
1003 1369 2972 1760 Lenzeswehen
4689 595 6254 982 Erstes Kapitel
5182 808 7078 1088 Sudicitia Die alten Herren.
3767 808 4209 1152 1876.
5654 1037 7176 1318 darf ichs der kaufchen Sinne nennen,
3694 1063 3996 1318 21/9
4315 1033 5544 1356 Erzählt von der Entstehung
4336 1199 7176 1496 eines unendlich moralischen Vereines. Und mich vernichtet nicht die Schave?
6054 1352 6462 1603 Schiller.
3805 1513 7117 1854 Während draußen ein milder Märzabend sich auf die
3860 1675 7206 2045 Erdemiederließ, saßen in einem sonst wenig besuchten
3894 1858 7189 2245 Gasthof der innere Stadt Wien einiger nicht mehr
3843 2058 7231 2398 ganz Junge Herren und unterhielten sich auf ziem¬
3822 2206 6088 2576 lich lebhafte Weisemit einander
3801 2372 7193 2678 „Ganz meine Meinung, Herr Kanzleirat, ganz
3830 2508 7138 2865 meine Meinung! sagte ein kleiner unter¬
3898 2691 7146 3031 setzter Mann, der wohl schon über die fünfzig
5510 2861 5875 3018 nach
3796 2861 7219 3214 hinausseinen üßte, und bei den eben erwähnten
3920 2997 7223 3307 Worten mit bewunderef werter Eilfertigkeit
3890 3227 7193 3575 ein Glas Bier hinunterstürzte. „Ganz meine
3898 3371 7248 3652 Meinung, führer fort, da er die Gewohnheit
3881 3529 7193 3928 hatte, seine Gedanken immer mehrere Mal
3843 3724 7151 3983 Er terminander zu äußern, um ihnen
4183 3890 6611 4200 keren Nachdruck zu verleisen.
4187 4009 7219 4366 in Sie, meine Herren" sprach der lange, hag
4260 4192 7163 4511 leirat Falke; "Herr Dr. Vollinger ist ge¬
