7384 4888
5311 190 5552 397 21
2017 233 2328 560 70
3776 388 7199 854 Dingen" worf halb ärgerlich kühle ein, im rechtüssigen
3802 698 7182 1043 Geselle, der das Leben von der schon der seitern Seite auf¬
276 638 983 974 schwiedet.
1112 707 2586 1129 Zwieter Kapitel
3854 802 7190 1216 fasste und nicht gewillt schien, weiters von der Entäusung
216 948 560 1267 16/10
1414 1000 2207 1267 Die Studenten.
4138 1086 4449 1250 alter
3845 1078 5612 1362 der Herren zu erfahren,
2267 1147 3328 1431 Goudeamus igitur
3888 1198 7147 1474 Ein anderer am Tische, namens Otfried, fing an für sich diese
543 1198 2155 1448 Der Leser wird in einwandre
2259 1310 3354 1604 Juvenes dum zuraus!
5250 1388 5509 1474 men
3914 1371 7199 1638 ein Leid zu trällten, andre trommelten mit den Fingern auf
578 1354 2198 1638 Ereine Atmosphäre geführt.
2793 1474 3630 1759 Studentenleid:
3905 1509 7104 1828 dem Tisch, einer steckte die Hände in die Tasche, und
4276 1560 4845 1716 Sie andrer
3905 1621 7147 2026 blickte streckte j die Tüste weil von sich und
267 1707 3612 2155 Zur selben Zeit, da sich die Menschenbeglücker getrennt hatten
3923 1879 6578 2181 schaute zum den Leichen Mord hinauf
259 1983 3621 2242 und jeder für heimwärts zogen; zur selben Zeit, da der
3905 2000 7078 2319 du schienst dich ja famos zu länzweilen, teld,
285 2155 3474 2483 Wird irreisch lächelnd auf sie herabhah, saßen in ein
3802 2173 7182 2509 bemerkte der junge Folke; „denn deren Natur eigt
2923 2216 3604 2423 Studenten,
2052 2310 2431 2448 feut
285 2336 3621 2561 Restauration im Prater jünge Leute,
3914 2388 7182 2673 sich doch sonst dem sentimentalen nicht so sehr zu¬
2785 2466 3138 2578 Liete
285 2517 3578 2776 Städteten und im Getriebe der Welt noch nicht so
3888 2517 7190 2854 während die jetzt in der Anblick des Mondesgerade
293 2664 3552 2974 ganz versäuert wäre, und nach ihrem Gespräch
3854 2742 5500 3026 zu ganz versunken bist.
310 2828 3526 3112 zu schließen, nicht Willens waren im B. griffe
3931 2862 7190 3190 Nicht meine Schuld ant erwiderte der jünge Mann,
5466 3061 5699 3164 te
345 2992 3233 3302 standen, einen Verein "Sa dicitia" zu gründen.
285 3052 7199 3431 Also wie Vater war auch unter diesen Bauzalen?“   ieder leicht mit den Ochseln zukommen, aber sonst an seiner
5699 3216 5862 3302 tel
3897 3216 7113 3543 Lage nichts verändernd, aber wenn die
310 3319 3664 3681 fragte ein hübscher junger kannfächelnd, indem
3905 3388 7087 3724 seit einer halben Stunde von echtsandern
1397 3500 1966 3638 schon immer,
379 3500 3543 3750 er den Raush, den xxx ligere andersachte, in kleinen
3923 3535 7121 3880 sprächst, als immer von den moralischen Herrn,
388 3681 2035 3940 Ringen aus dem Kunde blieb
3905 3699 7225 4078 da darfst du mirs wahrhaftig nicht übel nehmen,
336 3699 3621 4078 „ Wie ich dir schon sagte, Falk¬, entwortete Heinrich
3914 3923 4268 4078 wenn er
3862 3914 5638 4199 sentimental zu werden.
2371 3983 3578 4250 schon im vorigen
353 4000 2293 4328 Wahlmann, der selbe, den wir
3914 4061 7190 4345 „Get den, sprechen wir von etwas ändern.
371 4173 2405 4483 Nagitel kommen gelernt haben
3914 4207 7259 4526 Vielleicht weiß uns Wahlmann etwas zu erzähl¬
328 4233 3707 4638 „ Was hast du davon, Fritz, sprechen wir von andern
