7096 4856
5205 160 5418 324 P7
3591 373 6802 856 als mir, um ich mich k nach keinem andern Lebens
283 545 3411 909 seinem eignen Munde hörten wir wie
3604 696 4521 962 um sehe. Gut
315 733 3509 1069 sehr es beruute dieseligkeit dieser Sekund¬
3600 811 6798 1159 Er, Arthur fürchtete es mit ihr zu verderben.
324 901 3411 1269 nicht vollständig geschlürft zu haben, wobei
3681 1003 6699 1323 du glaubst doch nicht etwa, daß ich mich gleich
319 1061 3473 1446 man füglich die Sekunde auf mehrere hätte
3628 1138 6835 1482 beim ersten Mal Sehen in sie verliebt habe?
319 1286 1835 1556 aus dehnen können,
3628 1302 6818 1671 nur wir haben xxx erwiderte er deshalb
405 1380 3481 1663 So stand er da, und wollte nicht mit der
3718 1499 6757 1851 Nun, wir haben uns doch auch nur einmal
385 1581 3493 1941 Sprache heraus, und lehnte sich fester und
6138 1667 6810 1884 Siestockte
3616 1720 6081 1998 gesehen und haben uns schon –
336 1765 3436 2109 faster an sie. Beide waren noch dazu
6138 1814 6675 1990 theils.
3636 1851 6798 2228 Sehr gern gehabt?“ fragte er habe römisch,
360 1970 2678 2289 von gleichen Größe, kurz
4091 2056 4451 2232 jedis
3640 2015 6740 2387 halb mi großer Selbstbefriediging a
348 2117 3477 2432 der Abend war übrigens von wohlthüender
3628 2256 4161 2547 chelnd.
328 2326 3436 2641 Wärme, und der junge Falka konnte nicht
3735 2367 6769 2735 Das kann ich freilich nicht wissen“ sagte sie
360 2461 3444 2797 mehr, diese Entdeckung Faunz mitzutheilen,
3649 2592 4582 2850 melanchol sch.
348 2670 3395 2977 wobei er gleich hinzusuchte, wie der gestrige
3776 2658 6826 3034 Ein zärtlicher Blick versöhnte hinwieder¬
2973 2801 3534 2932 werden
356 2866 3550 3149 Alind Mühl gewesen sei, und wie gut von einem
3669 2871 6929 3202 Es war binahe dunkel. Auch jetzt hätte sie Ortsur
295 3014 3595 3284 von einem warmen, weichen Parterne¬
3665 3038 6802 3391 mit größter Leichtigkeit kussen können. Sie
6613 3157 6888 3358 lassen
364 3153 3514 3481 sitz aus im Stadttheater. ein reizendes
3681 3231 6859 3550 standen vor der Notivkirche, wohin sie durch
381 3329 3604 3686 Mädchen gesehen habe — kurz und gut. Arthur
3681 3419 6839 3739 die gras bewachsen Flache wandelen gekom̅en
1818 3530 2047 3669 ssen.
393 3522 3583 3849 verfolgte vielleicht bewußt die Politik der sofer,
3677 3571 6908 3911 waren. Der Mord warf die Kirche warf von
328 3722 3530 3993 sucht, und erreichte, was er gewünscht.
3706 3771 6925 4103 den Mond beschienen, lange mattschwer¬
319 3874 3530 4185 „ So x also’s Ich habe gemeint, du siehst dich
3731 3927 6896 4324 ze Schatten auf die Erde. In der Thürmahl
364 4034 3485 4410 richtig nach keinem andern Mädchen um
