7560 4840
3969 396 7187 834 die Landgarten, junge, wach auf, unten zieht
663 509 3898 859 bald hanzen sie unten herum.
4010 588 7187 934 schon eine Musikbande vorbei, horst
684 788 3477 1026 pressendentippen gegen einander,
4023 875 4898 1146 du sie nicht?
634 921 2343 1167 "Jakob flüßert sie
3948 959 7108 1367 " Ja, ich steh' schon auf "ruft erwidert
646 1092 3043 1405 Also, Chaliebte erwidert er
4035 1134 7379 1547 Arthur, — Du ein Okiholich die Augen schließend,
688 1176 3939 1572 und faut sollt es in der Dunkelheit, die
4052 1330 7162 1668 in die gölden Strafen der lieben, Sonne
680 1434 3473 1697 mit einem mal, heranbricht.
4052 1522 7283 1863 scheinen durchs Fenster herein fallen —
721 1647 3956 1863 Orthur ist glötzlich allein in seinen Wald
4035 1663 7229 2009 und er schüttelt den Kopf, als wollter die
692 1809 3944 2089 mit Sang; sie heiß mit liebevollen Decken
4015 1834 7208 2205 narrischen Gestalten verscheiden.
688 1959 3885 2222 auf ihr herab, der zu ihren Füßen kniet
4023 1951 7383 2430 die ihm der Traumvors Auge gegenbeit.
663 2130 3789 2435 und dann zacken umfasst hält, sie beugt
1347 2309 3856 2614 nieder und druckt auf seine tippen
4398 2368 4606 2501 -
696 2301 1768 2635 sich heran.
4060 2360 7350 2689 "Rovus, Geronus", schollte es ihn von allen Seiten
3989 2355 4219 2618 12/5
692 2464 3969 2772 einen, wilden Kuß, - da erschällt glösse
4048 2526 7387 2864 entgegen, als er am Bahnhof angekommen
767 2668 3914 2906 Musik in ihrer Nähe, Tromat und Po¬
4069 2797 4523 3027 wax:
746 2835 3973 3131 sauein, darthun fühlt sich von
4982 2860 7287 3152 u, wollen Se mal die Gelder in
4090 2956 4998 3231 Also, Klage
4982 3093 5607 3239 nehmen
755 2993 3869 3289 unsichtbaren Gewalt am Handkom¬
4090 3081 7112 3414 angfangen und die Garten lösen.
746 3231 3877 3481 gen nach einkwärts zugegen - weg von
4127 3231 7391 3518 Da ging sie herum, dirdle, beinahe zu kraft volle
730 3331 3944 3623 pung Tany, In yin glokkeit an Iesin
4081 3393 7408 3781 Gustalt des frommen Professors zwischen den
784 3506 3969 3819 Stelle plötzlich eine große Tromal¬
4135 3552 7400 3973 seinen Schülern; einsam und verlassen, ohne mie
796 3689 1542 3964 sicht.
4165 3781 7416 4052 Seele, mit der er sich auf Christlicherbau,
713 3789 3948 4198 und Arthur Falke weibt sich die Augen, währte
4077 3935 7341 4390 liche Weise unterhalten konnte - und lang
700 4040 3889 4323 seines Bruders kritzens Stimme spricht,
4094 4177 5111 4490 weilte sich.
896 4202 3656 4511 Junge, stes auf, du versch läfft
