7384 4920
205 676 3563 997 die Herren kennen sich nicht "fuhr der Kanzlerrat
218 856 3080 1185 fort: „Herr Wählmann, Schriftsteller.
299 1052 2387 1373 „ Ich bitte, nur Journalist!
299 1185 3490 1493 Und Herr Jakob Mager, Professor am
240 1412 2455 1660 akademischen Gymnasium.
304 1514 2900 1809 die Vorgestellten verbeugten sich.
325 1707 3619 1968 Mager aber, der sich noch gar nicht von der fürchten
299 1805 3597 2194 lichen Zeitungsnotiz erholt hätte, bat Herrn
329 2087 2134 2314 Felke weiterzulesen.
269 2164 3623 2532 " - manches einzuwenden, und möchten wir
231 2361 3563 2661 ihr raten künftig in im Interesse des guten
252 2545 3606 2810 Geschmackes und ihres guten Rufen etwas
269 2708 3653 3003 weniger decolltirt zu erschienen; jedoch versöhnten
274 2862 3636 3178 ihr wirklich reizenden Bewegungen und ihr unüber
257 3007 3610 3259 treffliche Grazie mit" „nem! das lese
257 3191 3426 3499 weiter, wer kann; - ich kann es nicht!
299 3362 3426 3632 Sprachs und warf die Zeitung wütend zu
312 3614 903 3798 Boden.
342 3709 3559 3965 "Nunwomit versöhnten ihre wirklichweizenden
287 3867 3478 4089 Beregungen und ihre unübertreffliche Grägie
222 4025 3336 4367 fragte Herr Waßmann ganz legiere?
415 4196 3619 4517 Mit ihrem - ihren - feinahe - gänzlich - beinahe
312 4359 3550 4714 gänglich - gänzlich - entblößter Formen gresste
5304 205 5518 449 7
3726 462 7143 894 Jakob Mager heraus, der die Zeitung aufgehoben
3726 727 6399 1069 hatte und nun schauhaft zu Boden sah.
3773 847 7113 1181 Eine drückende Stille herrschte nach diesen an und
3764 1044 7152 1429 für sich so harmlosen Worten. Wahlmann kaphelte
4983 1313 5398 1523 Notiz
3739 1305 4354 1540 ironisch.
3721 1407 6070 1758 Und wie ist die Unterzeichnet?
3820 1578 6232 1878 Mit - W schrie Falke wütend.
3880 1698 7195 2040 Ein wasres Weh für die Christenheit" rief der
3781 1856 7118 2259 fromme Professor aas, u blickte nachmutsvoll
3816 2040 7096 2400 gen Himmel, der sich übrigens wenig um Frl
3811 2182 7195 2502 Lambert und deren "bewahn" gänzlich entblößten
3807 2348 7165 2669 Formen zu kümmern schien, indem er Durch¬
3811 2537 7096 2827 aus keine Miene machte einzufallen, was doch
5548 2673 6912 2874 solche vorfällen xyz
3751 2691 7186 3016 noch der Meinung Jakob Magers jedenfalls hätte
3807 2934 5146 3242 geschehen sollten.
3820 3041 7242 3362 „Mit W unterzeichnet“ wiederholte der Kanzleivat
4466 3277 4889 3401 seinen.
3803 3230 6754 3529 und ließ den Kopf auf die Brust sieken.
3858 3358 7267 3747 Ganz richtig, so muß es sein“ sagte sehr legere
3871 3520 7225 3897 Herrn Wahänchen, indem er seine Handschufe
3803 3768 5522 4034 in die Rocktasche steckte.
3875 3858 7276 4222 „Wieso ganz richtig? Wiese muß es so sein?
3888 4008 7238 4393 ließen sich ungefähr sechs Stimmen vernehmen.
3991 4226 7216 4581 schwußte nicht, warum ich mich mit einem
