7064 4632
3630 165 6224 520 an; jetzt ist ¾b. doch ich hefte, sie
330 220 3393 537 Hendkragen und hörte Kindergewinner
4739 385 5551 559 Seit unter
3681 419 6110 647 wird warten. König aber der
309 419 3520 707 hinter sich. Dieses Gewimmer gehörte einem
3690 563 6118 825 Berg zurück. Und mit einem
360 588 3453 884 bis jetzt noch sehr schwachteinigen Geschöpfe
3677 732 6004 1007 Riese nämlauf began er hinauf.
309 740 3537 1024 zu ebestimmten Geschlechts, das er im Laufe
3732 893 5107 1151 zu klettern. 24/6
330 901 3592 1142 niedergeworfen hätte, die Stimme einem diken
3622 1007 6228 1303 21/6. „Sei unbesorgt“ neh imitieren
334 1062 3533 1312 Herrn, den man den Wiener Bürger und
3707 1185 6423 1489 Weizen nach, dem Voran laufrede
343 1223 3575 1502 Biestränker von weitem ansah. Junge
3774 1371 6973 1659 nachriemand. „Ober Sinnig kommt nicht nach¬
377 1392 3478 1667 Mann redete er Arthur gemütlich an,
3749 1532 6846 1798 Soll er drunten bleiben. Schrie Valkt
292 1557 3694 1769 der vor Ungeduld in der spand des Herrn
3694 1684 6842 1951 von ferne in unerbiettlichem Tode. Ich muß sie
364 1705 3563 2001 sie und her sprang, hüpfhand zappelte,
3660 1845 6855 2111 sehen. Er versuchte noch schneller hinauf
322 1870 3470 2086 die edeln Collegen aber am Samm des
3690 2031 6977 2302 zußerene, als bisher. Wergebens, und wenn die
351 2039 3592 2314 Waldes vor machen sich ausschütten wollten.
4747 2188 4980 2276 ren
3694 2162 6867 2395 muß für seine Collegen ihre Schritte
432 2183 3508 2450 Zunger zuähnt geben, Sie künftig sie besser
3588 2340 6943 2611 mäßigen — und es war sie holten tieflichen
410 2353 3525 2581 Acht. Falke glaubte jetzt fertig zu sein, und
364 2505 3406 2780 wollte entfliehe. Aber der dicke Herr
3762 2501 6973 2729 Arthur machte, umübge Versuch neuerdem
3774 2683 6948 2924 zu den - Erhalf nichts. Trostlos gesenkt
398 2666 3533 2953 gackte, so nur noch fester. „Merken Sie sich
3753 2818 6927 3072 Hauptes schrift er voren – es war sieben
377 2822 3546 3068 das! Ich bin ein ordentlicher, gebildeter Mensch,
3770 2966 6931 3199 kehrt, als alle drei schweigend wieder auf die
351 2991 3605 3190 der Herr Vielmaier, jedes Kind aus in meinem
3766 3195 6918 3372 Spitz waren, und von dem schweren
406 3182 3546 3419 Haus kennt mich, und eine Reide hab ich schon
3779 3313 6969 3580 Steigen ermüdet sich auf den Wiesen des
453 3322 3499 3597 einmal halten soll. So jetzt sind wir
3749 3457 6956 3702 Husaren, umpelfrei, ein Gebäudes wieder
449 3470 3520 3770 fertig! Er ließ den sagen los. Diesen
3753 3677 6859 3897 ließen, das oben auf der Spitze steht,
478 3626 3487 3867 wurde von den lauten Kachen seiner Ra¬
3808 3787 6558 4070 Es war ein xxx malaucholche
504 3800 1989 4079 geraden empfangen.
3732 4011 6728 4252 Aublick, wie die Sonne in der Königl.
377 3897 3482 4265 „verplose Menschen“ schrie sie October
