3448 4568
1123 666 2100 1078 wittes Kapite
69 1805 3239 2108 du fährst heute allein aus“ sagte der Rangleerath
69 1987 3231 2290 Fulke zu seinem Sohn; „ oft, laß das vergnügte
85 2136 3316 2435 Gesicht nur sein, der Kutscher hat die Strängsten
61 2314 2868 2621 Weisungen, dich nicht entflich schlupfen zu la¬
2831 2326 3336 2613 Nach dem Dach
89 2484 3223 2803 ich dir, wenn du's mus versuchst. Du wirst hinaus
81 2690 3324 2960 fahren und im Neuwaldgger Park spapierengehen
105 2859 3284 3187 ist dort wunderschön, und die Luft ist jedenfalls
105 3033 1951 3288 wieder als im Volksgärten.
1918 3158 3340 3461 dem faden Nicht thun
162 3178 1886 3489 Ja, was soll ich denn alleinen
210 3364 1042 3635 agte Urthür.
368 3441 2278 3772 dir ein Auf mit und lies
339 3695 2948 4010 ist 6 Uhr um 7 komm' ich seines¬
351 3905 1309 4156 N bald Rink.
2197 3926 2585 4148 berchl
2427 4067 2876 4342 in my
368 4063 2096 4326 er; war einen ganzen
