7144 4776
369 382 3547 772 Man kann sich die Gefühle Falles denken, als
431 644 3571 989 er diesen liebvollen Brief gelesen, besonders
300 862 3571 1195 als er zur Stelle gekommen wo das, gekußt“
2245 1034 2615 1158 einen
411 1034 3530 1318 ausgestrichen und mit Pragoreichen versehen
361 1203 3424 1515 war, um wahr sich seine ihn herzlich und
390 1301 3522 1687 ewig liebend. xxx genannt hatte. Und
361 1560 2143 1782 wie weckte ihn die Stimme
378 1667 3502 2032 Also, tatche Sie scheinen mal schwerfreut
460 1892 3485 2204 zu sein durch den Brief; sachen Sie das
406 2061 3395 2389 Wort, was X welches Löwy nicht
382 2254 1794 2533 übersetzen könnte.
365 2377 3481 2718 Falk hatte xxx Ahnung,
378 2598 3337 2890 gegrüft wurde, geschweige denn von
1301 2779 1991 2906 aus vollen
328 2771 3387 3099 Dem verbanglichen Worte. Er schwieg
300 2951 1030 3198 deshalb
324 3087 3473 3411 Also wollen Sie mal des, was wir heute
353 3292 2155 3588 übersehen, abschreiben.
337 3469 3543 3772 Als sich der Falke niederselste, lag schon
402 3641 3506 3875 ein Papierchen auf seinem Buch, worauf
402 3826 3559 4126 er folgende von Unterstatt geschrie¬
365 3994 1880 4282 bene „Worte las!
5287 148 5472 341 41
4043 374 6363 772 Viel erfüllte mich mith Grausen,
3928 665 6375 948 Als in diesen Brief Thätst laufen,
3924 829 6281 1125 Deine Seele schien verschwerden,
3970 977 6252 1293 dene obgleich ich Dich geschulden,
4027 1174 6654 1490 Mich fasst schreckensvolles Grausen
4002 1334 6511 1658 Grausen Schreck- und fürchterlich.
4856 1515 5345 1654 seeren.
3928 1523 6642 1798 Als du diesen Brief höchst lausen.
3945 1691 5694 1983 Zugst' ich an den Ohren Rich¬
4031 1868 6256 2159 Gab. dir künffe in den Rücken,
4052 2044 6293 2356 Thät dich in der Schenkel zwicken,
4068 2213 6326 2504 That die Deine Schulter drücken,
4048 2393 6129 2681 dehvor läuferem. Entzücken
4097 2553 6437 2853 Spürte ist du' nicht-zwicken, drücken;
4097 2730 6580 3046 Und das hat mich sehr erschrücken.
6453 2910 6905 3120 langt.
3674 2927 6355 3206 Als Talke beide sein, Vers angekommen war
3744 3091 6843 3387 im xxx unbeschriebens Zettelchen von
3686 3243 6416 3584 Moritz genug an. Salle das weiter.
4331 3440 6408 3756 Das war wirklich Forchterloch
4282 3543 6662 3920 Was wär es den? Erzähls doch
3690 3740 6991 4101 der Lesend schrieb folgende Antwort
