<?xml version="1.0" encoding="UTF-8" standalone="yes"?>
<PcGts xmlns="http://schema.primaresearch.org/PAGE/gts/pagecontent/2013-07-15" xmlns:xsi="http://www.w3.org/2001/XMLSchema-instance" xsi:schemaLocation="http://schema.primaresearch.org/PAGE/gts/pagecontent/2013-07-15 http://schema.primaresearch.org/PAGE/gts/pagecontent/2013-07-15/pagecontent.xsd">
    <Metadata>
        <Creator>prov=READ-COOP:name=TrHtr:version=2.1.0:model_id=51170:date=14_08_2023_23:19</Creator>
        <Created>2023-05-10T14:33:19.417+02:00</Created>
        <LastChange>2023-08-14T23:19:07.827+02:00</LastChange>
        <TranskribusMetadata docId="1428640" pageId="55422035" pageNr="105" tsid="132830500" status="IN_PROGRESS" userId="64420" imgUrl="https://files.transkribus.eu/Get?id=MZLATEKIVSGRHDLVLQQDZJUV&amp;fileType=view" xmlUrl="https://files.transkribus.eu/Get?id=ERWWOCJPKFNBKHWOSCMHVSSZ" imageId="44696114"/>
    </Metadata>
    <Page imageFilename="1428640_0105.jpg" imageWidth="7720" imageHeight="4840">
        <ReadingOrder>
            <OrderedGroup id="ro_1711818229172" caption="Regions reading order">
                <RegionRefIndexed index="0" regionRef="tr_1"/>
                <RegionRefIndexed index="1" regionRef="tr_2"/>
            </OrderedGroup>
        </ReadingOrder>
        <TextRegion id="tr_1" custom="readingOrder {index:0;}">
            <Coords points="651,667 3925,667 3925,4413 651,4413"/>
            <TextLine id="tr_1_tl_1" custom="readingOrder {index:0;}">
                <Coords points="629,830 3898,821 3898,624 3458,516 2506,662 629,583"/>
                <Baseline points="651,746 681,752 770,752 860,758 950,764 1039,758 1129,758 1218,758 1308,758 1398,758 1487,758 1577,758 1667,758 1756,752 1846,752 1936,752 2025,746 2115,746 2204,746 2294,746 2384,746 2473,752 2563,752 2653,752 2742,752 2832,752 2921,746 3011,740 3101,734 3190,734 3280,728 3370,723 3459,717 3549,717 3638,723 3728,723 3818,723 3907,723"/>
                <TextEquiv>
                    <Unicode>meiner Drohung Ernst um bringe der Geschichte</Unicode>
                </TextEquiv>
            </TextLine>
            <TextLine id="tr_1_tl_2" custom="readingOrder {index:1;}">
                <Coords points="666,1002 968,960 1350,1031 1526,964 1702,1056 1848,964 2037,964 2037,884 1920,847 1878,884 1626,842 1467,889 1241,767 1169,805 1086,771 1023,826 671,826"/>
                <Baseline points="693,926 782,938 872,938 962,938 1051,932 1141,932 1230,932 1320,938 1410,932 1499,932 1589,926 1679,926 1768,926 1858,920 1947,926 2037,926 2049,926"/>
                <TextEquiv>
                    <Unicode>vor die Konferenz.</Unicode>
                </TextEquiv>
            </TextLine>
            <TextLine id="tr_1_tl_3" custom="readingOrder {index:2;}">
                <Coords points="675,1165 1253,1245 1471,1136 2029,1228 2343,1132 2582,1224 2846,1111 3843,1119 3848,972 1982,960 1769,1073 1542,972 675,1006"/>
                <Baseline points="699,1111 717,1111 806,1111 896,1111 985,1111 1075,1111 1165,1111 1254,1111 1344,1111 1434,1105 1523,1105 1613,1105 1702,1105 1792,1105 1882,1099 1971,1105 2061,1105 2151,1099 2240,1099 2330,1099 2420,1099 2509,1099 2599,1093 2688,1093 2778,1093 2868,1087 2957,1087 3047,1081 3137,1081 3226,1081 3316,1075 3405,1075 3495,1069 3585,1063 3674,1069 3764,1069 3854,1069"/>
                <TextEquiv>
                    <Unicode>Rokosseg blieb sehr gemütlich stehe, in dem er</Unicode>
                </TextEquiv>
            </TextLine>
            <TextLine id="tr_1_tl_4" custom="readingOrder {index:3;}">
                <Coords points="683,1375 1199,1295 1911,1387 2121,1299 2863,1350 3487,1287 3487,1136 2867,1232 2343,1127 1962,1236 683,1182"/>
                <Baseline points="705,1290 717,1284 806,1290 896,1284 985,1284 1075,1284 1165,1284 1254,1284 1344,1284 1434,1284 1523,1284 1613,1278 1702,1284 1792,1284 1882,1284 1971,1284 2061,1284 2151,1284 2240,1278 2330,1278 2420,1278 2509,1278 2599,1272 2688,1266 2778,1266 2868,1266 2957,1266 3047,1266 3137,1272 3226,1266 3316,1266 3405,1260 3495,1254"/>
                <TextEquiv>
                    <Unicode>sich eine neue Eigarette agündete.</Unicode>
                </TextEquiv>
            </TextLine>
            <TextLine id="tr_1_tl_5" custom="readingOrder {index:4;}">
                <Coords points="696,1505 1232,1572 1366,1475 2075,1463 2452,1563 3022,1467 3596,1555 3898,1488 3898,1303 696,1371"/>
                <Baseline points="717,1481 770,1475 860,1469 950,1463 1039,1457 1129,1457 1218,1457 1308,1457 1398,1457 1487,1457 1577,1457 1667,1457 1756,1452 1846,1452 1936,1457 2025,1457 2115,1452 2204,1452 2294,1452 2384,1452 2473,1452 2563,1452 2653,1446 2742,1446 2832,1446 2921,1446 3011,1452 3101,1446 3190,1446 3280,1440 3370,1440 3459,1440 3549,1434 3638,1434 3728,1440 3818,1440 3907,1452"/>
                <TextEquiv>
                    <Unicode>u. Bewerschämter Mensch wütete Wafflagski¬</Unicode>
                </TextEquiv>
            </TextLine>
            <TextLine id="tr_1_tl_6" custom="readingOrder {index:5;}">
                <Coords points="662,1693 1484,1752 1832,1651 2108,1744 2238,1643 2448,1727 2846,1630 3143,1735 3521,1672 3525,1534 2787,1475 2460,1576 2305,1475 1379,1475 662,1593"/>
                <Baseline points="687,1655 752,1649 842,1643 932,1637 1021,1631 1111,1631 1201,1631 1290,1631 1380,1631 1469,1631 1559,1631 1649,1631 1738,1631 1828,1631 1918,1625 2007,1625 2097,1625 2186,1625 2276,1625 2366,1619 2455,1625 2545,1619 2635,1625 2724,1625 2814,1625 2904,1619 2993,1619 3083,1613 3172,1619 3262,1613 3352,1613 3441,1613 3531,1619"/>
                <TextEquiv>
                    <Unicode>" ich werde auf Ausschließung beantragen.</Unicode>
                </TextEquiv>
            </TextLine>
            <TextLine id="tr_1_tl_7" custom="readingOrder {index:6;}">
                <Coords points="725,1886 943,1827 1123,1911 1526,1806 1664,1899 1827,1811 2708,1823 2758,1672 729,1744"/>
                <Baseline points="752,1810 794,1816 884,1810 973,1804 1063,1804 1153,1804 1242,1804 1332,1804 1422,1804 1511,1804 1601,1804 1691,1798 1780,1804 1870,1798 1959,1798 2049,1798 2139,1798 2228,1792 2318,1792 2408,1786 2497,1786 2587,1792 2676,1786 2766,1786"/>
                <TextEquiv>
                    <Unicode>der Gymnasiast trällerte.</Unicode>
                </TextEquiv>
            </TextLine>
            <TextLine id="tr_1_tl_8" custom="readingOrder {index:7;}">
                <Coords points="754,2096 972,1982 1597,2083 1718,1978 2133,2075 2389,1974 3885,2083 3885,1836 754,1886"/>
                <Baseline points="776,1971 848,1977 938,1977 1027,1977 1117,1977 1207,1977 1296,1971 1386,1971 1475,1971 1565,1971 1655,1965 1744,1971 1834,1971 1924,1971 2013,1971 2103,1971 2192,1965 2282,1965 2372,1965 2461,1965 2551,1965 2641,1971 2730,1971 2820,1965 2909,1959 2999,1965 3089,1959 3178,1953 3268,1953 3358,1953 3447,1947 3537,1953 3627,1953 3716,1953 3806,1953 3895,1947"/>
                <TextEquiv>
                    <Unicode>Excellatalalalala". Dann sprach ersche</Unicode>
                </TextEquiv>
            </TextLine>
            <TextLine id="tr_1_tl_9" custom="readingOrder {index:8;}">
                <Coords points="675,2167 1174,2171 1253,2247 1463,2163 1668,2200 1785,2158 1785,1995 1718,1978 1588,2083 1450,2003 1383,2024 1257,1982 1136,2062 972,1982 805,2117 675,2083"/>
                <Baseline points="699,2151 723,2151 812,2151 902,2151 991,2151 1081,2145 1171,2145 1260,2145 1350,2151 1440,2151 1529,2151 1619,2145 1708,2145 1798,2145"/>
                <TextEquiv>
                    <Unicode>Gerablassend.</Unicode>
                </TextEquiv>
            </TextLine>
            <TextLine id="tr_1_tl_10" custom="readingOrder {index:9;}">
                <Coords points="683,2414 1697,2335 1953,2443 2464,2326 2942,2448 3181,2314 3873,2347 3877,2209 687,2230"/>
                <Baseline points="705,2312 794,2330 884,2330 973,2330 1063,2330 1153,2330 1242,2330 1332,2324 1422,2324 1511,2324 1601,2324 1691,2318 1780,2318 1870,2318 1959,2318 2049,2312 2139,2312 2228,2312 2318,2306 2408,2312 2497,2312 2587,2312 2676,2312 2766,2312 2856,2312 2945,2312 3035,2312 3125,2306 3214,2306 3304,2306 3393,2312 3483,2306 3573,2300 3662,2300 3752,2306 3842,2312 3883,2324"/>
                <TextEquiv>
                    <Unicode>Ich sage Ihnen, Sie schaden nur Ihren Freund</Unicode>
                </TextEquiv>
            </TextLine>
            <TextLine id="tr_1_tl_11" custom="readingOrder {index:10;}">
                <Coords points="746,2544 817,2569 993,2511 1714,2527 1752,2515 1752,2397 1622,2343 1383,2410 1329,2355 1291,2393 1190,2381 1073,2431 968,2339 792,2452 746,2439"/>
                <Baseline points="770,2491 776,2497 866,2497 956,2491 1045,2491 1135,2491 1224,2491 1314,2491 1404,2491 1493,2485 1583,2485 1673,2485 1762,2485"/>
                <TextEquiv>
                    <Unicode>Herrn Malke¬</Unicode>
                </TextEquiv>
            </TextLine>
            <TextLine id="tr_1_tl_12" custom="readingOrder {index:11;}">
                <Coords points="759,2695 1039,2796 1404,2670 1718,2749 1974,2682 2196,2783 2351,2682 2477,2762 3424,2670 3353,2578 2645,2494 1765,2590 1630,2515 1333,2590 876,2523 759,2594"/>
                <Baseline points="782,2676 836,2682 926,2676 1015,2670 1105,2664 1195,2664 1284,2659 1374,2659 1463,2659 1553,2659 1643,2659 1732,2659 1822,2659 1912,2664 2001,2664 2091,2664 2180,2664 2270,2664 2360,2659 2449,2659 2539,2664 2629,2664 2718,2664 2808,2664 2898,2659 2987,2659 3077,2653 3166,2653 3256,2647 3346,2653 3435,2647"/>
                <TextEquiv>
                    <Unicode>Maschlagski biss sich auf die Lippen¬</Unicode>
                </TextEquiv>
            </TextLine>
            <TextLine id="tr_1_tl_13" custom="readingOrder {index:12;}">
                <Coords points="759,2875 1417,2846 1689,2946 2301,2837 2628,2963 2749,2846 3227,2829 3496,2913 3856,2884 3856,2661 2125,2804 1404,2670 759,2800"/>
                <Baseline points="782,2874 818,2874 908,2856 997,2844 1087,2838 1177,2832 1266,2826 1356,2820 1446,2826 1535,2820 1625,2820 1714,2826 1804,2826 1894,2826 1983,2832 2073,2832 2163,2832 2252,2826 2342,2826 2431,2826 2521,2826 2611,2826 2700,2826 2790,2820 2880,2820 2969,2820 3059,2820 3148,2820 3238,2814 3328,2814 3417,2808 3507,2814 3597,2814 3686,2820 3776,2820 3866,2826"/>
                <TextEquiv>
                    <Unicode>„ Ich will mich um einen solchen Menschen</Unicode>
                </TextEquiv>
            </TextLine>
            <TextLine id="tr_1_tl_14" custom="readingOrder {index:13;}">
                <Coords points="813,3097 2502,3005 2913,3106 3282,3005 3483,3114 3915,3064 3915,2888 2825,2850 2624,2963 1035,2842 813,2946"/>
                <Baseline points="836,3011 926,3011 1015,3005 1105,2999 1195,2993 1284,2999 1374,2993 1463,2993 1553,2993 1643,2999 1732,2999 1822,2999 1912,2999 2001,2999 2091,2999 2180,2993 2270,2993 2360,2993 2449,2993 2539,2999 2629,2999 2718,2999 2808,2999 2898,2999 2987,2999 3077,2993 3166,2993 3256,2993 3346,2987 3435,2993 3525,2993 3615,2999 3704,3005 3794,3011 3883,3023 3925,3029"/>
                <TextEquiv>
                    <Unicode>gar nicht mehr bekümmern. Tsollen sie sich fort</Unicode>
                </TextEquiv>
            </TextLine>
            <TextLine id="tr_1_tl_15" custom="readingOrder {index:14;}">
                <Coords points="780,3231 1111,3206 1220,3290 1622,3173 1773,3307 2079,3185 3055,3190 3055,3060 2917,3102 2695,3005 2469,3106 2142,3014 1739,3097 1002,3030 784,3102"/>
                <Baseline points="806,3184 824,3178 914,3178 1003,3172 1093,3166 1183,3172 1272,3166 1362,3166 1452,3172 1541,3172 1631,3172 1720,3172 1810,3172 1900,3172 1989,3172 2079,3172 2169,3166 2258,3160 2348,3160 2437,3166 2527,3166 2617,3166 2706,3160 2796,3160 2886,3160 2975,3166 3065,3160"/>
                <TextEquiv>
                    <Unicode>sammt Ihrer saubern Dirne.</Unicode>
                </TextEquiv>
            </TextLine>
            <TextLine id="tr_1_tl_16" custom="readingOrder {index:15;}">
                <Coords points="767,3420 3743,3420 3843,3399 3843,3206 2762,3177 2381,3282 2079,3185 1773,3307 1622,3177 1220,3286 767,3227"/>
                <Baseline points="788,3364 806,3358 896,3352 985,3346 1075,3346 1165,3340 1254,3340 1344,3340 1434,3340 1523,3340 1613,3340 1702,3340 1792,3340 1882,3340 1971,3340 2061,3346 2151,3340 2240,3340 2330,3340 2420,3340 2509,3340 2599,3340 2688,3334 2778,3328 2868,3334 2957,3328 3047,3334 3137,3328 3226,3334 3316,3334 3405,3334 3495,3340 3585,3340 3674,3340 3764,3340 3854,3340"/>
                <TextEquiv>
                    <Unicode>„Jch empfehle mich“ 1 groß höflich Rokassen,</Unicode>
                </TextEquiv>
            </TextLine>
            <TextLine id="tr_1_tl_17" custom="readingOrder {index:16;}">
                <Coords points="759,3529 1228,3609 1484,3521 3856,3537 3651,3349 2984,3353 2590,3479 1710,3353 1580,3454 1215,3361 754,3445"/>
                <Baseline points="782,3495 872,3501 962,3501 1051,3501 1141,3501 1230,3495 1320,3501 1410,3507 1499,3513 1589,3513 1679,3513 1768,3513 1858,3513 1947,3513 2037,3507 2127,3513 2216,3513 2306,3507 2396,3507 2485,3507 2575,3507 2664,3519 2754,3513 2844,3507 2933,3507 3023,3507 3113,3507 3202,3507 3292,3507 3382,3507 3471,3513 3561,3513 3650,3507 3740,3513 3830,3519 3866,3519"/>
                <TextEquiv>
                    <Unicode>wal zum Fräulein daar, nahm ihren Arm</Unicode>
                </TextEquiv>
            </TextLine>
            <TextLine id="tr_1_tl_18" custom="readingOrder {index:17;}">
                <Coords points="1999,3646 2058,3655 2163,3617 2192,3638 2284,3625 2326,3646 2448,3584 2473,3592 2477,3516 2406,3521 2355,3554 2326,3529 2297,3542 2267,3508 2230,3533 2188,3521 2121,3563 2087,3550 2050,3579 2012,3567"/>
                <Baseline points="2025,3627 2037,3627 2127,3615 2216,3603 2306,3597 2396,3585 2485,3579"/>
                <TextEquiv>
                    <Unicode>mit ihr</Unicode>
                </TextEquiv>
            </TextLine>
            <TextLine id="tr_1_tl_19" custom="readingOrder {index:18;}">
                <Coords points="729,3713 1454,3797 1576,3709 3102,3709 3236,3814 3441,3701 3806,3730 3810,3571 3420,3512 2041,3663 1614,3529 1232,3613 1069,3537 729,3655"/>
                <Baseline points="752,3704 842,3698 932,3692 1021,3686 1111,3686 1201,3686 1290,3680 1380,3686 1469,3686 1559,3686 1649,3692 1738,3686 1828,3686 1918,3686 2007,3692 2097,3692 2186,3692 2276,3692 2366,3686 2455,3686 2545,3680 2635,3686 2724,3686 2814,3686 2904,3680 2993,3680 3083,3680 3172,3674 3262,3674 3352,3680 3441,3680 3531,3686 3621,3692 3710,3698 3800,3704 3818,3704"/>
                <TextEquiv>
                    <Unicode>um verschwand in der diekelheit,</Unicode>
                </TextEquiv>
            </TextLine>
            <TextLine id="tr_1_tl_20" custom="readingOrder {index:19;}">
                <Coords points="901,3998 1303,3873 3584,3944 3776,3919 3776,3734 3236,3814 2599,3692 1886,3781 1576,3709 1425,3818 901,3772"/>
                <Baseline points="926,3872 1015,3877 1105,3877 1195,3872 1284,3866 1374,3866 1463,3866 1553,3866 1643,3866 1732,3866 1822,3866 1912,3866 2001,3860 2091,3866 2180,3866 2270,3860 2360,3860 2449,3860 2539,3866 2629,3866 2718,3866 2808,3866 2898,3866 2987,3860 3077,3860 3166,3860 3256,3860 3346,3866 3435,3866 3525,3872 3615,3866 3704,3872 3788,3872"/>
                <TextEquiv>
                    <Unicode>tyben Sie wohl, Frau lein door rief ihres</Unicode>
                </TextEquiv>
            </TextLine>
            <TextLine id="tr_1_tl_21" custom="readingOrder {index:20;}">
                <Coords points="801,4082 3869,4120 3801,3906 801,3923"/>
                <Baseline points="824,4051 830,4051 920,4051 1009,4051 1099,4051 1189,4045 1278,4039 1368,4045 1457,4039 1547,4039 1637,4039 1726,4033 1816,4039 1906,4039 1995,4045 2085,4045 2175,4045 2264,4039 2354,4039 2443,4039 2533,4039 2623,4039 2712,4039 2802,4039 2892,4045 2981,4045 3071,4045 3160,4039 3250,4039 3340,4045 3429,4045 3519,4045 3609,4051 3698,4057 3788,4057 3877,4045"/>
                <TextEquiv>
                    <Unicode>Bruch nach, der mit Nelke in ein Gespräch</Unicode>
                </TextEquiv>
            </TextLine>
            <TextLine id="tr_1_tl_22" custom="readingOrder {index:21;}">
                <Coords points="826,4271 956,4283 1031,4221 1127,4221 1287,4283 1484,4216 1609,4267 1853,4212 1932,4263 1932,4086 1815,4103 1735,4061 1618,4154 1521,4154 1379,4066 1299,4091 1241,4057 1094,4149 826,4099"/>
                <Baseline points="848,4212 938,4212 1027,4218 1117,4218 1207,4212 1296,4212 1386,4212 1475,4212 1565,4212 1655,4206 1744,4206 1834,4212 1924,4218 1941,4212"/>
                <TextEquiv>
                    <Unicode>vertrift war.</Unicode>
                </TextEquiv>
            </TextLine>
            <TextLine id="tr_1_tl_23" custom="readingOrder {index:22;}">
                <Coords points="951,4522 2213,4422 2460,4527 2775,4405 3751,4522 3818,4162 2452,4099 1966,4317 1861,4216 1651,4304 951,4254"/>
                <Baseline points="973,4397 1045,4403 1135,4403 1224,4397 1314,4391 1404,4391 1493,4385 1583,4385 1673,4379 1762,4385 1852,4379 1941,4379 2031,4379 2121,4379 2210,4379 2300,4379 2390,4373 2479,4373 2569,4379 2659,4373 2748,4373 2838,4379 2927,4379 3017,4385 3107,4385 3196,4385 3286,4385 3376,4391 3465,4391 3555,4391 3644,4385 3734,4379 3824,4361"/>
                <TextEquiv>
                    <Unicode>„Woher wissen Sr 2“ hatte ihr dieser</Unicode>
                </TextEquiv>
            </TextLine>
        </TextRegion>
        <TextRegion id="tr_2" custom="readingOrder {index:1;}">
            <Coords points="4051,643 7493,643 7493,4395 4051,4395"/>
            <TextLine id="tr_2_tl_1" custom="readingOrder {index:0;}">
                <Coords points="4024,830 4116,813 4179,859 4304,763 4397,826 4426,805 4493,830 4636,725 4807,721 4820,486 4636,486 4548,536 4355,520 4229,608 4179,578 4032,650"/>
                <Baseline points="4051,728 4099,734 4188,728 4278,723 4367,723 4457,711 4547,711 4636,705 4726,705 4816,693"/>
                <TextEquiv>
                    <Unicode>gefragt.</Unicode>
                </TextEquiv>
            </TextLine>
            <TextLine id="tr_2_tl_2" custom="readingOrder {index:1;}">
                <Coords points="4141,968 5256,876 5511,989 5671,863 6425,943 6849,788 7318,817 7326,620 4753,713 4145,868"/>
                <Baseline points="4170,908 4194,908 4284,902 4373,896 4463,896 4553,890 4642,884 4732,878 4822,878 4911,872 5001,866 5090,860 5180,866 5270,860 5359,854 5449,848 5539,848 5628,842 5718,842 5808,842 5897,836 5987,836 6076,824 6166,824 6256,818 6345,812 6435,806 6525,806 6614,794 6704,794 6793,788 6883,788 6973,782 7062,776 7152,782 7242,770 7331,770"/>
                <TextEquiv>
                    <Unicode>Oh, es gibt brieffen, man erfährt so.</Unicode>
                </TextEquiv>
            </TextLine>
            <TextLine id="tr_2_tl_3" custom="readingOrder {index:2;}">
                <Coords points="4099,1157 6731,968 7351,1023 7360,868 6840,792 6593,943 5658,872 5507,993 5206,876 4107,968"/>
                <Baseline points="4128,1081 4140,1081 4230,1075 4320,1069 4409,1069 4499,1063 4589,1063 4678,1057 4768,1051 4857,1045 4947,1045 5037,1039 5126,1039 5216,1033 5306,1033 5395,1027 5485,1027 5574,1021 5664,1015 5754,1015 5843,1015 5933,1009 6023,1003 6112,997 6202,997 6292,991 6381,985 6471,979 6560,973 6650,968 6740,956 6829,956 6919,956 7009,950 7098,950 7188,950 7277,956 7367,950"/>
                <TextEquiv>
                    <Unicode>unter der Hand davon. Was bogen</Unicode>
                </TextEquiv>
            </TextLine>
            <TextLine id="tr_2_tl_4" custom="readingOrder {index:3;}">
                <Coords points="4045,1320 6505,1153 6693,1257 7385,1144 7389,1006 6232,998 5931,1144 5453,1035 5239,1148 5080,1052 4053,1136"/>
                <Baseline points="4069,1272 4081,1272 4170,1266 4260,1260 4350,1254 4439,1254 4529,1248 4618,1248 4708,1242 4798,1236 4887,1230 4977,1230 5067,1224 5156,1224 5246,1218 5335,1212 5425,1212 5515,1207 5604,1201 5694,1201 5784,1195 5873,1189 5963,1183 6052,1177 6142,1171 6232,1165 6321,1159 6411,1153 6501,1147 6590,1147 6680,1141 6770,1135 6859,1135 6949,1129 7038,1129 7128,1123 7218,1123 7307,1123 7397,1123"/>
                <TextEquiv>
                    <Unicode>meine Schwester Bertha anbelangt – nun</Unicode>
                </TextEquiv>
            </TextLine>
            <TextLine id="tr_2_tl_5" custom="readingOrder {index:4;}">
                <Coords points="4091,1542 5361,1391 5528,1488 5675,1391 6492,1450 6652,1329 7393,1303 7402,1136 6664,1287 6513,1153 5755,1199 5600,1320 5340,1220 4950,1358 4824,1266 4099,1333"/>
                <Baseline points="4116,1440 4176,1440 4266,1434 4356,1428 4445,1422 4535,1422 4624,1416 4714,1410 4804,1410 4893,1404 4983,1398 5073,1392 5162,1392 5252,1386 5341,1380 5431,1374 5521,1368 5610,1368 5700,1368 5790,1368 5879,1356 5969,1356 6058,1350 6148,1344 6238,1338 6327,1332 6417,1326 6507,1320 6596,1320 6686,1314 6776,1308 6865,1308 6955,1308 7044,1296 7134,1296 7224,1296 7313,1296 7403,1296"/>
                <TextEquiv>
                    <Unicode>ich will Bertha nicht eifersüchtig machen’</Unicode>
                </TextEquiv>
            </TextLine>
            <TextLine id="tr_2_tl_6" custom="readingOrder {index:5;}">
                <Coords points="4070,1651 4581,1710 4744,1593 4866,1693 6610,1500 7134,1584 7389,1492 7398,1303 6794,1417 6647,1329 6496,1450 5675,1391 5545,1492 5432,1387 4074,1538"/>
                <Baseline points="4099,1607 4170,1607 4260,1601 4350,1601 4439,1601 4529,1595 4618,1595 4708,1589 4798,1583 4887,1577 4977,1571 5067,1571 5156,1559 5246,1559 5335,1553 5425,1547 5515,1547 5604,1547 5694,1541 5784,1535 5873,1535 5963,1529 6052,1529 6142,1523 6232,1517 6321,1511 6411,1505 6501,1499 6590,1499 6680,1493 6770,1487 6859,1475 6949,1475 7038,1475 7128,1475 7218,1475 7307,1475 7397,1481"/>
                <TextEquiv>
                    <Unicode>Endso sprachen die beiden weiter,</Unicode>
                </TextEquiv>
            </TextLine>
            <TextLine id="tr_2_tl_7" custom="readingOrder {index:6;}">
                <Coords points="4112,1798 4552,1886 4774,1760 6953,1760 7423,1689 7431,1547 4116,1660"/>
                <Baseline points="4134,1768 4206,1768 4296,1762 4385,1762 4475,1762 4565,1756 4654,1756 4744,1744 4834,1744 4923,1738 5013,1732 5102,1732 5192,1726 5282,1726 5371,1720 5461,1720 5551,1714 5640,1714 5730,1708 5819,1702 5909,1702 5999,1708 6088,1702 6178,1696 6268,1691 6357,1679 6447,1679 6536,1673 6626,1673 6716,1667 6805,1661 6895,1655 6985,1655 7074,1649 7164,1649 7254,1643 7343,1643 7433,1649"/>
                <TextEquiv>
                    <Unicode>W. dachte an gar nichts, als an berth. und leid</Unicode>
                </TextEquiv>
            </TextLine>
            <TextLine id="tr_2_tl_8" custom="readingOrder {index:7;}">
                <Coords points="4082,2003 5122,1945 5252,2029 5704,1882 5964,1970 6400,1894 6471,1773 6174,1714 5784,1836 5499,1727 5273,1844 5101,1748 4556,1882 4091,1815"/>
                <Baseline points="4111,1953 4152,1947 4242,1947 4332,1941 4421,1941 4511,1941 4600,1936 4690,1924 4780,1924 4869,1918 4959,1918 5049,1912 5138,1912 5228,1906 5318,1906 5407,1900 5497,1888 5586,1888 5676,1882 5766,1882 5855,1876 5945,1876 6035,1876 6124,1870 6214,1864 6303,1858 6393,1852 6483,1846"/>
                <TextEquiv>
                    <Unicode>trat Waschlagski zu ihren.</Unicode>
                </TextEquiv>
            </TextLine>
            <TextLine id="tr_2_tl_9" custom="readingOrder {index:8;}">
                <Coords points="4070,2192 4200,2280 4367,2133 6245,2037 6383,2142 6857,2012 7134,2100 7427,2045 7435,1873 6446,1861 5252,2033 4078,1987"/>
                <Baseline points="4093,2145 4128,2145 4218,2133 4308,2127 4397,2121 4487,2109 4577,2109 4666,2103 4756,2097 4845,2097 4935,2091 5025,2091 5114,2085 5204,2085 5294,2079 5383,2073 5473,2067 5563,2061 5652,2061 5742,2055 5831,2049 5921,2037 6011,2043 6100,2037 6190,2037 6280,2037 6369,2025 6459,2025 6548,2019 6638,2013 6728,2007 6817,2001 6907,2001 6997,1995 7086,1995 7176,1989 7265,1983 7355,1971 7445,1941"/>
                <TextEquiv>
                    <Unicode>„Ich denke wir gehen, es ist Geitternacht!</Unicode>
                </TextEquiv>
            </TextLine>
            <TextLine id="tr_2_tl_10" custom="readingOrder {index:9;}">
                <Coords points="4246,2381 4770,2276 5231,2355 5507,2247 5725,2355 5885,2234 6048,2339 6639,2196 7134,2301 7276,2251 7284,2016 4254,2209"/>
                <Baseline points="4272,2294 4332,2294 4421,2282 4511,2276 4600,2276 4690,2270 4780,2264 4869,2264 4959,2258 5049,2258 5138,2252 5228,2246 5318,2240 5407,2240 5497,2234 5586,2228 5676,2222 5766,2216 5855,2216 5945,2216 6035,2210 6124,2204 6214,2204 6303,2198 6393,2192 6483,2186 6572,2186 6662,2186 6752,2180 6841,2186 6931,2186 7020,2192 7110,2186 7200,2180 7289,2175"/>
                <TextEquiv>
                    <Unicode>Erst Mitternacht faßt er leger Bruch,</Unicode>
                </TextEquiv>
            </TextLine>
            <TextLine id="tr_2_tl_11" custom="readingOrder {index:10;}">
                <Coords points="4091,2523 4275,2590 5130,2443 5294,2552 5503,2423 6199,2385 6362,2477 7410,2376 7414,2263 6794,2192 6048,2339 5876,2230 5717,2360 5511,2247 5180,2364 4778,2276 4418,2414 4099,2372"/>
                <Baseline points="4116,2473 4194,2473 4284,2473 4373,2467 4463,2455 4553,2455 4642,2449 4732,2449 4822,2449 4911,2449 5001,2437 5090,2437 5180,2431 5270,2425 5359,2420 5449,2414 5539,2414 5628,2408 5718,2402 5808,2396 5897,2396 5987,2390 6076,2384 6166,2384 6256,2372 6345,2372 6435,2360 6525,2354 6614,2348 6704,2348 6793,2348 6883,2348 6973,2348 7062,2348 7152,2342 7242,2342 7331,2336 7421,2336"/>
                <TextEquiv>
                    <Unicode>während sie sich auf den Fust Heimweg</Unicode>
                </TextEquiv>
            </TextLine>
            <TextLine id="tr_2_tl_12" custom="readingOrder {index:11;}">
                <Coords points="4070,2682 5411,2712 5796,2582 6023,2754 7268,2733 7381,2687 7393,2389 6425,2477 5746,2393 5294,2552 4568,2460 4078,2565"/>
                <Baseline points="4099,2647 4170,2647 4260,2641 4350,2635 4439,2629 4529,2629 4618,2623 4708,2623 4798,2623 4887,2623 4977,2617 5067,2611 5156,2605 5246,2599 5335,2593 5425,2587 5515,2581 5604,2575 5694,2575 5784,2569 5873,2569 5963,2569 6052,2563 6142,2557 6232,2557 6321,2551 6411,2539 6501,2533 6590,2533 6680,2527 6770,2527 6859,2521 6949,2515 7038,2515 7128,2521 7218,2515 7307,2515 7397,2509"/>
                <TextEquiv>
                    <Unicode>machten. „ so früh be ich lärz nicht nach</Unicode>
                </TextEquiv>
            </TextLine>
            <TextLine id="tr_2_tl_13" custom="readingOrder {index:12;}">
                <Coords points="4074,2938 4380,2812 4518,2846 4640,2800 4719,2850 4916,2791 5046,2846 5465,2766 5545,2808 5595,2699 5340,2670 5118,2716 4988,2624 4380,2749 4279,2666 4082,2758"/>
                <Baseline points="4105,2820 4164,2820 4254,2814 4344,2814 4433,2808 4523,2802 4612,2796 4702,2790 4792,2784 4881,2778 4971,2772 5061,2766 5150,2766 5240,2766 5329,2760 5419,2754 5509,2748 5598,2748"/>
                <TextEquiv>
                    <Unicode>Haus gekommen.</Unicode>
                </TextEquiv>
            </TextLine>
            <TextLine id="tr_2_tl_14" custom="readingOrder {index:13;}">
                <Coords points="4137,3085 4627,2976 7326,2913 7335,2724 4145,2900"/>
                <Baseline points="4164,2981 4206,2981 4296,2981 4385,2975 4475,2975 4565,2969 4654,2963 4744,2957 4834,2951 4923,2939 5013,2939 5102,2933 5192,2933 5282,2927 5371,2927 5461,2921 5551,2921 5640,2915 5730,2909 5819,2909 5909,2904 5999,2898 6088,2898 6178,2892 6268,2886 6357,2886 6447,2880 6536,2880 6626,2880 6716,2874 6805,2868 6895,2862 6985,2862 7074,2862 7164,2856 7254,2850 7343,2856"/>
                <TextEquiv>
                    <Unicode>Ja, Mitternacht wars, xxx eben ent¬</Unicode>
                </TextEquiv>
            </TextLine>
            <TextLine id="tr_2_tl_15" custom="readingOrder {index:14;}">
                <Coords points="4149,3240 6471,3055 6840,3135 7372,3068 7381,2942 6471,2875 5201,2959 4879,3081 4606,2976 4154,3110"/>
                <Baseline points="4176,3160 4248,3160 4338,3154 4427,3154 4517,3148 4606,3143 4696,3137 4786,3131 4875,3125 4965,3119 5055,3119 5144,3113 5234,3107 5324,3101 5413,3101 5503,3095 5592,3089 5682,3083 5772,3083 5861,3077 5951,3077 6041,3071 6130,3065 6220,3059 6309,3059 6399,3053 6489,3053 6578,3047 6668,3041 6758,3035 6847,3035 6937,3029 7026,3029 7116,3029 7206,3029 7295,3029 7385,3017"/>
                <TextEquiv>
                    <Unicode>stand, seines trauliche halbdinkel in</Unicode>
                </TextEquiv>
            </TextLine>
            <TextLine id="tr_2_tl_16" custom="readingOrder {index:15;}">
                <Coords points="4145,3336 4388,3412 4967,3299 5323,3387 5608,3282 5771,3328 5956,3231 5692,3110 5092,3210 4816,3143 4677,3244 4594,3173 4418,3215 4321,3164 4149,3265"/>
                <Baseline points="4170,3334 4260,3328 4350,3322 4439,3316 4529,3310 4618,3310 4708,3304 4798,3298 4887,3298 4977,3292 5067,3286 5156,3280 5246,3280 5335,3274 5425,3268 5515,3268 5604,3262 5694,3256 5784,3256 5873,3256 5963,3262"/>
                <TextEquiv>
                    <Unicode>der Sinkmausiana.</Unicode>
                </TextEquiv>
            </TextLine>
            <TextLine id="tr_2_tl_17" custom="readingOrder {index:16;}">
                <Coords points="4124,3705 4736,3785 5499,3621 5989,3705 6211,3592 7163,3621 7460,3563 7469,3391 4543,3571 4137,3462"/>
                <Baseline points="4146,3692 4152,3692 4242,3680 4332,3674 4421,3668 4511,3662 4600,3656 4690,3650 4780,3644 4869,3644 4959,3632 5049,3638 5138,3632 5228,3627 5318,3627 5407,3621 5497,3615 5586,3615 5676,3603 5766,3603 5855,3597 5945,3591 6035,3585 6124,3585 6214,3579 6303,3573 6393,3573 6483,3567 6572,3561 6662,3561 6752,3555 6841,3555 6931,3549 7020,3543 7110,3543 7200,3537 7289,3537 7379,3531 7469,3531"/>
                <TextEquiv>
                    <Unicode>„Nicht möglich“ sagte Fritz Falke zu Hermann Riedel, abglünde</Unicode>
                </TextEquiv>
            </TextLine>
            <TextLine id="tr_2_tl_18" custom="readingOrder {index:17;}">
                <Coords points="4120,3952 6241,3764 7138,3822 7444,3743 7452,3584 6207,3592 6006,3701 5503,3621 4740,3785 4133,3705"/>
                <Baseline points="4146,3872 4224,3866 4314,3854 4403,3848 4493,3848 4583,3842 4672,3836 4762,3836 4851,3824 4941,3818 5031,3818 5120,3812 5210,3806 5300,3806 5389,3800 5479,3794 5568,3788 5658,3782 5748,3782 5837,3782 5927,3770 6017,3770 6106,3764 6196,3758 6286,3758 6375,3752 6465,3746 6554,3740 6644,3734 6734,3734 6823,3734 6913,3734 7003,3728 7092,3722 7182,3710 7271,3710 7361,3710 7451,3710"/>
                <TextEquiv>
                    <Unicode>gegen zwei Uhr Morgens die Hac Sinkmansiana verließen.</Unicode>
                </TextEquiv>
            </TextLine>
            <TextLine id="tr_2_tl_19" custom="readingOrder {index:18;}">
                <Coords points="4141,4045 4535,4137 4933,4003 7444,3961 7486,3726 4145,3944"/>
                <Baseline points="4164,4033 4176,4033 4266,4027 4356,4021 4445,4021 4535,4015 4624,4015 4714,4009 4804,3997 4893,3991 4983,3991 5073,3991 5162,3985 5252,3979 5341,3973 5431,3973 5521,3967 5610,3961 5700,3955 5790,3955 5879,3949 5969,3949 6058,3943 6148,3937 6238,3937 6327,3931 6417,3925 6507,3919 6596,3919 6686,3913 6776,3907 6865,3907 6955,3907 7044,3901 7134,3895 7224,3889 7313,3889 7403,3883 7493,3889"/>
                <TextEquiv>
                    <Unicode>Mit möglich, Sie wären der Klavierlehrer, der von den nächsten</Unicode>
                </TextEquiv>
            </TextLine>
            <TextLine id="tr_2_tl_20" custom="readingOrder {index:19;}">
                <Coords points="4145,4271 7435,4128 7469,3961 4929,4003 4535,4133 4154,4053"/>
                <Baseline points="4170,4212 4242,4200 4332,4200 4421,4194 4511,4188 4600,4188 4690,4176 4780,4176 4869,4170 4959,4164 5049,4164 5138,4158 5228,4152 5318,4146 5407,4146 5497,4140 5586,4140 5676,4134 5766,4128 5855,4128 5945,4122 6035,4116 6124,4116 6214,4111 6303,4099 6393,4093 6483,4093 6572,4087 6662,4087 6752,4081 6841,4081 6931,4081 7020,4075 7110,4075 7200,4063 7289,4057 7379,4051 7469,4051"/>
                <TextEquiv>
                    <Unicode>Tagen an meinen — mitlach sagen Arthur Folke unter</Unicode>
                </TextEquiv>
            </TextLine>
            <TextLine id="tr_2_tl_21" custom="readingOrder {index:20;}">
                <Coords points="4141,4397 4296,4518 4363,4464 4413,4468 4535,4409 4631,4430 4694,4405 4711,4187 4610,4212 4480,4191 4325,4267 4296,4258 4225,4313 4149,4292"/>
                <Baseline points="4164,4385 4170,4385 4260,4379 4350,4367 4439,4361 4529,4356 4618,4350 4708,4338"/>
                <TextEquiv>
                    <Unicode>richtet?</Unicode>
                </TextEquiv>
            </TextLine>
        </TextRegion>
    </Page>
</PcGts>
