7736 4808
655 465 2711 867 andres Mädchen noch weit mehr!
761 744 2393 1036 Ah so! Nun versteh ich dich.
1188 880 3924 1218 Habenwärder sei in der Dunkel¬
854 901 2343 1150 Sie gingen eine Weile
2673 1070 2914 1193 Sie
770 1074 3895 1383 heit - es war der Nacht, welche für unsre
787 1260 3134 1535 Geschichte eine bediethame Wichti¬
820 1425 3950 1708 Es war deselbe Nacht, die auch sowichtig war für
791 1603 2884 1882 die Familie „Falk und Flock
812 1776 3895 2085 Nun, Nelke begann nach kurzer Zeit Waschlags
698 1992 3929 2195 ki von neuem „bin ich indiveret, wenn ich frage,
685 2161 3907 2415 welches Fräulein Estreilla aus deinem Herzen
702 2296 1975 2520 verdrängt hat?
2034 2322 2271 2575 G.C.P.
736 2465 3510 2766 kunst du den Gymnasialschüler Bruch?
727 2639 3907 2926 Nur zu gut, erst heute hat es wieder eine
706 2821 3878 3112 Dritte bei mir bekommen; er ist überhand get
702 2998 3683 3260 noch jedesmal keines Kirchgefallen:
770 3155 3903 3404 Ohwas das thut nichts zur Sache. Derselbe ist
1438 3311 1746 3438 ßer
1696 3328 3890 3628 er steht in dem gefährlichen Aller
770 3366 1916 3607 ein Tung,
812 3501 2140 3772 von 17 Jahren.
660 3687 3979 3979 "Und ist erst in der Quarte" ergänzte Wasch
1734 3844 1941 3954 V.
1730 3882 2381 4081 [incommena]
765 3852 1493 4119 lagrki.
757 4005 3903 4288 aber das thut samichts zu Sache. Wie
816 4195 3954 4474 gesagt ist er ein Tung, ein großartwege
5396 148 5620 393 3
4863 271 5079 436 G.C.H.F.P
4038 334 7413 791 Das sollte für mich insofern ein großes Glück ver¬
4081 643 7388 918 den, als seine Schwester Bertha ihn täglich aus
4064 808 7413 1116 der Schule abholt und ich sie auf solche Weise
4081 1074 5231 1294 kennen lernte.
4170 1180 7396 1493 Der siebzeh jährige Bengel aus der Schutnabge¬
4106 1366 5975 1662 holt! Himmet noch einmal!“
4085 1510 7460 1848 „Nun ja, er kam gewöhnlich erst, um drei oder
4093 1679 7451 2038 vier Uhr Nachmittags nach Hause. Das tiefes
4055 1827 7455 2165 weiss, oder sich herumtrieb – noch jetzt gestorabende
4077 2047 7447 2309 me steht das heißt jetzt besonders steht er mich
4077 2229 7388 2503 mal, von die Familie Brah schläft, vielleicht um
4072 2393 7379 2736 zehn, elf Uhr Nachts auf, und krächt ich
4098 2571 6715 2825 kann mirs denken wo herum.
4153 2719 7375 3079 die beiden Freunde wandelten die mensche
4064 2888 6631 3159 hrere Praterstraße hinauf.
4123 3087 7430 3417 "Hier wohnt sie, Waschlagski" sagte Nelke, in¬
4123 3231 6453 3535 den er auf die einige Fenster
6517 3210 7443 3472 wines öffnete sich
6136 3379 6457 3535 am xxx
6910 3404 7227 3539 sind
4127 3421 7121 3696 denen gehaben, Eins öffenten an dem
7109 3523 7278 3641 er
6580 3527 7125 3687 werde zu
4267 3599 5417 3785 Durchaus nicht zart,
6665 3552 7434 3810 Kbarwürrt
4136 3637 6686 3924 gebaute Mädchengestalt sich
5853 3726 6686 3869 den Stralsund
4140 3759 7493 4081 deren weißesängliger vom Monndesbetrachtet
4153 3835 4516 3962 amt
4136 3983 5244 4246 würde seelen.
4153 4127 6956 4499 Ah, sie ists, Bertha ists auf Nelke.
