7368 4904
2268 865 3228 1231 Papitel
1283 448 2182 1283 Srittel
1601 1136 3654 1455 Im Vollt zurück. Die Gymnasiasten
2040 1330 3555 1562 Es gibt keine Kinder mehr.
383 1399 1885 1674 der Leser erfährt einige Herzens,
2204 1498 3060 1756 Alter? Spruch.
387 1575 964 1851 geschichten.
318 1919 512 2152 1/12
400 1975 3662 2307 Es ist merkwürdig, was auf dieser Welt alles zu gleicher
392 2139 3598 2513 Zeit geschieht. Es ist derselbe Märzabend, der sowohl
400 2337 3589 2634 die Philister im Gasthause, als auch die lebensfrah en
413 2505 3572 2737 Studenten im Präter vereinte, u. von dem ich jetzt
405 2698 1950 2970 wieder erzählen will.
439 2797 3684 3133 Gibt es wohl einen Wiener, der der Volksgarten nicht
357 3043 3667 3279 kenn? Der nicht weiss, welch lästiges volk an waren
340 3146 3662 3421 lauve dämmerenden Abenden sich hier zusammenfin¬
318 3331 3628 3675 det, um sich der Musik und die frohen freien
1700 3490 2315 3632 genesser,
323 3503 3585 3800 Stunden für zu verlangen? Ich meine Herr die
323 3654 3680 3955 besonders die männliche Jugend, wenn sich den
323 3813 3675 4106 in dem weltberühmten Alter der Flegeljahre be¬
353 3951 3693 4342 findet. Es ist dies eine sehr weit gehende bezeich¬
323 4145 3723 4441 zung, die leider sehr oft aus der Luft gepriffen
314 4342 3662 4691 auch auf die schuldlosesten Wesen angewendet
5393 133 5621 366 33
3718 409 7179 839 würden.- Nebst diesem jungen Leuten stellte, um großes
3723 667 7127 1024 Antingent die backfische, ein Eipsemismus für die weib
5672 839 6976 1016 zarten xyz Herren, da
3736 852 7166 1184 lichen Flegeljahre; die wie ja dem zweiflichen Geschlechte
3718 1046 7062 1330 überhaupt alles. verzuckert und versüßt werden
3740 1278 4110 1502 muß
3783 1369 7127 1657 doch wohin komme ich? Das übrige Publikum will ich
3796 1554 7058 1799 weiter nicht beschreiben; uns gehen vordersand
4786 1726 5479 1872 bessagte
3796 1700 7058 2036 nur die obenerwähnten beiden Gattungen an
3826 1876 7024 2143 die auch heute an dem öfterwähnten, milden
3848 2010 7050 2354 Herbs Mögabend im Volksgarten verführet.
3865 2191 7183 2535 wären.- Eine Theseustringel stand eine Grupp¬
3800 2358 7174 2707 von mehreren, vierzehn bis hochzehnjährigen Gym
3830 2561 7217 2780 nasiasten und Nealschülern; unter den erster¬
3839 2677 7127 3051 befand sich Arthur Falke, der Bruder des
3860 2905 7204 3172 Studenten Töitz und Sohn des Kanzlmals Falka¬
3951 3026 7118 3340 Wie viel Uhr ist's? "fragte derselbe mit einer
3904 3202 7174 3512 gewissen Malamhofe im Tonn: „Meine Ahr steht schon
3899 3447 4510 3684 wieder
3955 3533 7187 3882 Es ist sechs Uhr vorüber“ antwortete Moriz Schip
4437 3503 4949 3723 halb siebe,
3921 3710 7265 3981 der beste Freund torthurs, ziemlich geringter und
3908 3873 7243 4170 empfindlicher Natur, im Ganzen aber eine gute
3908 4084 4721 4321 edle Seele!
3925 4243 7239 4532 Gleichsmertel hieben warf der soviale Jacques
