3752 4744
1957 231 3266 665 Verstift Er nicht deutsch
1363 402 1711 733 gesagt
1355 587 3031 875 setzte sich der Kutscher zu
1441 765 3223 1099 Die Kferde in der Richtung e
1345 921 3209 1302 der plötzlich einen Anfall von
1106 1128 3348 1409 kommen hatte, zog seine Kirche in die
1291 1284 3273 1686 sah. mismutig vor sich hin. Pl
1049 1644 3305 2003 zu Tscher, schneller. Ist Er denn die
530 1885 1238 2220 geschlafen,
669 1957 3547 2352 scheint, der junge Herr will mich sekken!
384 2156 502 2334 Mr
345 2234 1982 2561 äußerte der andre.
555 2327 3184 2686 Schweigen und weiterfahren. Basta. -
512 2480 3287 2846 und sich waren beide zu gannte angekommen
512 2768 1626 3091 Kutscher sagte:
498 2853 3351 3209 Jetzt muß ich den jungen Herrn die Treppe hinau¬
555 2992 3276 3412 in’s mir der Herr Kaufswath befohlen.
1003 3180 3579 3508 lieber bei den Pferden, guter Freund,
445 3340 733 3568 bleib
1234 3373 3397 3689 muß meinem Herrn gehorchen
1028 3529 3433 3924 Ergab sich resignirt in sein Schicksal. Ob
1064 3710 3348 4120 aber durchte er xxx Rache zu nehmen
1338 4070 3305 4497 Gutscher, morgen Früh müsse
