7112 4856
4948 172 5128 377 67
1899 238 2117 464 60
3668 423 6802 804 uhl zu unterschätzen ist. Eben hatte derge¬
1440 459 1780 669 mit
3672 640 6699 968 Mann möglich zu sacgens Steile über nur
316 542 3565 907 Dünkelheit sie längen durch dringen
3680 738 6859 1099 knapp vor ihrer stehende Dame geäußert,
246 767 3549 1095 wollte. Dann sprang er schnell die Stefer
3655 964 6798 1317 daß ihr Chignon herabgefallen drohe, worauf die
410 964 3590 1288 hinunter, und nahm den Weg xxx
3676 1120 6868 1489 betreffende allsogleich im Gewühle verschweit
320 1157 3598 1407 wo das Mädchen und ihren Begleiter verschwim¬
3700 1300 6818 1584 den war, als Arthur den beiden collegial
324 1305 3602 1575 den war doch plötzlich blieb er bei einem Baum¬
3713 1465 6872 1756 auf die Schulter schlug, und sich in sehr
402 1452 3647 1793 stehen, da beide eben, ohne ihn zu sehen vorüber
3713 1604 6831 2002 gnädiger und gmürter kaum erkundigte
336 1649 3573 1969 kamen und er deutlich bemerkte, wir
4816 1834 5305 1969 Korn
3733 1830 6868 2170 oben Ilka Gries und Mathilde Herbstlich
373 1805 3598 2170 sich der Jung junge Mann auf die herabbrügte,
3729 1957 6802 2359 dapewesen sei, wo sich Berthold Gans
353 2014 3479 2326 und ihre Arme sich zärtlich um seinen
1891 2076 3643 2334 Herr Lippe fanden sich, und bleiben
3717 2154 6810 2511 und a sich endlich Moriz Smig befieder
2621 2232 3385 2355 gekehrte
1953 2236 2326 2367 hatt
353 2240 3573 2523 Hals schloßen. Einige Bekündig an einander gespreßt.
3725 2306 6818 2609 doth er wartete die Antworten nicht ab,
361 2388 3614 2617 Wie von einer Zakter gestochen rante der
341 2482 3598 2773 pung. Calke fort, and er wußte selbst
3741 2507 6925 2843 da er sich sogleich zu dem eben hinzu gebenen
3733 2650 6786 3065 Sie ich wirdt und sich für einige zeit
476 2667 3565 3011 später nicht davon, wo er d überall
3758 2864 6937 3163 von seiner Collegio vorabschiedet. Seine
439 2851 3590 3200 gewesen war bis er endlich kurz vor eilf
443 3069 3676 3364 Ihr Nachts nach Hause kam und sich körper
3799 2987 6913 3376 Intimus erzählte er sogleich seines Jentiges
3746 3188 6900 3516 Erlaubnis, worauf ihn jener mit der Nach¬
464 3171 3573 3545 lich und seelisch ermüdet auf das Telle
3766 3385 6925 3733 nicht beglückte, daß er Herrn Professor
464 3421 1112 3676 warf.
3803 3536 6781 3836 gelke mit der „theuersten Estoella“
480 3561 3647 3840 Orther hatte sich inzwischen zu seinen Collegen
3778 3758 5239 3926 abwerkt von denselben
3778 3680 6900 3996 erblickt habe. Die Allgemacht
2494 3688 3540 3930 Dr A. bal
6400 3844 6950 3984 soe sich
2113 3766 2490 3926 über
496 3741 2133 4082 gefunden, die sich bald
2490 3811 3581 4025 Hann und weiserhof
2113 3901 2490 4066 xx
3774 3906 7003 4295 bezug darauf höchst Erwölz und xxx
414 3967 3590 4193 über jene Dame eine Roitik erlautten
6182 4016 7032 4324 EdlegeGahrlicher
435 4057 3590 4443 eine Vorrecht der Gymnasiasten, das
