7384 4808
5471 148 5763 309 37
2174 148 2426 362 36
3755 218 7153 610 Oh, ich habe Sie sehr in Verdacht — es sind sehr viel
170 283 3642 632 merkt zu haben, bis jetzt sage ich. Denn
3746 479 5228 771 schöne Damen oben.
213 510 3620 836 ich gebe die Hoffnung nicht auf, nicht das
3781 636 7231 880 desto besser erwiderte Küste mit einem höflichen
279 693 3502 976 Gegentheilsagen zu können. Wenn Sie
3812 802 7188 1124 ken. „Wehmen Sie mir diese Worte nicht
244 880 3642 1167 mir aber ohne mich zu lieben, einen Gefallen
3777 993 5881 1303 über setzte er dann hinzu.
253 1037 3507 1364 thun wollen - der Ihnen durchaus nicht
3825 1224 7223 1472 „derisäus nicht - doch wie darfig Sie nennen,
353 1220 3515 1529 schwer ankomen wird – wollen Sie?
3794 1350 4875 1664 mein Herr P.
344 1390 3550 1703 Nun, lassen Sie doch hören leipelte Talma¬
3799 1507 7175 1821 „ Mich - Kalt, und meinen Freund“ - Gegert
327 1551 3572 1899 So führen Sie mich, wie auch diesen Herrn
3764 1695 7170 1921 „Und was führt Ihren Freund in die Tinkman¬
244 1734 3598 2052 meinen Freund - Sie sehen, er ist Feuerrot.
3786 1869 6743 2152 riana - doch das ist wohl Geheimnis?
244 1908 3585 2143 in der Liekmansiana im, mit stellen Sie
6813 1864 7210 2156 wollständig
3829 2021 7179 2348 Ganz richtig antwortete Kuhle, der sich gein
248 2074 3598 2409 nes der Gesellschaft wenn ich Sie bitte.
3764 2191 7201 2527 in seine Rolle gefunden hatte. Doch wenn es
261 2265 3624 2514 darf, als zwei junge, reiche Sonderlinge
3794 2387 7218 2675 Ihnen angenehmen ist“ setzte er höflich hinzu
322 2444 3616 2740 vor, d - - doch Sie schien lathen
2893 2592 3258 2744 sagen
3764 2548 7201 2797 indem Sie er ihr höflich der Arm reichte und
318 2618 3629 2884 zu wollen, mein Frau lein brager plötzter
5345 2718 5920 2866 gelieder
3794 2736 7236 3010 seinem Freien einen Rippenstofs versetzte, um
357 2788 3598 3023 zu Talena, die schnell antwortete
3773 2936 7218 3215 ihn dadurch aufzufordern, : Talmach andere
531 2958 3585 3258 Ich lache zwar über Ihre sonderbar¬
3764 3080 7266 3372 Arm zu nehmen. Dies that Falke auch, indem
353 3132 3629 3468 die, nichts destoweniger bin ich gern.
3777 3254 7153 3546 er Einverrot wurde und einige u überstand
340 3350 3529 3664 bereit. Und ist es wirklich nur die
3751 3463 5768 3746 liche Worte statterte.
318 3502 3550 3773 Leute zu mir, die Sie dazu antreibt
6186 3502 6757 3759 breite
3877 3633 7227 3916 Die drei neuen Bekannten stiegen die Treppe hinauf
296 3655 3581 3886 in die Finkmansiana zu treten?
3812 3794 7144 4091 und, als sie oben angelangt waren, öffent¬
331 3847 3550 4186 Gerichs; ich sehr um Gelegenheit, Sie zu
3834 3969 7249 4348 ein Lakai mit einer tiefen Verbeugung der Für¬
327 4069 980 4374 sehen.
