7784 4920
5700 160 5894 435 1e
2409 359 2582 519 14
6100 338 6729 608 das heißt
4105 384 7307 899 komische Frage-Matürlich-saget ist kann ich
5700 671 6282 831 ter einer
586 624 3869 937 etwas befremdet war, und nicht gleich wußt, wie ich.
4012 679 6623 987 immer nur eine Sießim Monat.
620 827 3814 1164 mich Ihnen gegenüber benehmen sollte. Ich auch
3974 856 6501 1274 " Gottloser" scherzte Falke.
4181 983 7286 1430 Lachen Sie nicht; es ist ganz mein Ernst.
603 991 3843 1333 des Gesprächs erfuhr ich, sie sei die Fünfzese¬
4168 1152 7311 1569 Und verzweifelt dann die Betreffende
700 1152 3919 1519 Höhrige neuengagirte träpödin Schönspelerin
4020 1342 7328 1717 nicht, wenn Ansicht schnell verlassen?
645 1337 3881 1679 des Stadttheater Hermine Reise, so leichter¬
4210 1574 7400 1987 Stein! Durchaus nicht - hochstens einen Tag
650 1527 3940 1860 klärlichwart sie ist durch Katharina Bank
705 1700 3839 1941 in die Sinkman siange eingeführt worden.
4020 1848 4531 2084 long.
650 1877 3890 2198 nur dadurch gereizt, daß ihre sie schon
4130 1890 6556 2282 Und war ist jetzt die Glückliche?
4210 2050 7450 2413 Bis zum ersten Mai Albertina
709 2038 3928 2350 viel davon weder gehört habe - nun aber
675 2232 3421 2527 habe sie ganz entsetzliche Furcht -
4126 2287 6117 2611 Tommen vom Balletcorgs"
675 2371 3907 2666 „Furcht“? Prof. Friedel-Dazwischen, „Fürcht¬
4215 2502 5126 2738 Und dann?
4252 2565 7463 2991 Nach unbestimmt! Der Zufall soll entscheiden:
700 2578 3932 2890 vor Herren und Dunkelheit? Wird sich legen?
4096 2772 7366 3147 " xxx Albertine schon, daß Sie sie so bald
662 2742 2978 2991 Warten Sie nur - in einem Jahr
3282 2810 3915 3042 i unterfolte
852 2898 3961 3215 Übrigens sol' ich mich trefflich mit ihr
5058 2936 7176 3278 sie weiss ihr sogar übrigens
4134 2953 6045 3295 verlassen werden!
4126 3075 7383 3442 „Ja wohl, Wir haben sogar immer so
776 3088 3940 3392 Fuger Folke fort, „ u. in einem Schluße küßten
4134 3240 7429 3645 genialen Plan aus gesponnen - daß
730 3253 3970 3565 ich ihr die Hand - sie war sehr freundlich -
721 3405 3683 3734 „Und Exwella! Fiel Findet dazwischen.
4151 3447 6902 3839 Sie ganz erstammtlich werden.
852 3594 3974 3919 Sie meinen doch nicht -? Doch nur mit wenig
4185 3734 4565 3945 Muel.
4164 3742 7446 4139 Wir nacher am ersten Mai eine Land¬
709 3784 2417 4080 waren Sie zusammen!
4189 3860 7543 4396 partie – Albertine und ich. Wir überlassen
878 3978 1510 4265 Mit ihr.
4160 4101 7564 4628 es dem Zufall, dass er seiner
907 4020 3894 4341 Ah! - mit ihr! es gibt also schon eine
831 4278 3582 4653 ganz bestimmte Sie für Sie?
