7864 4888
610 401 3643 793 Etwa=dieses" sagte er, herumblätter di
196 503 468 819 Jch
236 730 481 953 Wm
272 722 3434 1113 er kaum hatt ich dich das erste Mal gesehn
748 949 3238 1296 So war mirs eigentümlich um das Ver¬
726 1073 3795 1479 Bald war es Wahn, bald Lust, bat d Schmerz¬
686 1296 3830 1670 Erlauben Sie, Herr Strohmüller unterbrach
356 1381 534 1617 be
619 1461 3608 1853 ihr hier Talma, wieß war es Wohn?
655 1630 3812 1964 2 Mahn nun, wissen Sie das ist ein dunkles
704 1830 3835 2111 Wirt, das man überall hieselzen kann,
601 1955 3888 2343 immer passtes – doch sich da - ich weisß denkeine
1505 2120 3973 2481 - Ge-kicher! Ich spreche nemlig
606 2254 1519 2534 auf sicher
330 2173 539 2472 on
664 2374 3968 2628 von Ihrem lieblichen Geküher, Fräulein Talma,
664 2485 3924 2815 und vergleiche das selbe in einer später¬
655 2708 3942 3020 Kroppt mit einer Angril und mich mit
726 2890 3465 3211 einem Tisch, da sich darin gefängten hat.
699 3024 3991 3331 daß muß reizend sein, sagte Glatz erschick
739 3198 3942 3603 plötzlich eine Steue, als dessen Inhaber
748 3425 3924 3741 Talma allsogleich mit freudig im Lächeln
730 3594 3661 3937 den reichen Sonderling Kalt erkannte.
739 3817 4017 4102 Ströhmüller wandte sich fast erschrocken um, als
690 3915 3991 4249 er hierauf die Blicke sah, welche sich die beiden
726 4089 3959 4552 zusandten, wird es ihm abwechselnd heiß
4169 214 7589 615 und kalt, und es sich ihm er ahnte etwas, und
4311 494 6400 815 steckte schnell sein Heft ein,
4396 601 7616 931 Lassen Sie sich nicht stören beschwichtigte kehle.
4387 864 6489 1171 Oh - ich bitte "sagte Strohmüller.
4320 993 6489 1292 "Lesen Sie mir weiter vor!"
4338 1162 7576 1496 Strohmüller wurde feierrot u löschte die kurze
4276 1363 7687 1661 aus, damit man seine Verlegenheit nicht bemerkt
4320 1581 7464 1799 Dann stürzte er schnell in ein andres Zeuer.
4333 1675 7607 2058 Kühle setzte sich nun rasch zu Tasina, die sich in
4289 1920 7081 2205 eine Ecke des Sophs gesetzt hatte.
4325 2049 7660 2383 kein schlechter Einfall von diesen Herrn, das
4356 2214 7678 2565 Licht auszulöschen, "bemerkte Kuhle". Sie "Schkom¬
4151 2423 7732 2703 dan nicht sehen, wie Sie rot werden, wenn ich du küssi¬
4276 2614 6382 2917 Jalina stand schnell auf.
7171 2641 7367 2988 P
4285 2770 7064 3086 Was fällt Ihnen ein! rief sie aus
4289 2984 7696 3282 Oh nichts! Ich will Sie nur bestrafen für Ihre
4320 3158 6008 3461 Rokettern und Ihre
4378 3336 5603 3621 Wie, wofür?
4374 3478 7750 3755 Weiß ich doch das Wort selbst nicht Esisterem
4320 3661 7696 4026 gir als Leichtfertigkeit und mehr als
5777 3919 6066 4080 *
4333 3888 5576 4151 koketterie.
4463 4026 6378 4378 das ist sehr deutlich?“
