7935 4824
2418 131 2610 344 56
687 356 3776 724 den wir uns daher zu den beiden uns wohltekau¬
712 606 3764 900 Gestalten, welche soeben Miene machen,
736 777 3772 1080 am einem Tische niederzulassen. Die eine Ges-
659 949 3768 1260 istuns wohlbekannt. Es ist die Hermann der
671 1133 3764 1411 welcher am Arme seine Geliebte, Albertine
687 1293 3416 1616 Komen führte. Er sahnt auf die Uhr.
659 1477 3801 1784 „Es ist sehr Zeit sprach er.“ Sich zu, daß dud.
732 1645 3780 1964 verliebst.- Oh, was schich! Seit diesen Wort
712 1841 3797 2054 trat er zu talk, den er aber bemerkte.
663 1988 3817 2267 „Wie gehts, mein lieters? Dieser wies auf Ehefrau
614 2181 3821 2467 Dieses hatte ihre selicke auch her gewendet, und ver¬
700 2332 3813 2643 Fiedel durch ein leichtes kopfnicken, und
728 2524 3805 2774 trat zu Albertine tomen, welcher sie freund¬
646 2680 3698 2970 die Hand reichte. Nelke sast allein vor
671 2868 3801 3175 seinen, Glos bier und sah hinster vor sich
581 3019 3015 3302 hin, da er schallte die Stimme Liedel's
2426 3199 2708 3326 zwei
700 3183 3756 3486 Wy mars, wie man die Tische alle zu
651 3383 3801 3658 sammenrückte. Hr, Kelbier. Rück¬
1596 3551 1821 3674 Dei
659 3551 3805 3850 Sie mal die zwei Tische da zu sammen
618 3739 3793 3973 Von allen wurde dies Anerbauen
683 3907 3772 4251 Freundlg angenommen. Nun began¬
675 4071 2148 4386 die Vorstellungen
4214 548 5593 871 4 Fräulien kommen.
4329 765 5486 1027 Herr Tiedel!
4198 929 5863 1207 " Träulein Estatla
5188 1084 6260 1354 Herr Gepet"
4198 1117 4967 1338 „ Herr Ta.
4181 1268 5114 1546 ist vor Kalt,
4185 1436 5274 1714 „ Herr Stelke.
4251 1546 7516 1849 Eine Einige Vertupung wurde xxx
4214 1735 7000 1931 den schnell abgetsam, und von
4181 1894 6648 2177 nach den ersten baldheitete
4288 2087 7442 2348 sich zwischen den sechsen eine animerteres
4202 2234 5302 2532 Gespräche
4222 2271 6742 2663 „Was sogarütig zu dem Walter heute?
4234 2545 5360 2803 began Tiegel.
4378 2598 6280 2999 Gottnold sprach Estcellare
4402 2843 7417 3150 Übrigens findt ich wahrhaftig, daß wir ein
4271 3007 7434 3330 geistreichers Gespräch bey führen könnten
4210 3187 5355 3486 mente kühle.
4214 3248 7499 3637 Albertine Hütterte Fiedel seiner Ex- Geliebten
4247 3498 5908 3793 zu. Du hast Auswahl.
5900 3658 7360 3936 erwiderte sie denso
4251 3678 5781 3997 2 Ichseh mich eben um
4255 3854 4762 4104 leise.
4312 3911 7426 4206 Tiedel nahm Falke einen Augenblick bei Seite
6857 4149 7332 4386 Ostrella
4329 4161 6738 4431 Sie verzeihen wohl, wenn ich heute
