7304 5048
291 458 6985 982 Mädchengesionate stecken werden die frischen Freund zu Leiten und du Teilchen scheinen beinahe abzufallen - gründ¬
4046 425 4496 766 sideng
3613 824 4562 1124 gütiger Gimmel.
308 857 3513 1182 gesteckt; irgend eine alte Gepe trägt in einem
3671 891 6985 1290 Jaga" bestätigte der Nachbar.“ (s ist unglaublich“.)
3680 1082 6885 1407 Nein ungläublich ist es nicht, aber unverschämt¬
291 1041 3596 1415 Geldbergwerk Pysik vor und Rubersahl ist vielleicht
3680 1199 7026 1557 Schauen Sie jetzt hin - sie küsst den Norbert. Ohrh!
316 1265 3571 1573 Schulinspector!! Ach und wie merkwürdig muß es
3705 1415 7018 1782 Zur selben Zeit Bei diesem Kust ärgerte sich aber
300 1390 3480 1682 aussehen, wenn ein jugendlicher Geom mit der
3655 1590 6885 1906 nicht allein der Kanzleirat, sondern die ganze
316 1615 3563 1931 Schultasche auf dem Stücken durch die langen Gäge
216 1740 3555 2040 in den Tiefen der Erde ins Gymnasium geht und
3638 1757 6793 2115 Familie Falke. Fritz, der Berggeist presste
3663 1898 6985 2348 hinter den Coulissen die Lippen zusammen und
241 1940 3596 2206 dabei einer liebenswürdigen Elfe gedenkt, mit
3638 2098 7043 2498 drehte sich um; Ortsur, der auf der Gallerie thronte,
291 2090 3596 2389 der er gestern in der voorschete bekant gevorden.
3671 2281 6935 2697 Flusterte seinem Nachbar Sonnig zu: "Ich habe
341 2323 3555 2756 Da ich bin Student und ich liebe dich“ sagte der
3746 2498 5378 2830 Franz noch nicht geküsst.“
3230 2581 3530 2747 lieb
3763 2489 7085 2980 Dieselielte Fann hatte er noch nicht geküsst! Seerspähle
333 2647 3513 2914 Berggeist und die Kriegessin sich sei u.
3688 2789 6993 3114 ihn eben vom inar 3. Stock = Lage aus, wo sie mit
308 2806 3605 3114 die Augen. Eine Glocke erscholl. Entewohl?
3721 2964 6985 3322 ihren Hältern und den beiden Kränglein saß. Sie
375 2972 3422 3338 Flusterte die Prinzessin, ich muß auf die
3721 3139 6976 3496 hatt gestern Abend Glück gehabt. Sie kehrt
375 3180 3638 3422 bühne. Wie sie jetzt auf die Bühm trat.... Äußert
3738 3322 7068 3696 noch vor Ankunft ihrer Eltern zurückgekehrt
300 3347 3338 3638 im Mann im Parterre zu seinem Nachbar.
3854 3405 4237 3580 geradt
3713 3505 7043 3913 und hatte gesagt, sie sei mit einer Schulcollegie
350 3505 2872 3813 er kann, was sagen Sie dazu? Unglaublich
3755 3630 7151 4046 gewesen, da sie es aus tas geweile nicht ausgehal¬
441 3588 3630 4021 Sie meinen, die Ducolletage? "fragte der Nachtar
3788 3863 6926 4229 Nach dem obligaten Spektabl folgte, eine
450 3921 1032 4146 treilich!
3796 3954 7176 4437 schnelle Verhöhnung. Ortsur sah frem auch hinob¬
433 3913 3546 4379 Sie haben: Recht, unglau Blich. O weh, & weh; jetzt
3771 4179 7043 4579 da ist auch sagte er ja Morig. Am Ende ist
391 4229 3605 4487 diese andern Fallerinnen, die sereinlangen, wie
425 4362 3605 4745 sie Hüpfen die büchen springen in die Höhe.
