7224 4824
258 217 646 500 3/12
3633 387 6941 767 Und man mußte es gestehen! Kann Strohmüller
287 471 3458 829 Manchmal best sie aber besagte Augenach
3604 642 6887 1008 sah gar nicht so übel aus. Seine weiße bevatz¬
325 712 3470 954 einen andern vis à vis sibzenden Mann blekzen,
3637 804 6991 1121 was geradige untadelhaft gebunden; ja selbst
250 879 3350 1192 was in dem jungen Studenten das ziemlich
3675 1025 6953 1342 sein Schwirrbart schien sich beider festlichen
250 1042 3391 1342 unbehagliche Gefühl der Eifersucht hervorwil¬
3666 1167 6953 1529 Geligenheit etwas erheitere zu wollen.
187 1225 3375 1479 In diesem vis a vis sitzenden Mann werden
3629 1312 6937 1617 und sein Frank die Rockschöße seines Joackes
279 1383 3504 1666 meine lieben feser, wenn ich ihnen erst gesagt
3937 1558 4362 1687 können
3720 1500 6937 1858 schienen in der fröhlichsten Stimmung zu sein,
333 1562 3558 1879 habe, unschwer Herrn wird Strohmüller erkenne.
3762 1679 6978 2054 wenn ihr liebliches hinunterlängeln von Herze
329 1741 3595 2037 dessen malancholisch herabhängender Verurrter¬
346 1933 3458 2200 schon im ersten Kapitel unser hervorra¬
3725 1950 4170 2137 kom.
3783 2050 7028 2371 Ja dieser Rockhöße! Das heißt; eigentlich
367 2100 3062 2400 gendes Interesse in Anspruch nahm.
3779 2154 6958 2504 der Frank, dem sie angehörten; dieser Frack.
379 2266 3566 2512 Wunderbar, daß dieser arme kommt u. tudvin¬
3770 2341 7033 2729 der hätte seines Geschichte, wenn auch in
3254 2429 3470 2541 omk
300 2441 3550 2741 geber in diese freie Gesellschaft kommt kam,
3754 2537 7070 2908 zu in unsere Tagen nicht seltene Geschichte
333 2612 3541 2925 sor ich etzliche verschiedene Inser zu sich sagen.
3741 2708 6908 3071 so doch eine Geschichte, auf die sich seine
333 2791 3400 3058 Gereicht wunderbar; denn der arme Körl
5654 2875 6241 3021 nicht wenig
3766 2883 7049 3225 schwarze Herrlichkeit anzulelden schien
333 2958 3441 3250 gibt den Söhnen des Grafen Pfahlhause
3808 3112 5387 3437 Sie ist schnell erzählt.
346 3137 3470 3429 Unterricht in Literaturgeschichte, und wenn man
3775 3275 7033 3529 Kund Strahmüller war einst verliebt, wie wir
304 3308 3558 3595 bedankt, daß sein Frank ungemein gingösant hin und
3783 3420 6991 3754 schon früher erwähnt haben. Rosalie Tischlich
333 3466 3483 3787 her wedelte, und die Maschhe Eheiner Cravate gerade
3804 3583 7037 3891 wir die Tochter eines Herrenschneiders und
333 3645 3445 3929 zu untadelhaft gebunden waren, wird man
3745 3770 6933 4070 mit dem Sohn einer Damenschneiderin
329 3829 3470 4154 finden, daß sein Außeres vollständig in dies¬
3770 3958 7058 4287 verlobt. Friedrich leberecht Christian Fischlich
329 3995 1937 4370 Gesellschaft pösste.
