3656 4616
2732 391 2847 645 P.
219 342 2410 668 Wie willst du mich den controlliren
2563 587 2859 833 das
2905 560 2986 798 to
154 579 2563 860 so bin? denn ich geb' dir der schaus nicht
165 771 1312 1028 ich zu Hause bleib.
180 933 3139 1170 der Conzleirath stand einen Augenblick syra
142 1101 3016 1370 Dann sagte ad. „Und das Dienstmädchen? Glau¬
138 1297 2882 1593 etwa, daß die mir verheimlichen wird,
111 1474 1915 1723 nach Hause gekommen bist?
138 1639 3204 1938 „Ja aber was willst du thun, Papa, wenn ich d.
265 1819 1151 2068 spapieren gehe.
1953 1988 2640 2230 Hr. Leni.
292 1992 1830 2276 So sperr ich dich ein! -
173 2222 2901 2391 Das sübsche Rubenmädchen erschien
292 2333 2986 2598 Der Fünge Herr wird um 9 Uhr vom
192 2506 3089 2763 in die Wohnung herauf geführt werden, dann
127 2702 3005 2974 Sie ihm das Nachtmahl ins Zimmer stellen
150 2851 3043 3108 Sie, und den Schlüssel abziehen, daß der
1389 3016 2786 3277 hat sie verstanden
134 3028 1224 3289 nicht davonläufte
177 3200 3262 3473 das Rubennnädchen nicht, und Arthur mach
165 3381 2349 3653 ein envoyant-resignirtes Gesicht
130 3557 2352 3818 Wo ist Fritz fragt der Tag
2418 3554 2717 3768 Denver
2702 3584 2840 3807 D'
219 3738 2249 4033 Nicht zu Hause erwidert, das
276 3907 1888 4179 Der Junge ist seht in
2003 3914 2383 4129 Stunde
326 4087 1712 4386 u rmelte der besorgte
