<?xml version="1.0" encoding="UTF-8" standalone="yes"?>
<PcGts xmlns="http://schema.primaresearch.org/PAGE/gts/pagecontent/2013-07-15" xmlns:xsi="http://www.w3.org/2001/XMLSchema-instance" xsi:schemaLocation="http://schema.primaresearch.org/PAGE/gts/pagecontent/2013-07-15 http://schema.primaresearch.org/PAGE/gts/pagecontent/2013-07-15/pagecontent.xsd">
    <Metadata>
        <Creator>prov=READ-COOP:name=TrHtr:version=2.1.0:model_id=51170:date=14_08_2023_23:18</Creator>
        <Created>2023-05-10T14:33:11.671+02:00</Created>
        <LastChange>2023-08-14T23:18:49.411+02:00</LastChange>
        <TranskribusMetadata docId="1428640" pageId="55421615" pageNr="52" tsid="132830446" status="IN_PROGRESS" userId="64420" imgUrl="https://files.transkribus.eu/Get?id=DOZHQYIOTRZOTMYGEITEAUNO&amp;fileType=view" xmlUrl="https://files.transkribus.eu/Get?id=QQRYJNQSESKAYHOQVLXPVITX" imageId="44695697"/>
    </Metadata>
    <Page imageFilename="1428640_0052.jpg" imageWidth="7176" imageHeight="4808">
        <ReadingOrder>
            <OrderedGroup id="ro_1711817949067" caption="Regions reading order">
                <RegionRefIndexed index="0" regionRef="tr_1"/>
            </OrderedGroup>
        </ReadingOrder>
        <TextRegion id="tr_1" custom="readingOrder {index:0;}">
            <Coords points="334,576 7074,576 7074,4215 334,4215"/>
            <TextLine id="tr_1_tl_1" custom="readingOrder {index:0;}">
                <Coords points="3684,708 3854,708 3946,795 4088,703 4758,674 4841,758 5007,691 5107,774 5507,649 5511,516 5345,450 5128,420 4529,516 4379,445 3959,458 3884,383 3696,379"/>
                <Baseline points="3710,703 3728,703 3817,697 3907,691 3996,686 4086,680 4175,680 4265,674 4354,668 4444,662 4533,656 4623,656 4712,656 4802,662 4891,656 4980,656 5070,656 5159,650 5249,638 5338,638 5428,632 5517,626"/>
                <TextEquiv>
                    <Unicode>Weise aus dem Gesicht.</Unicode>
                </TextEquiv>
            </TextLine>
            <TextLine id="tr_1_tl_2" custom="readingOrder {index:1;}">
                <Coords points="1507,770 1719,791 1961,720 2181,824 2368,720 2535,691 2543,466 2410,470 2352,512 2102,445 1748,475 1561,595 1515,587"/>
                <Baseline points="1533,709 1562,703 1652,709 1741,715 1831,715 1920,715 2010,715 2099,709 2189,709 2278,703 2368,691 2457,680 2547,674"/>
                <TextEquiv>
                    <Unicode>Sechates Capitel</Unicode>
                </TextEquiv>
            </TextLine>
            <TextLine id="tr_1_tl_3" custom="readingOrder {index:2;}">
                <Coords points="3692,924 5661,808 6448,912 6564,808 6685,899 6922,774 6926,616 5320,666 5116,774 4978,678 3971,812 3696,728"/>
                <Baseline points="3716,876 3799,870 3889,870 3978,864 4068,858 4157,853 4247,847 4336,841 4426,841 4515,835 4605,829 4694,835 4784,835 4873,835 4963,829 5052,829 5142,823 5231,817 5321,817 5410,817 5499,811 5589,805 5678,805 5768,799 5857,799 5947,799 6036,793 6126,787 6215,781 6305,781 6394,775 6484,769 6573,769 6663,769 6752,763 6842,763 6931,757"/>
                <TextEquiv>
                    <Unicode>den 13. April. Mai darstehe ich freilich mehr</Unicode>
                </TextEquiv>
            </TextLine>
            <TextLine id="tr_1_tl_4" custom="readingOrder {index:3;}">
                <Coords points="1719,966 2135,907 2435,1011 2672,907 3030,920 3030,783 2872,708 2776,778 2389,716 2160,841 1956,716 1723,762"/>
                <Baseline points="1747,882 1783,876 1873,876 1962,870 2052,870 2141,870 2231,876 2320,870 2409,870 2499,870 2588,876 2678,870 2767,870 2857,864 2946,858 3036,853"/>
                <TextEquiv>
                    <Unicode>Im Vollgarten</Unicode>
                </TextEquiv>
            </TextLine>
            <TextLine id="tr_1_tl_5" custom="readingOrder {index:4;}">
                <Coords points="3700,1111 4054,1024 4262,1145 4679,1003 5532,1091 6523,945 6843,1016 6851,820 3705,945"/>
                <Baseline points="3722,1061 3811,1049 3901,1037 3990,1031 4080,1026 4169,1020 4259,1014 4348,1014 4438,1008 4527,1008 4617,1002 4706,1002 4796,1002 4885,1002 4975,996 5064,996 5153,996 5243,990 5332,990 5422,984 5511,984 5601,972 5690,972 5780,972 5869,972 5959,966 6048,960 6138,960 6227,954 6317,948 6406,948 6496,936 6585,930 6675,930 6764,918 6854,912"/>
                <TextEquiv>
                    <Unicode>als früher. Ich bemerkt seit einiger Zeit</Unicode>
                </TextEquiv>
            </TextLine>
            <TextLine id="tr_1_tl_6" custom="readingOrder {index:5;}">
                <Coords points="3671,1295 4862,1190 6206,1261 6481,1149 6697,1232 6951,1153 6960,949 5940,1091 4645,1016 4262,1141 4067,1024 3680,1111"/>
                <Baseline points="3698,1216 3746,1210 3835,1210 3925,1204 4014,1199 4104,1199 4193,1193 4283,1193 4372,1187 4462,1187 4551,1187 4640,1181 4730,1181 4819,1175 4909,1169 4998,1163 5088,1163 5177,1163 5267,1163 5356,1163 5446,1157 5535,1151 5625,1151 5714,1139 5804,1139 5893,1133 5983,1127 6072,1127 6162,1127 6251,1121 6341,1115 6430,1115 6520,1109 6609,1109 6698,1103 6788,1103 6877,1097 6967,1103"/>
                <TextEquiv>
                    <Unicode>auf der Galler im Parterre, so oft sie langte</Unicode>
                </TextEquiv>
            </TextLine>
            <TextLine id="tr_1_tl_7" custom="readingOrder {index:6;}">
                <Coords points="3705,1424 5499,1344 5778,1424 6939,1311 6947,1157 4995,1295 4853,1195 4262,1324 3709,1253"/>
                <Baseline points="3728,1395 3817,1389 3907,1383 3996,1377 4086,1372 4175,1372 4265,1372 4354,1366 4444,1360 4533,1360 4623,1354 4712,1354 4802,1348 4891,1342 4980,1342 5070,1342 5159,1336 5249,1336 5338,1336 5428,1330 5517,1324 5607,1318 5696,1318 5786,1318 5875,1318 5965,1312 6054,1312 6144,1306 6233,1300 6323,1294 6412,1294 6502,1294 6591,1288 6681,1282 6770,1282 6860,1288 6949,1294"/>
                <TextEquiv>
                    <Unicode>einen jungen Mann. Wenn sie herausgerufen</Unicode>
                </TextEquiv>
            </TextLine>
            <TextLine id="tr_1_tl_8" custom="readingOrder {index:7;}">
                <Coords points="3692,1615 4096,1673 4254,1553 5070,1615 5586,1507 6248,1590 6364,1482 6943,1486 6947,1324 6090,1307 5786,1461 5116,1349 3696,1478"/>
                <Baseline points="3716,1556 3734,1556 3823,1550 3913,1545 4002,1539 4092,1533 4181,1527 4271,1527 4360,1533 4450,1527 4539,1521 4629,1521 4718,1521 4808,1515 4897,1515 4986,1515 5076,1515 5165,1509 5255,1509 5344,1509 5434,1509 5523,1503 5613,1497 5702,1497 5792,1491 5881,1491 5971,1485 6060,1479 6150,1473 6239,1473 6329,1461 6418,1461 6508,1461 6597,1461 6687,1455 6776,1461 6866,1461 6955,1461"/>
                <TextEquiv>
                    <Unicode>und führ ihre Leistungen mit Applausüter</Unicode>
                </TextEquiv>
            </TextLine>
            <TextLine id="tr_1_tl_9" custom="readingOrder {index:8;}">
                <Coords points="3688,1848 4142,1732 4679,1848 4928,1707 5162,1777 5544,1673 6493,1769 6939,1694 6947,1490 5057,1619 4246,1553 4088,1677 3950,1573 3696,1677"/>
                <Baseline points="3716,1735 3734,1735 3823,1735 3913,1729 4002,1723 4092,1717 4181,1712 4271,1712 4360,1706 4450,1700 4539,1694 4629,1694 4718,1694 4808,1688 4897,1694 4986,1688 5076,1694 5165,1688 5255,1688 5344,1682 5434,1676 5523,1670 5613,1664 5702,1664 5792,1664 5881,1658 5971,1658 6060,1652 6150,1646 6239,1640 6329,1640 6418,1634 6508,1628 6597,1628 6687,1628 6776,1628 6866,1628 6955,1628"/>
                <TextEquiv>
                    <Unicode>schuttet Rüsse in J. Parterre wirft, ich feh¬</Unicode>
                </TextEquiv>
            </TextLine>
            <TextLine id="tr_1_tl_10" custom="readingOrder {index:9;}">
                <Coords points="3730,1948 3975,2040 4296,1898 4983,1994 5757,1856 5982,1965 6194,1844 6814,1827 6818,1640 6523,1765 5532,1677 5170,1815 4924,1707 4679,1844 4008,1748 3734,1869"/>
                <Baseline points="3752,1920 3781,1914 3871,1908 3960,1896 4050,1896 4139,1890 4229,1885 4318,1885 4408,1885 4497,1885 4587,1879 4676,1873 4766,1873 4855,1867 4945,1867 5034,1861 5124,1861 5213,1861 5303,1861 5392,1861 5482,1855 5571,1849 5661,1843 5750,1843 5839,1837 5929,1831 6018,1825 6108,1819 6197,1813 6287,1813 6376,1807 6466,1801 6555,1801 6645,1801 6734,1789 6824,1795"/>
                <TextEquiv>
                    <Unicode>er genau, fliegen diese Küsse immer</Unicode>
                </TextEquiv>
            </TextLine>
            <TextLine id="tr_1_tl_11" custom="readingOrder {index:10;}">
                <Coords points="3742,2127 3954,2202 4196,2073 4317,2169 4504,2069 4916,2148 5103,2040 6868,2015 6931,1902 6398,1827 5982,1961 4724,2010 4504,1890 4067,2035 3746,1973"/>
                <Baseline points="3764,2087 3799,2081 3889,2081 3978,2075 4068,2075 4157,2069 4247,2063 4336,2058 4426,2052 4515,2046 4605,2046 4694,2046 4784,2046 4873,2040 4963,2034 5052,2034 5142,2034 5231,2034 5321,2028 5410,2028 5499,2028 5589,2022 5678,2022 5768,2016 5857,2010 5947,2004 6036,2004 6126,1998 6215,1998 6305,1992 6394,1992 6484,1986 6573,1980 6663,1974 6752,1968 6842,1968 6931,1974"/>
                <TextEquiv>
                    <Unicode>auf diesem jungen Mann. Und richtig</Unicode>
                </TextEquiv>
            </TextLine>
            <TextLine id="tr_1_tl_12" custom="readingOrder {index:11;}">
                <Coords points="383,2185 3213,2065 3542,2144 3542,1948 383,2027"/>
                <Baseline points="405,2105 417,2105 507,2105 596,2099 686,2099 775,2093 864,2093 954,2093 1043,2093 1133,2093 1222,2087 1312,2087 1401,2087 1491,2093 1580,2087 1670,2087 1759,2087 1849,2087 1938,2093 2028,2093 2117,2093 2207,2093 2296,2093 2386,2093 2475,2087 2565,2087 2654,2081 2744,2081 2833,2081 2922,2081 3012,2081 3101,2081 3191,2075 3280,2069 3370,2069 3459,2069 3549,2075"/>
                <TextEquiv>
                    <Unicode>In seinem Zimmer saß in Gedanken versunken Frd. Falk</Unicode>
                </TextEquiv>
            </TextLine>
            <TextLine id="tr_1_tl_13" custom="readingOrder {index:12;}">
                <Coords points="3700,2294 4033,2260 4158,2368 4462,2231 5657,2285 6044,2194 6352,2289 6868,2181 6872,1990 6523,2131 5653,2023 4799,2173 4308,2169 4217,2073 3950,2202 3705,2156"/>
                <Baseline points="3722,2242 3746,2242 3835,2242 3925,2242 4014,2236 4104,2236 4193,2231 4283,2231 4372,2231 4462,2225 4551,2225 4640,2225 4730,2225 4819,2219 4909,2213 4998,2207 5088,2201 5177,2195 5267,2195 5356,2195 5446,2189 5535,2195 5625,2189 5714,2183 5804,2183 5893,2183 5983,2177 6072,2171 6162,2171 6251,2165 6341,2165 6430,2159 6520,2159 6609,2153 6698,2153 6788,2147 6877,2147"/>
                <TextEquiv>
                    <Unicode>wie ich sie erwarte, steht heute auch der</Unicode>
                </TextEquiv>
            </TextLine>
            <TextLine id="tr_1_tl_14" custom="readingOrder {index:13;}">
                <Coords points="383,2306 674,2398 808,2302 999,2414 1199,2294 1307,2377 1457,2269 1540,2352 2239,2285 2439,2406 2830,2269 3534,2289 3534,2164 3201,2081 1998,2214 774,2127 383,2239"/>
                <Baseline points="405,2296 411,2296 501,2284 590,2284 680,2278 769,2278 858,2272 948,2272 1037,2272 1127,2272 1216,2266 1306,2266 1395,2266 1485,2272 1574,2272 1664,2272 1753,2272 1843,2272 1932,2272 2022,2272 2111,2272 2201,2272 2290,2272 2380,2272 2469,2272 2559,2260 2648,2260 2738,2260 2827,2260 2917,2260 3006,2254 3095,2248 3185,2242 3274,2242 3364,2242 3453,2242 3543,2248"/>
                <TextEquiv>
                    <Unicode>vor ihm lag aufgeschlagen ein Notizlich, in das es</Unicode>
                </TextEquiv>
            </TextLine>
            <TextLine id="tr_1_tl_15" custom="readingOrder {index:14;}">
                <Coords points="3692,2435 4113,2535 4446,2414 5074,2481 5220,2398 5540,2498 6090,2356 6444,2427 6818,2306 6822,2194 6377,2289 5757,2214 5632,2302 5374,2206 4708,2331 4541,2235 4146,2377 4029,2256 3696,2294"/>
                <Baseline points="3716,2433 3787,2427 3877,2433 3966,2421 4056,2415 4145,2415 4235,2409 4324,2404 4414,2398 4503,2392 4593,2398 4682,2398 4772,2398 4861,2392 4951,2380 5040,2386 5130,2374 5219,2374 5309,2374 5398,2374 5488,2374 5577,2368 5666,2362 5756,2356 5845,2350 5935,2350 6024,2350 6114,2350 6203,2344 6293,2344 6382,2338 6472,2332 6561,2332 6651,2320 6740,2296 6830,2296"/>
                <TextEquiv>
                    <Unicode>Fraußte dort, spricht sie an, geht</Unicode>
                </TextEquiv>
            </TextLine>
            <TextLine id="tr_1_tl_16" custom="readingOrder {index:15;}">
                <Coords points="345,2498 645,2464 808,2581 1095,2473 1240,2581 1465,2460 2664,2531 3359,2431 3359,2319 2847,2285 2364,2402 1894,2294 1548,2356 1457,2269 1320,2389 1103,2327 999,2418 812,2314 345,2414"/>
                <Baseline points="369,2445 417,2451 507,2445 596,2445 686,2445 775,2445 864,2451 954,2451 1043,2451 1133,2445 1222,2451 1312,2451 1401,2445 1491,2451 1580,2445 1670,2445 1759,2445 1849,2445 1938,2445 2028,2445 2117,2451 2207,2445 2296,2445 2386,2439 2475,2439 2565,2433 2654,2427 2744,2427 2833,2421 2922,2421 3012,2415 3101,2409 3191,2404 3280,2404 3370,2404"/>
                <TextEquiv>
                    <Unicode>nur ungestraft Blicke werfen dürfen, eine</Unicode>
                </TextEquiv>
            </TextLine>
            <TextLine id="tr_1_tl_17" custom="readingOrder {index:16;}">
                <Coords points="3684,2631 4079,2697 4849,2572 5007,2693 5157,2581 5503,2656 6015,2510 6469,2597 6976,2518 6985,2244 6448,2427 6090,2356 5544,2498 4987,2406 4108,2535 3692,2435"/>
                <Baseline points="3710,2612 3764,2606 3853,2600 3943,2594 4032,2594 4121,2588 4211,2582 4300,2582 4390,2571 4479,2571 4569,2571 4658,2571 4748,2565 4837,2571 4927,2565 5016,2565 5106,2559 5195,2553 5285,2547 5374,2541 5464,2535 5553,2529 5643,2523 5732,2517 5822,2517 5911,2511 6001,2505 6090,2511 6180,2511 6269,2511 6358,2505 6448,2505 6537,2505 6627,2499 6716,2493 6806,2493 6895,2499 6985,2493"/>
                <TextEquiv>
                    <Unicode>mit ihr, u. ich komme zur Einsicht, daß</Unicode>
                </TextEquiv>
            </TextLine>
            <TextLine id="tr_1_tl_18" custom="readingOrder {index:17;}">
                <Coords points="400,2735 1136,2618 3517,2647 3521,2452 3218,2556 1590,2473 1236,2581 562,2468 400,2589"/>
                <Baseline points="423,2636 483,2630 572,2630 662,2624 751,2624 841,2624 930,2624 1020,2618 1109,2612 1199,2612 1288,2612 1377,2612 1467,2618 1556,2618 1646,2618 1735,2618 1825,2618 1914,2618 2004,2618 2093,2612 2183,2618 2272,2618 2362,2618 2451,2618 2541,2612 2630,2612 2720,2606 2809,2606 2899,2600 2988,2594 3078,2594 3167,2594 3257,2594 3346,2594 3435,2588 3525,2588"/>
                <TextEquiv>
                    <Unicode>Erlaubnis von der wir soweit es für unsre</Unicode>
                </TextEquiv>
            </TextLine>
            <TextLine id="tr_1_tl_19" custom="readingOrder {index:18;}">
                <Coords points="3713,2797 5170,2822 5757,2718 6327,2847 6989,2710 6997,2564 6002,2527 5719,2668 5303,2589 5003,2693 4858,2568 4683,2676 3721,2627"/>
                <Baseline points="3734,2773 3781,2773 3871,2773 3960,2773 4050,2761 4139,2761 4229,2755 4318,2761 4408,2755 4497,2749 4587,2744 4676,2744 4766,2738 4855,2732 4945,2738 5034,2738 5124,2738 5213,2732 5303,2732 5392,2720 5482,2720 5571,2714 5661,2714 5750,2702 5839,2702 5929,2696 6018,2690 6108,2690 6197,2690 6287,2690 6376,2684 6466,2678 6555,2678 6645,2678 6734,2678 6824,2678 6913,2684 7003,2678"/>
                <TextEquiv>
                    <Unicode>ich mit meiner im seligen Schürsterheit ein</Unicode>
                </TextEquiv>
            </TextLine>
            <TextLine id="tr_1_tl_20" custom="readingOrder {index:19;}">
                <Coords points="412,2822 624,2922 762,2818 1881,2818 2169,2926 2593,2806 2747,2910 3492,2818 3580,2656 2797,2631 2606,2726 2452,2627 1136,2618 412,2743"/>
                <Baseline points="435,2797 453,2797 542,2797 632,2797 721,2797 811,2797 900,2797 990,2797 1079,2791 1169,2791 1258,2791 1348,2791 1437,2791 1527,2791 1616,2791 1706,2791 1795,2791 1885,2791 1974,2797 2063,2797 2153,2797 2242,2791 2332,2791 2421,2785 2511,2791 2600,2785 2690,2779 2779,2773 2869,2779 2958,2773 3048,2773 3137,2779 3227,2779 3316,2773 3406,2773 3495,2773 3585,2773"/>
                <TextEquiv>
                    <Unicode>wahre und rührende Geschichte nötig ist, Gebrauch</Unicode>
                </TextEquiv>
            </TextLine>
            <TextLine id="tr_1_tl_21" custom="readingOrder {index:20;}">
                <Coords points="3688,2997 6781,2860 6926,2939 6931,2781 6735,2689 6156,2830 5424,2718 5049,2835 4903,2743 4520,2855 3692,2789"/>
                <Baseline points="3710,2946 3716,2940 3805,2940 3895,2946 3984,2946 4074,2940 4163,2940 4253,2934 4342,2928 4432,2928 4521,2922 4611,2922 4700,2917 4790,2911 4879,2911 4969,2911 5058,2911 5148,2911 5237,2905 5326,2905 5416,2899 5505,2899 5595,2893 5684,2887 5774,2881 5863,2869 5953,2863 6042,2863 6132,2863 6221,2863 6311,2863 6400,2863 6490,2863 6579,2857 6669,2851 6758,2851 6848,2851 6937,2857"/>
                <TextEquiv>
                    <Unicode>alles verderte habe. Warum habe ich</Unicode>
                </TextEquiv>
            </TextLine>
            <TextLine id="tr_1_tl_22" custom="readingOrder {index:21;}">
                <Coords points="387,2997 674,3097 862,2997 2473,3064 3080,2955 3338,3059 3496,3030 3501,2814 2726,2901 2431,2806 2152,2930 1881,2818 862,2818 387,2935"/>
                <Baseline points="411,2988 465,2982 554,2982 644,2982 733,2976 823,2970 912,2964 1002,2964 1091,2964 1181,2964 1270,2964 1360,2958 1449,2964 1539,2964 1628,2964 1717,2964 1807,2964 1896,2964 1986,2964 2075,2970 2165,2970 2254,2964 2344,2964 2433,2964 2523,2964 2612,2964 2702,2964 2791,2958 2881,2958 2970,2958 3060,2952 3149,2946 3239,2952 3328,2946 3418,2952 3507,2940"/>
                <TextEquiv>
                    <Unicode>machen werden. xxx als Fritzens Tagebuch¬</Unicode>
                </TextEquiv>
            </TextLine>
            <TextLine id="tr_1_tl_23" custom="readingOrder {index:22;}">
                <Coords points="3717,3193 4167,3114 4520,3209 4645,3118 4912,3222 5174,3076 6023,3051 6356,3163 6743,3068 6747,2897 3721,2985"/>
                <Baseline points="3740,3119 3799,3119 3889,3113 3978,3113 4068,3107 4157,3101 4247,3107 4336,3107 4426,3107 4515,3101 4605,3095 4694,3090 4784,3090 4873,3084 4963,3084 5052,3084 5142,3078 5231,3072 5321,3072 5410,3066 5499,3066 5589,3060 5678,3054 5768,3048 5857,3048 5947,3042 6036,3042 6126,3036 6215,3036 6305,3036 6394,3030 6484,3030 6573,3024 6663,3030 6752,3036"/>
                <TextEquiv>
                    <Unicode>sie nicht angesprochen? Ich dümmkopf!</Unicode>
                </TextEquiv>
            </TextLine>
            <TextLine id="tr_1_tl_24" custom="readingOrder {index:23;}">
                <Coords points="329,3234 1374,3143 1515,3243 1636,3155 2785,3234 3209,3134 3376,3218 3472,2993 2901,2964 2514,3080 1136,2997 687,3126 458,2985 329,3072"/>
                <Baseline points="351,3149 435,3149 524,3155 614,3155 703,3155 793,3149 882,3143 972,3143 1061,3137 1151,3143 1240,3137 1330,3137 1419,3137 1509,3137 1598,3137 1688,3137 1777,3137 1867,3137 1956,3143 2046,3143 2135,3143 2225,3143 2314,3137 2404,3137 2493,3131 2582,3131 2672,3131 2761,3125 2851,3119 2940,3119 3030,3113 3119,3107 3209,3107 3298,3113 3388,3113 3477,3107"/>
                <TextEquiv>
                    <Unicode>den 6. April. Ich habe sie gesehen, verfolgt und</Unicode>
                </TextEquiv>
            </TextLine>
            <TextLine id="tr_1_tl_25" custom="readingOrder {index:24;}">
                <Coords points="3692,3297 4795,3363 4916,3259 6781,3251 6981,3226 6985,3080 3696,3201"/>
                <Baseline points="3716,3280 3776,3286 3865,3286 3954,3286 4044,3286 4133,3280 4223,3280 4312,3274 4402,3274 4491,3268 4581,3268 4670,3257 4760,3262 4849,3257 4939,3251 5028,3245 5118,3239 5207,3239 5297,3239 5386,3239 5476,3233 5565,3227 5655,3227 5744,3221 5834,3221 5923,3221 6012,3215 6102,3215 6191,3209 6281,3209 6370,3203 6460,3203 6549,3203 6639,3197 6728,3191 6818,3191 6907,3185 6997,3191"/>
                <TextEquiv>
                    <Unicode>den 14. April. Ich war heute den ganzen Tag</Unicode>
                </TextEquiv>
            </TextLine>
            <TextLine id="tr_1_tl_26" custom="readingOrder {index:25;}">
                <Coords points="362,3347 674,3426 1078,3338 1274,3455 1532,3330 2581,3330 2835,3442 3467,3351 3472,3234 3205,3134 3001,3238 2244,3155 1611,3268 1428,3180 1307,3288 1124,3163 362,3293"/>
                <Baseline points="387,3322 435,3328 524,3328 614,3328 703,3328 793,3322 882,3322 972,3316 1061,3316 1151,3316 1240,3322 1330,3316 1419,3316 1509,3310 1598,3316 1688,3316 1777,3316 1867,3322 1956,3316 2046,3316 2135,3316 2225,3316 2314,3310 2404,3310 2493,3310 2582,3310 2672,3304 2761,3304 2851,3304 2940,3304 3030,3304 3119,3304 3209,3304 3298,3304 3388,3298 3477,3298"/>
                <TextEquiv>
                    <Unicode>vergebens. In einer dunkehr Seitenpasse, in</Unicode>
                </TextEquiv>
            </TextLine>
            <TextLine id="tr_1_tl_27" custom="readingOrder {index:26;}">
                <Coords points="3667,3480 4013,3567 4162,3455 6718,3455 7010,3422 7014,3238 3671,3384"/>
                <Baseline points="3692,3459 3710,3459 3799,3459 3889,3453 3978,3453 4068,3447 4157,3447 4247,3447 4336,3447 4426,3441 4515,3441 4605,3435 4694,3435 4784,3430 4873,3424 4963,3418 5052,3418 5142,3418 5231,3418 5321,3418 5410,3412 5499,3406 5589,3406 5678,3412 5768,3406 5857,3400 5947,3400 6036,3394 6126,3394 6215,3382 6305,3382 6394,3376 6484,3376 6573,3370 6663,3376 6752,3370 6842,3370 6931,3382 7021,3400"/>
                <TextEquiv>
                    <Unicode>im fähig, etwas zu thun. Statt das Collegium</Unicode>
                </TextEquiv>
            </TextLine>
            <TextLine id="tr_1_tl_28" custom="readingOrder {index:27;}">
                <Coords points="308,3530 3509,3596 3451,3318 2839,3442 2693,3342 1823,3438 1474,3334 1274,3455 1120,3355 624,3451 312,3372"/>
                <Baseline points="334,3489 387,3489 477,3495 566,3495 656,3501 745,3495 835,3495 924,3495 1014,3495 1103,3495 1193,3495 1282,3495 1372,3495 1461,3495 1550,3495 1640,3495 1729,3495 1819,3495 1908,3489 1998,3489 2087,3489 2177,3495 2266,3489 2356,3489 2445,3489 2535,3489 2624,3483 2714,3483 2803,3483 2893,3483 2982,3483 3072,3483 3161,3483 3251,3483 3340,3483 3430,3483 3519,3471"/>
                <TextEquiv>
                    <Unicode>Diese imbeg, verlor ich sie aus den Augen. Ich</Unicode>
                </TextEquiv>
            </TextLine>
            <TextLine id="tr_1_tl_29" custom="readingOrder {index:28;}">
                <Coords points="3717,3675 4371,3742 4595,3634 5803,3584 6348,3684 6993,3563 6997,3430 3721,3538"/>
                <Baseline points="3740,3650 3787,3650 3877,3644 3966,3638 4056,3632 4145,3632 4235,3632 4324,3626 4414,3626 4503,3626 4593,3620 4682,3614 4772,3608 4861,3597 4951,3597 5040,3597 5130,3597 5219,3597 5309,3597 5398,3591 5488,3585 5577,3585 5666,3579 5756,3579 5845,3579 5935,3573 6024,3567 6114,3567 6203,3561 6293,3555 6382,3549 6472,3549 6561,3549 6651,3549 6740,3543 6830,3537 6919,3537 7009,3543"/>
                <TextEquiv>
                    <Unicode>zu besuchen, streifte ich in der ganzen Stadt</Unicode>
                </TextEquiv>
            </TextLine>
            <TextLine id="tr_1_tl_30" custom="readingOrder {index:29;}">
                <Coords points="383,3696 499,3688 612,3788 703,3767 753,3725 783,3746 816,3721 945,3713 1028,3688 1032,3530 916,3513 857,3534 841,3513 762,3551 728,3542 645,3609 533,3609 479,3584 387,3638"/>
                <Baseline points="411,3668 417,3668 507,3668 596,3674 686,3674 775,3668 864,3668 954,3668 1043,3656"/>
                <TextEquiv>
                    <Unicode>eingehe.</Unicode>
                </TextEquiv>
            </TextLine>
            <TextLine id="tr_1_tl_31" custom="readingOrder {index:30;}">
                <Coords points="3730,3921 3888,3825 5628,3755 5832,3896 6435,3725 6964,3817 7039,3592 3734,3742"/>
                <Baseline points="3758,3817 3823,3817 3913,3811 4002,3805 4092,3805 4181,3805 4271,3799 4360,3805 4450,3805 4539,3799 4629,3799 4718,3787 4808,3781 4897,3781 4986,3776 5076,3776 5165,3770 5255,3764 5344,3764 5434,3758 5523,3752 5613,3752 5702,3752 5792,3746 5881,3740 5971,3740 6060,3734 6150,3734 6239,3728 6329,3728 6418,3722 6508,3722 6597,3722 6687,3722 6776,3722 6866,3722 6955,3722 7044,3722"/>
                <TextEquiv>
                    <Unicode>herum - Meier Collegen fragen mich im Prektor</Unicode>
                </TextEquiv>
            </TextLine>
            <TextLine id="tr_1_tl_32" custom="readingOrder {index:31;}">
                <Coords points="345,3867 808,3867 945,3975 1149,3850 1590,3921 2023,3829 2302,3963 2581,3846 3567,3842 3567,3671 345,3767"/>
                <Baseline points="369,3835 441,3841 530,3847 620,3853 709,3859 799,3853 888,3853 978,3847 1067,3847 1157,3841 1246,3841 1336,3841 1425,3841 1515,3841 1604,3835 1694,3835 1783,3835 1873,3829 1962,3829 2052,3829 2141,3829 2231,3829 2320,3829 2409,3829 2499,3829 2588,3829 2678,3829 2767,3823 2857,3823 2946,3823 3036,3823 3125,3823 3215,3817 3304,3817 3394,3811 3483,3811 3573,3811"/>
                <TextEquiv>
                    <Unicode>den. 10. April. Gesehen verfolgt und wieder</Unicode>
                </TextEquiv>
            </TextLine>
            <TextLine id="tr_1_tl_33" custom="readingOrder {index:32;}">
                <Coords points="3829,4054 6435,3913 6623,4017 7064,3942 7068,3784 6194,3742 5832,3892 5220,3775 4891,3896 4429,3817 3834,3913"/>
                <Baseline points="3853,3990 3943,3990 4032,3984 4121,3984 4211,3978 4300,3978 4390,3978 4479,3972 4569,3966 4658,3966 4748,3966 4837,3960 4927,3960 5016,3954 5106,3949 5195,3943 5285,3937 5374,3937 5464,3931 5553,3931 5643,3925 5732,3919 5822,3919 5911,3913 6001,3913 6090,3913 6180,3907 6269,3907 6358,3901 6448,3901 6537,3907 6627,3907 6716,3901 6806,3907 6895,3907 6985,3913 7074,3919"/>
                <TextEquiv>
                    <Unicode>sie wissen von allem kein Wort kühle!</Unicode>
                </TextEquiv>
            </TextLine>
            <TextLine id="tr_1_tl_34" custom="readingOrder {index:33;}">
                <Coords points="341,4075 3521,4050 3526,3834 2776,3942 2581,3846 2302,3967 2023,3829 341,3963"/>
                <Baseline points="363,4020 399,4026 489,4020 578,4020 668,4026 757,4026 847,4026 936,4020 1026,4014 1115,4014 1204,4014 1294,4014 1383,4014 1473,4014 1562,4014 1652,4008 1741,4008 1831,4008 1920,4002 2010,4002 2099,4002 2189,4008 2278,4008 2368,4008 2457,4008 2547,4002 2636,4002 2726,4002 2815,4002 2905,3996 2994,4002 3084,4002 3173,4002 3262,4002 3352,4002 3441,4002 3531,4002"/>
                <TextEquiv>
                    <Unicode>vergebens. Sie bog dies mal in eine andre</Unicode>
                </TextEquiv>
            </TextLine>
            <TextLine id="tr_1_tl_35" custom="readingOrder {index:34;}">
                <Coords points="3771,4175 4941,4312 6019,4121 6793,4229 6972,4200 6981,3959 3775,4063"/>
                <Baseline points="3793,4151 3853,4151 3943,4157 4032,4151 4121,4151 4211,4145 4300,4145 4390,4145 4479,4145 4569,4139 4658,4139 4748,4133 4837,4133 4927,4127 5016,4121 5106,4121 5195,4116 5285,4110 5374,4110 5464,4104 5553,4098 5643,4092 5732,4092 5822,4086 5911,4092 6001,4086 6090,4092 6180,4086 6269,4092 6358,4086 6448,4080 6537,4074 6627,4074 6716,4080 6806,4080 6895,4086 6985,4092"/>
                <TextEquiv>
                    <Unicode>den 15. April. Ich weiß nicht mehr, was ich</Unicode>
                </TextEquiv>
            </TextLine>
            <TextLine id="tr_1_tl_36" custom="readingOrder {index:35;}">
                <Coords points="370,4233 504,4329 1020,4233 1349,4333 1869,4200 2518,4333 2793,4233 3563,4300 3563,4033 3405,4017 3118,4121 2860,4021 2123,4121 1561,4025 1003,4146 370,4083"/>
                <Baseline points="393,4199 441,4205 530,4205 620,4205 709,4199 799,4199 888,4199 978,4193 1067,4193 1157,4187 1246,4187 1336,4187 1425,4187 1515,4193 1604,4187 1694,4187 1783,4187 1873,4181 1962,4181 2052,4175 2141,4181 2231,4181 2320,4187 2409,4187 2499,4187 2588,4181 2678,4181 2767,4181 2857,4181 2946,4181 3036,4175 3125,4175 3215,4181 3304,4181 3394,4181 3483,4181 3573,4193"/>
                <TextEquiv>
                    <Unicode>Gasse ein. Ich verlor sie auf untergreifliche</Unicode>
                </TextEquiv>
            </TextLine>
        </TextRegion>
    </Page>
</PcGts>
