7864 4824
2407 156 2606 369 44
4206 256 7545 525 nicht weit ser - dennoch aber sucht man sie auf
568 308 3898 520 angenehmeres Leben als diese oder jene erhoben,
4228 447 7545 737 sie werden geehrt, geschätzt, wenn auch ja we
230 447 486 763 Jch
568 477 3842 781 hausfrau, die ungefähr ein halbes Dutzend
4323 603 4514 741 Ao
6903 620 7281 759 Chay Secr
4167 624 7614 932 Sich spreche von den talentirten, geachtet:
269 672 486 837 Sir
581 655 3816 958 schlimmer Kinder und unmitrau hat, der Tags
4219 802 5672 1010 Sie verstehen mich.
256 820 442 1067 /v
503 824 3803 1123 über die Geschäften nachgeht, und Abends
4263 971 7558 1262 Sehr gut! Also sind Sie auch ein Epikuräer?
542 993 3803 1284 im Aus oder besten Fälles verdrießlich und
4224 1179 7519 1435 Mit Seit mir Seele. Gemäße - denn du lebst
520 1179 3833 1431 moros bei der Familie Fähren sitzt. Sehr Sie
4189 1323 5147 1604 nur einmal.
490 1344 3738 1583 uns kürstler an. Ein freies Leben Wir
4245 1401 7497 1813 Wunderbar, Sie kommen mir auf halben Weg
481 1522 3838 1769 binden uns An nichts, ja wir sind die vollendeten
4210 1708 4961 1986 entgegen.
572 1743 3864 1973 Egoisten trotz den Schlerin allem Deelis
4193 1843 4514 2073 as.
542 1869 3773 2159 ums. Wir lieben, wir küssen – und die Welt
4202 2029 7623 2342 „Ich will kurz sein. Ich bin in Estrella verliebt.“
490 2051 3868 2290 ist uns weit geneigter uns zu verzeihen, als andere
282 2207 442 2389 10
4254 2203 6665 2493 Ich bin gar nicht erstaunt, gegen
512 2220 3694 2519 denn wir sind künstler. Denken Sie sich, eine
4276 2398 7597 2662 Nun aber werden Sie staunen. - Ich kann gut
477 2433 3833 2701 Hausfrau, die sich verliebt, und sich dem Geliebten
4145 2589 7584 2862 langen und wünsche Gelegenheit, - mit ihr
551 2567 3820 2879 sich ganz hingeht - sie ist gerichtet, geschändet,
4189 2745 5164 3027 zu sprechen!
520 2745 3768 3005 ausgestoßen von von ihrem Mann und
4171 2918 7029 3226 „ Solltet ich den Zusammenhang ähnen.
568 2931 3686 3222 Die Walterfährt es - ihre Reputation ist hin
4293 3066 7584 3369 könnten Sie in Ihrer Stellung nicht den Einfluß
542 3144 4033 3408 ihr Mann kennt sie verstößt sei, die Gesellschaft —
4141 3265 7541 3534 dahinwirken, daß ich einem Ballet die Rollange
585 3287 3881 3560 sieht mit einer gewissen formellen Verachtung
1791 3443 2849 3612 sie ist versteint
3261 3469 3586 3608 erstliche
4124 3482 7558 3721 eines ganz untergeordneten Ballettägers aus
581 3473 3846 3742 auf sie herab - aber eine Schauspielern,
572 3651 3846 3959 wenn sie einmal oder dergleichen – der Glovin
4167 3642 6379 3946 dem Balletcher übernehmen.
4150 3807 6036 4098 Nichts leichter als das.
555 3820 3760 4132 schein der künstlerschaft ver umgibt sie
4215 3998 7493 4315 Sie sind im herrlicher Mensch rief der leicht
551 3998 3842 4336 man sagt zwar überall. Hrn - mit der ists auch
