7160 4856
231 522 2276 938 „D wie herzig!“ rief Faunz aus.
383 723 3462 1064 nach Haus, Dany, nach Gaus" biss sich dir
362 972 2469 1253 kleine Fritz vernehmen.
408 1098 3613 1413 Mart mir, wir gehen gleich nach Haus! Wieh
370 1232 3571 1594 du sehen, Arthur, daß ich schon eine Arthur
324 1472 2238 1750 walzer componirt habe.
307 1582 3638 1947 „Rah“ entwortete Arthur, ich hab mindesten
366 1796 3466 2099 schon 3 Fanny-Sond Polko's and zwei
400 1969 2528 2305 König - Sonatin componirt
345 2133 3567 2490 Und ein Gedichte habe ich auch schon an dich
366 2313 2595 2612 gemacht. – sagte ich in wieder
353 2427 3575 2806 Ein Gedicht? Ich hab Heimann ein halbes
341 2646 3525 3050 nützend an dich gemacht", wo warf er darauf
1834 2843 2864 3066 F.T.K.
358 2894 1148 3100 hin. Sie
433 3020 3542 3272 Sie blieben bis eines Frauen Stäble stehen.
286 3205 3668 3529 „ Es wäre ein ziemlich und bebaute der Stadttheil
425 3344 3643 3706 die auf nach sieben zu der Rathausjärk
1682 3546 2196 3689 ist es so
341 3521 3638 3861 bepringt, auch menschenleer ist es dort,
341 3689 3668 4055 und wahrhaftig. Arthur wäre viel gescheidte
416 3866 3605 4215 gewesen, wenn er den geschiedten
505 4088 3613 4400 Einfall, auf den ergekommen war, ausge¬
3651 366 6848 782 führt hätte. Er begann den Anfang zu machen.
3689 627 6844 1026 u. Ich habe letzthin einen sehr komischen Traum
3727 875 4282 1157 gehabt.
3685 959 6835 1325 Sie ging sehr nah an ihn gelehnt, und zärtlichen
3676 1140 6823 1497 in seine Augen blikend und fragte sie? "Was
3706 1380 5279 1699 Was?“ fragte sie
3748 1518 6869 1754 Wie gesagt, es war sehr menschenleer, auch
3689 1645 6907 1994 naste die Dämmerung, sie ging sehr nahe an ihr
3697 1838 6936 2124 gelehnt und blickte sehr gärtlich in seine Augen
3760 2019 6844 2343 Er hätte sie jetzt mit der größten Leichtigkeit
3706 2183 6835 2557 küssen können, auch ohne die Eingang Vorrede
3706 2347 6932 2637 betreffend einen Traum, indem es sie geküsst
3744 2536 6902 2877 hatte zu gebrauchen, aber daß er nicht
3739 2684 6966 2995 einmal mit besagter Vorrede heraus dücker
3739 2869 6966 3163 wollte, kann ein und wird meine für¬
3773 3083 6945 3407 soviel Sympathie sie auch für den jüngste
3790 3235 6974 3601 Falle zweyen haben mögen, keineswegs
3765 3386 6953 3714 von einem fesehen Gymnasiasten gefallen,
3786 3550 6995 3874 Wir kann an diesen Vorfall zwar gewissen
3769 3794 6865 4114 massen mit der Angewohntheit dieser
3832 3916 6961 4261 Lage bei Arthur entschuldigen, aber aus
