6968 4760
237 387 3400 712 Waldes zu erquicken. Dies geschehe auch xxx Albar¬
233 620 3412 857 tien nahm schleunigst von Nelke Besitz, wahrend
237 749 3333 999 Fudel durch einen Freundschaftlichen
196 920 3300 1190 Riggenstoß veranlasste Eherellar Arme
287 1065 3300 1352 nahm. Talke und kühle aber hinter ihnen
258 1232 1357 1502 dreinschritten.
283 1298 3287 1660 aber wirklich, ich bitte sie; ich denke doch, Sie
270 1477 3396 1810 werden mich herauskauen. So fragt Albertine
233 1694 3412 1885 ihren Cavalier zärtlich zu ihm. Aufblicken:
1744 1856 2509 1989 erst aufblickte
291 1856 3346 2097 Ach ein so zärtlicher Blick, daß selbst-Fiedel
300 2022 3383 2297 verdrießlich die Lippen zusammen 6, st, trotzdem
229 2172 3287 2459 auch Estrella auch ihn mit zärtlichen Augen
304 2368 774 2605 Ansah
599 2451 870 2613 mit
262 2438 3242 2788 Ach so ärtliche Augen, daß selbst Stelke
287 2659 3271 2942 verdrießlich die Stirn in Falten zog, obwohl¬
258 2830 2630 3104 er selbst an allem Schuld war.
291 2975 3262 3262 Aber so sind die Menschen. Wenn sie dann auch
246 3167 3217 3429 garauf neben, - eifersichtig sind sie bleiben
183 3317 920 3562 sie stäts.
270 3371 3346 3741 Welke besonders befand sich in der unbehaglichsten
329 3620 3283 3907 Situation. Mit Albertine durfte er nicht schön
216 3799 3366 4045 thun uuhrem Estrella willen, die ihn Jrest
216 3941 3354 4170 stets gekiert hätte, als ein bz. gewillen. Doch
246 4107 3304 4398 dem aber war er auf Kiedel höchst eifersäch¬
3537 329 6225 687 tig, und welcher mit Estrella scheinbar
3537 578 6159 811 die Glanterie gegen Estrella auf die Spitze
3512 741 6775 978 trieb. Aber er sprach ganz andres. „Morgen werde
3512 895 6858 1144 Strähnwie gesagt, ganz seher wiedersehen, Sie werden
3545 1049 6729 1323 Ihn küssen, werden tüdrig vergessen
3520 1253 6725 1515 der sich inzwischen mit Bertha vergnügen soll, wie
3483 1415 4498 1627 er immer will.
3529 1619 6858 1839 „Ja, Tiedel, ich werde ihr lieben, küssen, ebenso und
3533 1748 4665 1993 küssen, als lieben.
3520 1827 6679 2106 Und werreiß, ob vielleicht ist schon heute möglich¬
3595 2018 6779 2314 in der verschwiegenen Ecke eines dunkeln Eifentahn
3587 2197 4931 2409 coupées, spät Abind.
3608 2364 4444 2592 Aber Fiedel-
4498 2372 5218 2622 unterbrach
3604 2551 6745 2801 „tassen wir das Fagte er sich mit einer Miene, die auszu¬
3554 2730 6504 2946 drucken schien, auf das kennen wir schon.
3575 2838 6841 3104 dann neigte er sich mehr zu ihr herab., Sie müssen
3579 3038 6820 3287 auch wissen, daß Sie heute um Vorurtheil zerstört
3566 3154 6192 3441 haten, daß ich von Ihnen gehegt.
3608 3287 6508 3583 Und das wäre?“ Eragte sie gespannt.
3554 3450 6741 3758 "Er drückte sie seise xyz Ärm.
5035 3624 5380 3758 sied &
3566 3645 6695 3937 ihr dann einen Ich fürchtefe flätterte mehr
3575 3803 5743 4078 ins Ohr, Ich Sie Herrn solid
3566 3978 4340 4232 Und Alle
