7096 4696
3623 329 6883 667 Dafür Schon zu Hause! O daß wir doch ewig so ge¬
263 467 2364 771 der Ehemann mit der Frau¬
3631 604 6878 900 fahren waren, süste Emilie." Inzwischen übersicht
384 642 3477 938 Sage ich dies nicht gleich, Sophie, ich würde mich
3585 821 6908 1071 der glückliche Bräutigam ganz, daß der Kutscher
313 821 1121 1026 langweilen
1267 821 3373 1117 Müd und abgesetzt von den
3635 959 6841 1263 ganz unzweideutig seinen Hut in der Hand hält.
321 967 3435 1267 Geschäften komm ich nach Heute, und die
3656 1096 6841 1463 Er reicht ihm endlich im Vollgefühle seiner Glücks
388 1155 3543 1472 zwingst mich noch in das Ende ihre Ballet
3610 1267 6899 1547 einen Gulden. An Nun werden der Hausplocke
313 1317 1155 1609 zu ziehen.
5807 1413 6912 1572 laßt auf sich zu über
1347 1347 3477 1638 Und verdrießlichdrückt er
3635 1463 6908 1788 geläutet. Der Hausmeister öffnet nach einer
371 1513 3518 1805 sich es eine Ecke. Sie halt es fürbesser
3631 1651 6953 1897 Mein geraumen Weile, während der Geliebte de
238 1672 3456 1984 nicht zu antworten und thut dasselbe
3656 1822 6799 2147 zwar etwas fröstelnd sich dennoch bestreibt
313 1901 3502 2176 In In einem andern Wagen, sitzt ein vorneh¬
905 2005 1876 2130 weger Raum
3581 1918 6912 2289 so warm wie möglich im Emiliers Aug zu sehe.
200 2051 3498 2393 mir, reicher Herr mit seiner angehenden
3598 2184 6853 2443 Wenn der Hausmeister öffnet, so pflegt der
271 2214 859 2385 Brant
3614 2309 6870 2651 glückliche Bräutigam gewöhnlich kein klempel
317 2380 3468 2626 Suße Emilie! Wie schön diese, nacht ist! Wir wohl¬
1126 2547 1501 2676 wahret
2009 2547 3172 2681 Carmonischen Tön¬
321 2514 1684 2806 thiend, nach dem
3581 2547 5123 2826 bei sich zu haben...
1747 2560 3381 2814 Klangen der Teusik
3610 2685 6962 3027 doch alles das hat uns eigentlich gereicht
313 2735 3402 3022 noch ihm Ohre klingen, durch die stille Nacht zu fahren - an -
288 2872 459 3002 evant
3635 2847 6970 3218 zu beschäftigen, wir haben unser Augen
292 2906 3443 3185 deiner Seite. Und er druckt ihr Hand anserem
3589 3043 6937 3381 mark nach einer junge tiete zu richten
317 3056 2843 3389 tippen: Sie spielt die Schüchterne?
3227 3168 3410 3310 7.,7
3623 3210 6928 3585 die eben aus dem Opernhaus treten, in
329 3252 1926 3502 Aber Richard - Sie sind - "
3177 3285 3418 3481 des
3610 3373 6862 3727 ein angelegentlich und Gespräch verkauft
296 3423 3402 3689 O Theilie Mehr bringt der liebende Bräutigam
3660 3548 6908 3869 u. w. denen wir verschwer Wahlman, Falke,
288 3585 3402 3894 kaum hervor. Sie sehen sich schweigend in
300 3769 992 3960 die Augen.
3685 3769 5465 4010 Ruhle u Feld erkennen.
3685 3814 6933 4265 to, Nun, was sagt ihr zu meinen Geschmalk?
379 3952 2681 4248 Klötzlich hält der Magen still¬
