7400 4840
2447 242 2690 422 36
4268 376 4615 639 sich
4736 388 4999 656 richt.
3992 351 7183 793 meine die, welche diese Seite überschlugen, in
672 476 2481 827 der ganzen Gegend.
4043 618 7070 973 der Bericht, mit den Worten" heiß strahlt
748 743 3876 994 Also, hier wollen wir raster, und
4026 781 7217 1111 Die Sonne herab "bexum" eine wenn auch grübsch
610 902 3901 1161 uns die Gloster und die Chirche Intrag
4034 973 7200 1332 so doch langweilige Schilderungen aber meine
631 1065 3901 1324 tin“ bestimmte Maxer, nachdem sich die Gesellen
4059 1186 7162 1487 andern alsweg Lesen haben jetzt erfahren.
647 1240 3896 1508 um sie gesammt, und alle kraten in den
4005 1349 7217 1658 wie sich die Fowolität selbst in kirzen ver¬
610 1441 3800 1721 7) Hof, welcher zum Gasthause führte
3980 1491 6665 1838 ird, und wenden sich vielleicht
664 1612 839 1725 16
814 1595 3825 1833 Soll ich den tifern gebokhaft sein, und der
3984 1696 7171 2084 dechpenung dieser Bemittlenden des lesers
639 1758 3863 2063 Lesen eine ausführliche Beschreibung der Kirche
4005 1817 7192 2234 wenn auch etwas verspätet rath' ich jedem, die
568 1963 3851 2247 und des Klosters liefern. Soll ich ihnener¬
3997 2017 7187 2385 vorige Seit nicht zu lesen (sie rechne ich
660 2105 3901 2414 zählen, wie Professor Magar andächtig jedes
3992 2213 7196 2564 auf die, welche die vortheilhafte Gewohnheit
660 2272 3880 2598 Kreuz, jedes Christesbild betrachtete, den
4026 2376 7116 2773 haben, bei meiner Buch  zuerst die letzt
622 2468 3825 2731 die gehässige, wie tiefe Schöner
4089 2589 7125 2852 denn die vorletzt und so weitres zu lese
580 2635 3834 2902 sein fromms Herz berührte, wie aber
4118 2690 7242 3007 Mas Folk, Surg und Weiger anbelangt,
1863 2781 2259 2940 Schlag
589 2802 3796 3053 der sowol die Erwerung äußerte,
4101 2869 7221 3245 so hatten sie die heiligen Hallen verlasse
2522 2986 3024 3124 wollen
572 2965 3926 3270 ob sich jetzt Lager nicht ein Rondenzvous
4034 3057 7242 3366 und, so waren ins Treie Gebreten — um
777 3128 1274 3257 Erntag
606 3157 3905 3412 Das er vor Zeiten in einer Kirche gehalten
4047 3216 7246 3633 könnte für sie ihnen ertragen, inderman
4114 3316 4753 3479 korffeschend
631 3308 3909 3604 Soll ich zum Ärger jedes edelfüßenden müsse
4051 3412 7329 3784 einen ganzen erwachenden Träftig abfernete, aber
973 3466 1554 3629 wässern
677 3496 3871 3721 erzählen, daß Sie ich seinem Tobunde
4093 3583 7333 3951 die jungen Burschen traten unter einem hatch
610 3658 3813 4001 eine Eigarette zusteckte, und ihm ins Ohr¬
4180 3754 7275 4155 Ernen Baum Salke steckte (das erste Zegl in
639 3846 3896 4143 Flustert i kom smand, wir wollen rau¬
4118 3917 7221 4297 Wenn geben) eine Civarett sehr selbst
660 4005 3796 4314 chen? Mehe – was muß ich da sehen.
4047 4101 7154 4544 bewußt, wenn auch oock hat in den Verd, und
689 4189 3821 4552 da stehts! Ich Meine armen Leser – sich
