7752 4984
2472 380 2679 587 19
3862 438 6450 918 A propos, wann ist wieder Ballet?
3944 645 7210 1067 Am zweiten Mai ist eine großartige Vor¬
521 571 3795 967 einen Herrn, mir ein Mädchen zuführt, welche
562 876 7210 1480 zen Vergessen, ja im günstigsten Fällfra stellung. Norbert konkt mit, ein großes
537 852 3779 1207 uns den gegenseitigen Verlust verschmer¬
3986 1001 7186 1364 Balle kommt vor - Estrella - sich sag¬
3994 1174 7277 1621 Ihnen, ein Fantasincostume hat unser Theater
604 1265 1687 1555 sen Cassen.“
4002 1373 7186 1761 schneider für sie gemacht - wenn sie's nur
637 1265 3721 1728 Wissen Sie, daß Sie ein origineller kanz sind.
562 1596 3713 1885 " Sie irren sich; in Bezug auf meine An¬
4010 1596 6185 1935 anzieht, es ist etwas frei?
4010 1588 7310 2117 „Das ist das wenigste, – aber wird es möglich,
587 1761 3737 2100 sichten gewiß nicht, vielleicht in Bezug
5185 1951 5532 2092 ellet
3936 1885 6574 2307 mich unter das Corps zu mischen?"
612 1918 3870 2208 darauf, wie ich sie zur Geltung bringe.
4184 2018 7277 2390 kleinigkeit, man hat unbedingtes Vor¬
587 2075 3812 2414 „Gewiss, Fiedel. Sie sind der lebensläßigste
4010 2216 7293 2613 trauen zuenir. - Ich sag Sie sollen sehen, wie
604 2299 2340 2613 Mensch, den ich kenne."
4043 2398 7326 2803 sich diese Balletmädchen auf den Norbert
562 2332 3886 2787 „ Bei Tag und in Gesellschaft. Aber Nachts¬
579 2613 3845 2902 wenn ich allein bin (es kommt das ihm
4019 2696 4920 3043 Ereuen!
4192 2787 6135 3117 Auch Albertine Tommen?
645 2778 3795 3109 Glück selten vor) da wird ich mehr
662 2902 3870 3299 cholisch, dass ich weinen könnte. Ich dank
4060 3043 5019 3365 „ Poffen wir
3225 3093 3837 3241 sentierte
4167 2902 7359 3489 Leben Sie wohl, Kindel, Erf bin zu Hause. Ho kam
662 3126 3895 3456 nämlich aus -  da wird mir so wenn auch
4093 3225 7384 3696 ich Sie treffen. Ich muss doch die Proben mit¬
3357 3283 3771 3556 doch
645 3291 3250 3589 zu Mute und ich denk' aus¬
686 3465 3870 3787 von was anderm, Salke. Wie gedenken
4076 3556 4763 3853 machen.
4068 3440 7367 4068 " Körper Vormittags 10 Uhr vor der Oper
686 3647 3299 3944 Sie den ersten Mai zuzubringend
612 3754 3820 4143 Fritz seufzte und zuckte die Achseln.
4159 3870 5358 4316 teten Sie wohl!
637 3994 3828 4399 „Sist nicht mehr lang bis dahin. Übermorgen
612 4201 1761 4482 Lieber Salke.
670 4258 3952 4763 " Ich weiss ersucht, was ich thuwerde.
