7112 4888
3713 475 5345 828 das letzte Mal geliebt.
250 470 3596 882 unbedacht — duweißt, daß du, offen sein kauft.
3696 624 6893 949 Sie blieb ruhig liegen, und, sah ihn mit einem stelle
225 770 3542 1074 du mich nicht mehr liebst, so sag ein aufrichtiger
3705 832 5740 1145 Blick in die Augen indlächelte.
187 949 3459 1274 nein, ebenso wie ich es thu, wenn ich nicht mehr lieb
4591 1024 4862 1178 sperr
3750 1041 4966 1311 Sieirren sich, kalt.
216 1153 2244 1436 tatime, liebst du mich noch?
3767 1224 6972 1507 Mich fröstelt bei Ihren Worten, sagte der Student, man
237 1224 3588 1603 Nach einer kleinen, stellen, bewegungslosen Pau sei¬
3717 1369 6876 1686 sollte nicht glauben, daß sie aus so glühen den Herzen
283 1457 3434 1769 schüttelte das Mädchen langsam den Kopf. En Con¬
3705 1615 4200 1802 kommen.
304 1653 3509 1931 stantin war anfang ein wenig bestugt. Er fast sich
3717 1711 6023 2035 Sie sind mehr eingebildet versetzt sie.
287 1811 3605 2140 augenblicklich wieder, trat mit ihr ruhig zum den
3713 1881 6789 2185 Sie haben ärgres sagen wollen tüchelt er, Sie
3717 2035 6693 2389 wollten sagen, ich sei ein Nor. O, glaube
250 2044 1707 2289 ster und fragte sie!
6589 2102 6914 2310 an
3089 2269 3259 2423 Chiffer
3705 2235 6939 2560 Sie mir rief er seinige und stand auf; wenn
262 2185 1727 2489 Wenn liebst du denn?
3717 2414 6910 2660 es ist keine Marrheit ist, Sie zu lieb an, so bin ich
262 2510 3509 2839 Sie saßen beisammen in einer kleinen Zimme Boudoir,
3730 2552 6777 2810 kein andere xxx es " ich weiß es, daß Sie
275 2689 3438 2980 und sprachen beide keine Bylte. In der Stube
3742 2726 6931 2989 mich lieben, und das ist keine Narrheit.“ Sie hatte
262 2860 3538 3097 war es Dämmerig-dinkel, sie lehnte halb auf den
3759 2930 7001 3259 sich mehr bequemer aufs Sophie gelegt und die Augen
2493 3018 3172 3180 in tamenan
271 3039 3484 3351 Sopha – er saß auf einem Schmel zu hören
3734 3118 6310 3397 halk geschlossen, als wollte sie schlummern.
262 3218 3438 3521 faßen. Sie sprachen nichts die hatten sich nichtes zu
3767 3259 7039 3592 „Sie können versichert sein, daß Sie Ihre Wette verloren
337 3380 3480 3688 sagen; denn sie mußten, was sie sie wußte so
3771 3509 4329 3742 haten?
312 3596 1961 3859 alle s. Endlich sprach er.
3755 3617 7014 3909 Er lachte; aber einen Augenblick darauf, als sein
329 3667 3476 4017 Heute ist die Letzte Rückmausiona seit sagte
3767 3767 7064 4133 blick auf das kalt Antlitz talmas fiel, die von
300 3909 3559 4271 sagt ich das letzte Mal, werden Sie mich liebe.
3771 3938 6997 4229 Mond beschienen auf dem gönnen Kanagen lag und
296 4092 3155 4433 Sie sehen, daß Sie sich getäuscht haben.
3788 4121 7039 4466 an der keine seine zückt, wurde sein Geerglößlich ernst
283 4262 3534 4645 „ so ich sehe es, den sie haben aussche
