7384 4776
5468 125 5688 337 15
3838 419 7180 800 Es wird er hiermit Dringend aufgefordert, selbes
298 471 3026 826 allen Seiten. "Nein nein rein nein!
3830 687 7162 1003 den Flammen zu überliefern. Auch jede Art
376 761 3661 1016 Ja selbst die Stimme des frommen Professors
2568 895 3583 1037 Stimmend Zinsen
3791 852 7214 1154 vor unsittlichen Bildern, z. B. eine nackte Neues,
333 895 3614 1141 konnte man aus diesem Verneinungen
3778 1020 7223 1310 oder  des dergleichen vollüßiges Zeug muß
350 1072 3644 1357 herau Schören, und er wird wohl auch seine
3804 1189 7206 1444 verbrannt werden. Kurz alles, was nicht
341 1249 3653 1522 Grunde gehabt haben, warum er über
3765 1400 7223 1668 in strengster Übereinstimmung mit den strengsten
372 1478 3614 1694 seine Morgangenheit den Scheier der Ver¬
2537 1569 2732 1677 ten
3765 1517 7236 1802 Begriffen von Moral steht, muß vernichtet
341 1569 3696 1837 gessenheit gebreitet haben wollte. Vielleicht
3787 1703 7240 1975 werden, und falls ein Mitglied der hochgeehrten
298 1742 3644 2001 tauchte auch in seiner Erinnerung eine Tage¬
3821 1863 7201 2135 Versammlung auf immer Übertretung dieser
329 1911 3614 2109 rin mit beinahe ganzlich entblößten Formen
3808 2027 7210 2347 Gesetze betroffen wird, muß dasselbe an¬
281 2075 3713 2360 auf, vielleicht die freilich nicht und eine
3795 2187 7149 2494 gentlicklich austreten. Nehmen Sie das an¬
303 2230 2360 2485 schöne, mon vielleicht
3748 2386 5356 2645 meine Herren?
393 2326 3674 2689 Also wie Wie kurz und gut, des Herrn
3817 2537 5753 2818 Wir nehmen es an!
389 2568 3648 2753 Kanzleirat letzter Antrag war ganz
2369 2697 3229 2840 meine er an
3765 2697 3998 2883 4 5/10
3951 2710 7240 3000 fegeder Beziehung Gegen alle Immoralität und
316 2736 3648 2970 red verworfen, und er konnte allein mit
3946 2853 7223 3099 Unsittlichkeit theils öffentlich, theils privatim
341 2896 3696 3125 Befriedigung auf seiner Jugen unbescholtenes
3882 3013 7240 3354 aufzutreten, seiuehre erhabene Aufgabe
341 3060 3644 3350 Dasein zurückblicken konnte, so hatte es doch
3890 3251 7067 3480 Meine Herren, das Ziel, welches wir uns
303 3233 3605 3514 nicht den Genugthuung, sich als den
3882 3354 7214 3618 strecken, ist ein wahrhaft edles, und jeden
341 3397 3678 3709 Unschuldigsten der Unschuldigen gefeiert
6389 3519 6579 3635 er
3903 3557 7219 3847 der Anwesenden wird sich mit Freuden
324 3583 1076 3795 zu sehen.
3864 3670 7206 4024 allen Nähre unterziehen, die zu diesem Ziele
272 3704 3653 3977 26/9.Falls einer in dieser gehrten Versammlung irgend
281 3895 3700 4189 ein nicht sehr reines Buch sittliches Buch f wie
3899 3895 4482 4176 führen.
3916 4007 7249 4279 u Erhaben dröhnte es aus der kehle Losers."
264 4063 3631 4322 etwa den Bocacgio oder Demi-monde oder
3964 4184 7193 4517 Werden auch Jünglinge in dieser Versamtung aufge¬
281 4266 3527 4474 andres ehebrecherisches Zeug haten sollte,
