7608 4872
1713 482 3434 869 Bilftes Kapitel.
1904 815 3368 1202 Der erste Mai.
615 1139 861 1422 16/5
694 2041 3937 2482 Dawaren sie alle zusammen am Bahnhof; und der
728 2366 3904 2611 Kaum war es hiebei Uhr Morgens; Flau
715 2528 3929 2844 strahlte der Himmel herunter auf die frühe
715 2690 3904 2989 ling’s frohe Erde. Sie lachten und schwärtzten
698 2869 3900 3164 und freuten sich der Landpartie, für die sie
748 3018 3912 3326 sich weichlich mit Eigareten, Ligarrewu¬
711 3205 3879 3447 vogl. barfehen hatten. Es war ein ganz
715 3380 3896 3679 merkwürdiges durcheinander, als Ortheil
719 3559 3929 3866 Silka hinkam einige gündeten sie sich mit
698 3721 3937 4045 Mit achtung von Magers) Verbot Eigassen
707 3887 3950 4220 an, blauf Rauchwolken umhüllten alles
723 4095 3941 4340 es war, als ob er noch träumte. Vielleicht
669 4245 3950 4594 daß er noch nicht ausgeschlafen hatte!
4000 416 7342 836 Sie brauesten im Waggon davon, Sinnig und Talke
4004 595 7355 1014 sahen zum Fenster hinaus, und Arthur Talka,
5297 757 7371 1143 sechs Uhr Abends - um dieser
3995 886 5313 1147 träumte schon von
4814 1052 5313 1177 wollen.
4020 969 7355 1384 Zeit hatten er und Fauny bei den drei Ba¬
4049 1168 7330 1567 ben sich treffen. Wie im Nu- waren
4029 1360 7350 1684 Der Zug in Modling angelangt. Nun begangen
4058 1493 7375 1854 sie zu marschiren, kühle Morgenluft rehte,
4062 1684 7292 2066 uns sie, Arthur aber fühlte, was ich halle
4083 1879 7359 2237 das Gefühl, als würde er sich im Wirkelherum
4066 2137 4640 2461 drehen.
4108 2087 7359 2615 „Hast du schongegeraucht, dalke“ fragt ihn ein
4079 2482 4669 2748 Kollage
4099 2711 4598 2906 " Nein
4120 2586 7367 3068 "Da hast du eine Aigarre." Arthur steckte
4087 2964 5480 3280 sie an den Mund.
4112 2902 7463 3430 "Also, solche, ich will Ihnen mal die Eigasse
4124 3222 7421 3592 entweißen drohte Mager;
4108 3376 7438 3742 und wahrend Arthur, ein Ende im Mund
4128 3555 7413 3950 hatte, nahm Mager das andre in die
4191 3721 7479 4099 Hand, und zog davon, doch statt daß
4207 3954 7371 4291 es ihm gelang, sie wegzureisten, wurde die
4207 4058 7450 4528 Cigarre im er lang er und länger die
