7192 4760
2151 180 2326 426 O0
3667 434 6979 756 Handbarzug auffordern lassen, sich wieder
288 413 3541 731 die davonin Delaide Linkmans, die wir im Tage
3742 660 6979 927 zu glačirren. Da ihm aber beides ziemlich
263 689 3312 969 mit dem könnten verließen. Als der lang
3729 852 6916 1144 gleichgültig vor, spaziertner ein weit¬
292 856 3525 1132 geendet, zogen sich beide, wie ein Liebesper¬
3675 1011 6999 1324 im Zimmer umher und ließ die Einkmäus mit
292 1019 3567 1328 in eine fünsterische zurück, wo sich folgendes
3625 1194 4970 1449 den dieser allein.
276 1186 1892 1483 Gespräch entspann.
3638 1328 6979 1662 „Sie sind könt!“ fragte die erstere den kund Herrn
1169 1374 3466 1645 = Pus – gemeinsch
347 1382 1123 1662 of - af -
3775 1566 4761 1779 Strohmüller.
338 1549 3550 1863 „ Sie sch einen etwas ermüdet, Herr Strehmi¬
3663 1670 5646 2034 „ Oh - bitte - keineswegs -
238 1729 3479 2021 mühlen, vermutete sie, indem sie ihre Lappen je
3813 1879 6949 2172 Echte Künstlerbescheidenheit, die ich wohl zu
280 1904 3429 2122 einem annustigen Lächeln vergehen wollte.
2368 2063 3295 2205 zerstelwort
3767 2088 4907 2351 schätzen weiß
309 2063 3521 2355 der Angeredete schwurfte noch starker und
3800 2205 6999 2502 die Unterhaltung stockte, denn daß der Poët
347 2234 3454 2535 zog aus seiner Fracktasche ein Schumpf
3750 2380 6937 2669 errötete und die Baronin lächeln wollte.
359 2410 3516 2706 Euch, womit er sich den Schwechs von der Stern
3734 2560 6970 2898 kann nicht als erwähne besondre Unter¬
276 2589 2238 2886 3 trockenen. Zum Hh
3704 2731 7066 3086 haltung angesehen werden. Endlich begann
301 2756 3537 3070 Die corpeleute Dame gehte übrigen Buch,
251 2936 3508 3182 und jetzte sich präziös in ein Leuten, so
3742 2957 4043 3203 sie
3688 3095 7050 3408 „Wenn Sie vielleicht nächsten Sonntag Zeitfällen,
288 3111 3483 3404 daß X alles im zwei er erzitterte, im
3721 3253 7004 3571 um. 9 Uhr begint bei mir eine kleine Soiree,
263 3270 3516 3529 Kühle aus seinem träumerein und aus
3734 3496 7008 3675 nur künstler – Sie werden, bepreifen —
317 3445 3496 3775 seinem Sessel auffuhr. Er stand dadurch
3746 3604 6937 3880 Strohmüller, der ührigens nicht zu begreifen,
330 3633 3550 3938 der Baronin Gesich Ouge in Auge gegenüber
3780 3805 6081 4109 schien, lispelte irgend etwas.
301 3809 3521 4101 und mußte schwöhl oder über von ihr
3784 3955 6937 4306 „Hier meine Visitkarte und zugleich meine
301 3972 3437 4322 sehr verbindlich anläufen und durch eine
