7400 4952
5443 140 5635 320 21
3823 289 5797 604 „Gütiger Gott klagte Flock¬
5526 320 6848 587 kan sich anscheue,“
201 293 2816 705 Präsident des Vereines Judicitivät
3897 473 7225 744 Nun mein Herr Sohn wird es bekommen.
180 539 2662 849 geküßt rief Clock erschreckt.
3888 617 7124 946 Palke heraus, indem er eine drohende Gebende
350 596 3560 1003 Also ich habe wohl nichts gesehen, doch sah ich
3831 880 4405 1090 machte,
289 849 3612 1134 einmal auf die Uhr und vielleicht haben sie
3853 950 7273 1265 Also, Herr „Felche und Herr Hoch“ begann Jakob Mager
324 1042 2781 1392 sich während dieser Zeit gechüsst
3792 1138 7146 1458 von nun ein, indem er die Augen sehr frei verdrehte
525 1222 3004 1546 2 Himmel riefen die beiden Väter
4304 1344 4550 1480 by
3836 1336 6069 1642 das ist leider nicht das Ganze.
346 1401 3604 1690 P Maÿer machte eine sehr besorgte Miene
3932 1546 7269 1782 Himmel! Nach etwas.. auf Flock, während der gemäßi¬
254 1541 3630 1896 „Ja die jetzige "Füchend" sagte er und drehte
3836 1681 7273 1953 nern herzleivat sine Stirn in Salten zog und
289 1769 2181 2089 sch. Gekte die Achseln.
3840 1848 6108 2132 sich in die Lippen biss. "Nun" fragte er
508 1892 3643 2251 Aber was haben sie gesprochen?“ fragte
3880 2014 7256 2299 „Also, an demselben Tage, wo ich die beiden zusammen
385 2154 880 2356 Falle.
3866 2203 7177 2505 syazieren gesehen sah, becham Ihr Sohn,
368 2251 3586 2518 Also - ich hörte nur einiche Worte. Arthur Fau¬
3866 2365 7146 2675 Der überhaupt in der letzten Zeit nicht sehr
280 2435 512 2632 Mr
298 2421 3612 2807 sonst nichts. und einmal hörte ich etwas von ihnen haben!
3875 2544 7190 2798 Aufmachsam ist, einen Brief in die Schule, und
337 2627 3288 2916 Und sie waren allein: fragte Flok.
5403 2724 5557 2829 be
4409 2724 4847 2890 Lehndalch
3866 2724 7181 3030 da ich ge betrachtete, wie er ihn las, wurde ich ihn
2662 2776 3122 2907 mal
1165 2829 1401 2982 sas
324 2811 3722 3100 "Also - ein kleiner Cheabe wurde von ihres fristen
3805 2907 7330 3109 wahr, daß sein Gesicht eine freudiche Miene zeichte.
320 2999 3691 3284 geführt. Sie sachte einmal. Fritz, sie still! Ich feldte
3862 3091 7326 3363 Also, ich habe mal die beiden jrufendlichen Liebenden
280 3122 3683 3477 ihnen. Sie blieben in der Nähe der Votivkirche stehen,
3801 3227 7304 3503 in Verdacht, daß sie mit einander - chorrespondiren?
346 3359 3656 3608 sprachen, haben sich die Hand, und wechselten mal
3923 3424 7251 3757 Ein schmerzhaftes Oh intrang sich der Brust des
311 3490 3700 3814 sehr verlebte Blichte. Ich hörte, wie beide, leider
3906 3608 7321 3893 Herrn Flock, während den des Konseirats sich hatt
6993 3748 7321 3884 In wis¬
363 3687 3674 4028 sachten, und dann schieden sie mal. Ich folchte
3880 3766 6866 4077 und senkte, bis er plötzlich zu reden anfang.
381 3862 3494 4212 Ihrer Tochter, sie hing mal in das Haus
3871 3954 7343 4225 Als ich den Alter meines Sohnes war, da blieb
324 4081 1896 4427 Melcherbastin Nr. 5.
