7256 4920
4981 221 5199 390 1 3
3722 386 6772 821 Eben wollte der Stellwagen abfahren, als sie
3726 712 6470 1022 eilig-Schritteheit, und jenem
286 612 2310 998 und zu Flüttern; Morpen.
398 801 3593 1171 Faux werthet — und erinnert sich stellig würde
3762 873 5601 1195 Conducteur anschine
342 978 3493 1356 ihres so nahen Vorwandten - Noch denkt sie
3766 1030 6205 1396 Haltda, wir wollen nachhinein.
418 1175 3509 1505 an sine Luft um zurückkommen, wenn das nicht ausge¬
3782 1259 5299 1565 & kein klag nicht.
3758 1332 6949 1730 Wir wollen noch hinein, es ist kein Omnibus
342 1336 3497 1622 lich, aus Ausrede, die sie gebraussenkönte.
406 1501 3585 1871 da hält der Zug in Mödling. - Um Himmels will
3730 1529 6611 1903 mehr da, und und dieser präßlichen Hd,
463 1682 3444 1992 der Onkel und der Cousin stehen auf – welche
3790 1746 5814 2028 kön'en wir nicht gehen.
439 1867 3589 2201 Glück, daß der eifrige Zeitungsleser das selbst
3786 1867 6869 2253 Gswar die Rema Řegs Ritter) Tauf
435 2076 3565 2366 Auf und sie sie auf der entgegengesetzt
3794 2161 4945 2430 sehr zusammen.
3806 2217 6547 2628 „Nichts da“ rief der Condictum’ werde
567 2201 3577 2551 Seite hinausgehen.- Sie steht auf der Kirche
3827 2358 6917 2744 ßig Ritter aber ohne Umstände nicht die 4
491 2390 3517 2684 die ins Treie führt – sie schrift hinab, da¬
491 2555 3529 2909 sprängt gerade auf der entgegengehalten u. Seil
3819 2543 6816 2994 auf, sein Vater folgte ihm, - um beiden
3855 2740 6953 3058 wurden vom Condukte die Thür vor
475 2732 3625 3014 Regi Ritter herabes = es war ein bild zum Malen,
1783 2913 2527 3042 the bemerk.
3839 2877 7082 3267 der Nateweile zugeschlagen.  Derhelle auf
467 2921 3565 3195 Sevor aber Ritter xxx, hatte sie den
3875 3086 6599 3472 1. Fertig und fuhre den Oambus
507 3070 3593 3408 Sommenschrei aufgespannt und hielt ihn gerade
6667 3042 6949 3412 H
495 3259 3625 3601 vors Gefahr. Sie ließ alle Rostogiere vorlei¬
3875 3380 4579 3585 weg:
3839 3283 6937 3819 Östchen wer jetzt ist die Gesicht, der
519 3424 3589 3750 gehe, bevor sich hinausging. - Endlich
3955 3577 6591 3959 beiderndeln Ritter gesehn hatte.
447 3613 3641 3879 war sie dreißen. Sie alhierte auf, und
6474 3593 7042 3899 h große
6064 3746 6418 3899 beidt
6631 3794 6957 4024 son
394 3790 3617 4112 macht sich nun mit freierm Herzen auf den Weg der
3883 3798 6329 4205 die sich zur Beschauten, und dann —
3947 3947 7110 4378 schweren aufhärter und mit ihren gewaltige
455 3927 3662 4249 sie gerade bei einem Omnibus vorbeiführte¬
4000 4128 7138 4543 Sommeschirer auf seine ärperlichen Gesichts¬
467 4120 3573 4438 Welche Hitze dachte sie sich, ichsehe mich
4032 4281 7062 4603 daernschritten, — während taug immer näher
398 4297 3291 4611 über hinein; mit ihrem Eintreten war
4068 4422 7118 4708 Zudem drei Raten kam... zu den 3 Kaben
1284 4354 3646 4672 was sie any malen that is dort
3227 4591 3436 4712 r
370 4563 2913 4784 am 3. Täglichen das schicktelschaft sie wieder
2615 4627 3263 4768 gegenüber,
777 4680 1517 4849 zu ausfüllt
1469 4692 2197 4820 Zeiten
