7304 4792
213 578 1615 889 meiner Meinung.
264 803 3554 1093 Ganz Ihrer Meinung, ganz Ihren Meinug,
293 1046 765 1241 ganz
187 1088 3563 1382 „ Ich muss mich übrigens Ihrer Ansicht, anschließen,
247 1288 3388 1590 sprach Herr Wielmauer, im ziemlich dicker.
204 1484 3537 1709 Herr in den Vierzigern, der unendlich langsam
225 1683 3537 1930 sprach und die Kausen zwischen seinen Worten
774 1807 1182 1917 einige
213 1807 3341 2087 mit starken Schlücken Bier auszufüllen
217 1968 3414 2266 pflegte. Ich glaube, führer fort, „daß auch
225 2121 1535 2398 die andern Herrn -
251 2325 3546 2517 Bei den andern Herrn machte sich eine gewisse
234 2474 3324 2721 Ungeduld sichtbar, was denn eigentlich auch
217 2636 2134 2891 mit ihnen geschehen sollte.
281 2789 3316 3082 daß auch die andern Herren sprag
251 2980 3363 3235 Herr Vielmäme in großer Seelenruhe weite
238 3154 2831 3422 sich derselben Ansicht anschließen —
336 3303 3499 3601 Ja, jedenfalls, wir alle wiesen die Übrigen
268 3473 1139 3716 dazwischen
472 3643 3363 3924 anschließen werden" schloss Vielmaier
204 3796 3392 4030 indem er sich mit einem Schink bier von
276 3958 2717 4234 seiner Anstrengung erholte.
208 4051 3295 4400 "Wir seid ja Gott sei Dank keine Grieche
268 4294 3265 4574 mehr, keine Urvölker", sagte der hagre
3741 425 7087 791 Kanzleirat. "Gott sei Dank," sage ich nochmals;
3720 659 6947 982 und ich will hoffen, daß solche Dinge zum
3728 910 7100 1105 letzten Malzopin unserer Stadt Wien vorgekommen
3728 1037 6998 1339 sind! 1876! Und das wagt man in einem
3711 1195 7019 1475 der besuchtesten Theater Wees u das ganze
3762 1331 7027 1658 Publikum hätte sich erheben sollen wie ein
6568 1458 7015 1581 Er daß
5446 1488 7138 1756 a. zischen und, - ich weiss
3771 1560 5463 1798 Mann, und pfeifen, und
5446 1658 5969 1777 ien solche
4477 1683 5038 1828 des Søye
3750 1756 7142 2002 gar nicht, was man dieser schannvergessern
3784 1824 6964 2121 Känzerin alles hätte thun sollen. beschaut
3745 1981 7146 2304 " Meine Herren, wenn ich Fragen dürfte, was
3745 2194 7027 2423 ist Denn eigentlich vorgefallen? fragte ein
3847 2381 7104 2615 Herr, der eben hereingetreten war, und sich
3775 2500 7117 2836 ruhig auf einen Sessel niedergelassen hatte, indem
3741 2644 7159 2925 er den Stock in eine Ecke fellte und den Cylinder
3771 2844 6075 3197 vor sich sie auf dem Tisch stellte.
3839 3023 7168 3358 Sie wissen nicht, was vorgefallen ist, Herr Wahl¬
3745 3210 7159 3444 mann?“ eiferte: der begefterte Kanzleirat.“ Sie
3805 3316 7193 3660 haben noch nichts von dem Ereignis gehört, was leicht
3775 3516 7159 3784 eine ganze Umwälzung in der Culturgeschichte
3728 3673 7091 3958 bedeuten kann, ein Ereignis, das als eines
3886 3818 7185 4141 der wichtigsten in der neuen Geschichte genommt
3903 4013 7163 4294 zu werden verdient, worüber man aber leiden
3941 4196 7117 4464 flüchtig hinweg gehen wird und das unbeachte
