7160 4920
3700 409 6893 861 geschworen haben, so sog ich selbst. Ich habe mein
240 561 3485 958 Er trat zum Fenster und schien angelegentlich in die
3683 700 6746 983 Mkte verloren, und die sehrten auf ewig
228 764 3438 1050 stellen Straßen hinauszusehen und preßte die
3696 852 6851 1156 Luhe von mir. Wenn Sie mir das aber nicht
240 991 2400 1291 Stirr-Gedankenwolt an die Scheiben.
3679 1055 6763 1358 schwöde, Er wen Sie stumme bleiben
240 1143 3514 1409 Verloren? nunomelte er. Dann saher sich um, lehnte
3696 1219 6877 1498 wie bis jetzt, dann weiß ich, Sie lieben
228 1320 3468 1671 sich in die Nische, kreuzte die Feier und sprachlangsam.
3700 1367 6889 1645 mich - und ich u marme die und küsse dich
371 1515 3514 1835 Eine Frage aufs Gewissen, Frau Talever: Schwöre
3700 1544 6847 1797 und lieb u dich, so seiß, wie du mich lieb st¬
2590 1641 2945 1768 F.Truby
270 1628 3599 1924 Sie mir, daß Sie mich nicht lieben. Er sah sie fest an
3729 1696 6965 2004 Sprechen Sie seht, aber hüten Sie sich vor kein¬
245 1822 3523 2088 man konnte kaum bemerkten, daß in Talmers bleichen
287 1894 586 2029 aber
4168 1903 6898 2219 — Sie sprechen nicht? Also Sie lieb an
3696 1962 4080 2215 id.
287 1995 3540 2295 Gesicht eine Regte. Sie antwortete nichts, und er
818 2055 1152 2181 ehrag
3691 2084 5910 2375 nisch - du lieb st ums? = "
359 2164 3544 2506 foderte sie nicht mehr dazu auf. Er öffnete er das
3691 2240 6915 2590 Ich habe meine Welt verloren.. Das sagt sie
342 2354 3489 2687 Fenster und lesen sich hinaus, als wenn nichts
3721 2443 6843 2704 sagte sie, und das sagt sie so kalt – als
380 2548 3594 2865 geschehen wäre. Eine träumerische Stille
3750 2582 6784 2873 spruche sie gerade das Gegentheil. „Nun, for¬
249 2696 3637 2966 lag in dem schrei, über den Straßen, und schweigen
3734 2751 6898 3050 Sie u. haben Sie mich nicht verstanden. Und
502 2915 1565 3050 stande grösten
291 2877 3620 3156 lagen die Häuser da, und in die Dieikelheit ver¬
3742 2919 6805 3257 dabei blieb sie so ruhig liegen, als sagte
679 3088 1169 3270 gänzig
1207 3021 3476 3358 Hauslagen hinauf, von dem her die
3759 3080 6889 3413 sie das Gleichgültigist von der Welt. Kühl
316 3160 1143 3375 der große St.
873 3240 2122 3430 verkündet, daß
359 3248 3565 3544 Glocke eine halbe Stund nachleibterecht ver¬
3742 3320 6952 3607 war stumm dagestanden: Als aber plötzlich
359 3409 3582 3801 flossen sei. Jetzt wandte sich kühle wieder um
3742 3480 5725 3742 be Zuge weicher im weich.
5780 3527 5948 3645 an
4371 3430 6902 3814 und ihr kurze ihr littvoll  aufge¬
430 3590 3628 3869 Noch einmal Salena, schwören Sie mir frü diesen
3738 3700 6961 3970 zu lächelt, da lag er zu ihren Fusten, in
405 3780 3582 4063 Glakenschlägen, die die Nacht durchbeten, daß
3763 3885 6818 4126 zog ungehtun ihr ägge bei die Heiren¬
5497 3991 5657 4118 x
401 3923 3540 4240 Sie mich nicht lieben schwören Sie es mir bei
3750 3957 6805 4307 und für den Frater für zum Fenst,
447 4168 620 4316 4
384 4084 3510 4383 der Nacht selbst, bei der heiligen, die die
3767 4164 7033 4560 und hielten sich fest, Hand in Haus, und hätten
375 4278 3586 4624 lieb. Bischust - und wenn sie mir das
