7338 4712
2057 194 2252 347 76
231 376 3516 731 dieses Kapitels aufwahlen und sich selbst
293 607 3503 876 trucken die Augenreiben um zu be¬
306 719 3528 1053 merken, wie der Colle Schüler ihn einge¬
293 917 3507 1202 beim Tische sitzen gelassen, alle
335 1082 3458 1343 Gartenlangen ausgelöscht,
310 1235 3561 1541 Während bierpläser vor, ihn hingestellt
326 1405 3520 1694 und einige Ligaan meiner Teller
343 1599 3454 1855 gelegt haben sein, mein lieber, kein
293 1710 3524 2016 Stränner ist es, wie jetzt Maper
339 1892 2594 2161 Bepläterin und Ohrflosterl.
364 1971 3536 2367 Also ich muß Sie mal an, publiklich
351 2194 3516 2512 verlassen, denn einen Schuler.
417 2380 3540 2677 O wäre Süster, lieber, erwiderte sie, in der
297 2537 3491 2822 sich auf eine Bank niederließ und
351 2689 3454 2908 akob zu sich niedezog, „mein Süssen
252 2784 3578 3074 lieber, sag ihnen doch eine Familie, seilte
289 3024 3532 3330 dich hier zurückgehalten, die die seit Jahren
211 3181 3400 3445 nicht gesehen, sie seien doch will groß
297 3338 3396 3640 genug, um allein den Weg zu finden.
293 3516 3379 3809 &c Also, ich fühle mal gegen meine
289 3710 843 3995 Pflicht
359 3797 3532 4189 Pflichte mein, Geliebte, fast du immer gegen
318 4078 843 4239 mich
269 4135 3375 4396 "Also, Sie verführen michmal und er
5565 37 5875 285 77
3788 264 6883 599 Wochen in meinem Tät be in mög¬
3801 516 6895 793 Brist will ich sache erhättliche Gedanke
3792 661 6907 942 Also ich erkenne das; und es ist seh
3784 826 6945 1124 übe von Ihnen; ich werde mal en
3759 1000 4474 1285 Elichen
3933 1091 6949 1388 Erwollte fort; mit sanfter Gewe¬
3817 1305 6974 1603 aber mit einer unendlich starke
3842 1467 6990 1752 zog sie ihn an ihren Büsenfaun
3805 1644 5854 1896 küsste den. Geliebten.
3826 1793 6982 2099 „ Ich muß woll solchen unermeltigt.“
3747 1917 7040 2243 ich ehefrau, um meinen Schilern da zu sachen
3772 2107 5941 2359 also Sie warten möch da.
3854 2206 7015 2528 Ermachte sich auf den Weg, und bald er
3739 2437 7031 2661 er in der Frühterins verschwunden. bei der
3788 2594 7048 2917 geheimnisvolten zündchen erschienen mit
3764 2751 7069 3061 einem Malo eine Zürichitzspestalt, die un¬
3759 2913 7073 3177 in der äußerst schreihen Vermehrung bekannt
3726 3094 7040 3383 dynkt sogag die, Stimm u. ist aus nicht
3772 3264 5804 3520 fremd, die geben spricht,
3854 3326 7044 3702 Seilich schieden Wortreffe wir uns mor¬
3859 3574 6994 3846 teti wohl, Geliebtes, ich erzählen die
3784 3706 6961 3999 morgen am bewüßte Ort sechs Ab¬
3759 3888 6664 4164 Abends. Des Zügling verschot¬
3801 4053 6627 4350 nachdem er einen glöhenken kuss ich
