<?xml version="1.0" encoding="UTF-8" standalone="yes"?>
<PcGts xmlns="http://schema.primaresearch.org/PAGE/gts/pagecontent/2013-07-15" xmlns:xsi="http://www.w3.org/2001/XMLSchema-instance" xsi:schemaLocation="http://schema.primaresearch.org/PAGE/gts/pagecontent/2013-07-15 http://schema.primaresearch.org/PAGE/gts/pagecontent/2013-07-15/pagecontent.xsd">
    <Metadata>
        <Creator>prov=READ-COOP:name=TrHtr:version=2.1.0:model_id=51170:date=14_08_2023_23:18</Creator>
        <Created>2023-05-10T14:33:06.015+02:00</Created>
        <LastChange>2023-08-14T23:18:35.349+02:00</LastChange>
        <TranskribusMetadata docId="1428640" pageId="55421296" pageNr="11" tsid="132830405" status="IN_PROGRESS" userId="64420" imgUrl="https://files.transkribus.eu/Get?id=SQSQZASGRRGVOZQJWKDBAROC&amp;fileType=view" xmlUrl="https://files.transkribus.eu/Get?id=NUTOMVXFCQJXXPDFYVTRBVWP" imageId="44695378"/>
    </Metadata>
    <Page imageFilename="1428640_0011.jpg" imageWidth="7432" imageHeight="5016">
        <ReadingOrder>
            <OrderedGroup id="ro_1711817738286" caption="Regions reading order">
                <RegionRefIndexed index="0" regionRef="tr_1"/>
            </OrderedGroup>
        </ReadingOrder>
        <TextRegion id="tr_1" custom="readingOrder {index:0;}">
            <Coords points="220,457 7309,457 7309,4721 220,4721"/>
            <TextLine id="tr_1_tl_1" custom="readingOrder {index:0;}">
                <Coords points="2110,574 2140,578 2170,613 2201,608 2214,626 2274,608 2304,643 2326,630 2378,639 2403,457 2330,406 2278,423 2274,414 2231,427 2201,419 2158,453 2127,453"/>
                <Baseline points="2137,543 2227,531 2316,513 2406,507"/>
                <TextEquiv>
                    <Unicode>12</Unicode>
                </TextEquiv>
            </TextLine>
            <TextLine id="tr_1_tl_2" custom="readingOrder {index:1;}">
                <Coords points="3758,893 4501,785 5152,872 5333,755 6900,652 7146,764 7163,470 3776,613"/>
                <Baseline points="3785,836 3851,836 3941,824 4030,824 4120,824 4209,818 4299,812 4389,806 4478,800 4568,794 4657,782 4747,776 4836,770 4926,764 5016,758 5105,752 5195,746 5284,740 5374,734 5463,728 5553,722 5643,716 5732,710 5822,710 5911,698 6001,692 6090,692 6180,686 6270,680 6359,680 6449,668 6538,668 6628,662 6717,656 6807,650 6897,644 6986,644 7076,644 7165,638"/>
                <TextEquiv>
                    <Unicode>Reinheit und Ehrenhaftigkeit im Leben bewahren,</Unicode>
                </TextEquiv>
            </TextLine>
            <TextLine id="tr_1_tl_3" custom="readingOrder {index:2;}">
                <Coords points="3728,1061 6149,992 7120,837 7124,738 6904,652 5437,742 5204,863 4988,781 3741,889"/>
                <Baseline points="3756,1021 3815,1015 3905,1009 3994,997 4084,997 4174,991 4263,991 4353,979 4442,979 4532,973 4621,967 4711,961 4801,949 4890,937 4980,931 5069,931 5159,925 5248,919 5338,913 5428,901 5517,895 5607,889 5696,889 5786,889 5875,883 5965,877 6055,871 6144,865 6234,859 6323,853 6413,847 6502,841 6592,836 6682,830 6771,824 6861,824 6950,818 7040,812 7129,812"/>
                <TextEquiv>
                    <Unicode>widrigenfall zu es mit Schimpf und Schande aus dem</Unicode>
                </TextEquiv>
            </TextLine>
            <TextLine id="tr_1_tl_4" custom="readingOrder {index:3;}">
                <Coords points="190,1122 539,1023 803,1126 967,988 1484,1118 2529,919 3560,954 3573,703 2964,811 2283,665 1402,859 880,759 198,889"/>
                <Baseline points="220,1015 262,1015 352,1003 441,1003 531,997 621,991 710,985 800,985 889,979 979,973 1068,973 1158,973 1248,967 1337,967 1427,961 1516,961 1606,955 1695,955 1785,955 1875,955 1964,949 2054,949 2143,937 2233,937 2322,925 2412,919 2502,919 2591,913 2681,901 2770,895 2860,889 2949,877 3039,871 3129,865 3218,865 3308,859 3397,859 3487,859 3576,859"/>
                <TextEquiv>
                    <Unicode>zur Aufgabe machen soll. Sind Sie einverstanden,</Unicode>
                </TextEquiv>
            </TextLine>
            <TextLine id="tr_1_tl_5" custom="readingOrder {index:4;}">
                <Coords points="3732,1234 4289,1152 4513,1260 4932,1126 5225,1152 5234,1027 5087,945 4863,1036 4669,962 4198,1100 4004,1014 3741,1092"/>
                <Baseline points="3756,1188 3809,1194 3899,1176 3988,1164 4078,1164 4168,1158 4257,1152 4347,1146 4436,1140 4526,1140 4615,1128 4705,1116 4795,1110 4884,1104 4974,1098 5063,1092 5153,1092 5242,1086"/>
                <TextEquiv>
                    <Unicode>Verein gegagt wird.</Unicode>
                </TextEquiv>
            </TextLine>
            <TextLine id="tr_1_tl_6" custom="readingOrder {index:5;}">
                <Coords points="207,1221 677,1195 824,1251 984,1165 1489,1148 1489,1105 1290,1040 1113,1061 971,988 798,1131 712,1079 350,1061 211,1118"/>
                <Baseline points="232,1188 244,1188 334,1176 423,1170 513,1164 603,1164 692,1164 782,1158 871,1158 961,1152 1050,1146 1140,1140 1230,1140 1319,1134 1409,1134 1498,1134"/>
                <TextEquiv>
                    <Unicode>meine Herren!</Unicode>
                </TextEquiv>
            </TextLine>
            <TextLine id="tr_1_tl_7" custom="readingOrder {index:6;}">
                <Coords points="3819,1389 5726,1333 6326,1200 7176,1282 7189,1040 3832,1247"/>
                <Baseline points="3845,1361 3875,1361 3965,1349 4054,1343 4144,1331 4233,1325 4323,1313 4412,1307 4502,1295 4592,1295 4681,1283 4771,1277 4860,1277 4950,1271 5039,1271 5129,1265 5219,1259 5308,1254 5398,1254 5487,1248 5577,1236 5666,1224 5756,1218 5846,1212 5935,1206 6025,1206 6114,1200 6204,1200 6293,1200 6383,1200 6473,1188 6562,1176 6652,1164 6741,1164 6831,1158 6920,1152 7010,1146 7100,1140 7189,1134"/>
                <TextEquiv>
                    <Unicode>A. S. Sie haben mal vollständig Recht“ sprach mögen,</Unicode>
                </TextEquiv>
            </TextLine>
            <TextLine id="tr_1_tl_8" custom="readingOrder {index:7;}">
                <Coords points="268,1372 755,1454 1031,1346 3512,1273 3560,1049 751,1256 276,1195"/>
                <Baseline points="292,1343 340,1337 429,1337 519,1337 609,1337 698,1331 788,1331 877,1325 967,1319 1056,1319 1146,1313 1236,1307 1325,1307 1415,1301 1504,1289 1594,1295 1683,1289 1773,1283 1863,1283 1952,1283 2042,1277 2131,1271 2221,1265 2310,1259 2400,1259 2490,1259 2579,1254 2669,1248 2758,1248 2848,1242 2937,1230 3027,1224 3117,1218 3206,1212 3296,1212 3385,1206 3475,1206 3564,1212"/>
                <TextEquiv>
                    <Unicode>Ein rasender Apylaus  belohnte</Unicode>
                </TextEquiv>
            </TextLine>
            <TextLine id="tr_1_tl_9" custom="readingOrder {index:8;}">
                <Coords points="3797,1558 4289,1605 4423,1502 4505,1575 4639,1471 5446,1407 6205,1389 6347,1484 6490,1381 6740,1415 6753,1273 6317,1200 6110,1303 4945,1286 3806,1424"/>
                <Baseline points="3821,1528 3893,1510 3982,1504 4072,1498 4162,1486 4251,1480 4341,1468 4430,1468 4520,1463 4609,1451 4699,1445 4789,1439 4878,1439 4968,1433 5057,1433 5147,1427 5236,1421 5326,1415 5416,1409 5505,1397 5595,1391 5684,1391 5774,1379 5863,1373 5953,1367 6043,1361 6132,1361 6222,1361 6311,1355 6401,1355 6490,1349 6580,1337 6670,1325 6759,1319"/>
                <TextEquiv>
                    <Unicode>der sich jetzt in seinem Elemente befand.</Unicode>
                </TextEquiv>
            </TextLine>
            <TextLine id="tr_1_tl_10" custom="readingOrder {index:9;}">
                <Coords points="298,1549 1342,1571 1588,1476 1726,1558 2024,1458 2196,1575 2412,1463 2615,1549 3499,1446 3551,1269 2731,1260 2270,1381 2041,1286 755,1454 306,1329"/>
                <Baseline points="322,1516 334,1516 423,1510 513,1510 603,1504 692,1504 782,1504 871,1498 961,1492 1050,1486 1140,1480 1230,1480 1319,1474 1409,1468 1498,1463 1588,1463 1677,1457 1767,1457 1857,1451 1946,1445 2036,1439 2125,1439 2215,1433 2304,1433 2394,1433 2484,1427 2573,1415 2663,1409 2752,1409 2842,1403 2931,1397 3021,1397 3111,1391 3200,1391 3290,1385 3379,1385 3469,1385 3558,1379"/>
                <TextEquiv>
                    <Unicode>den zu mit Genugtsuchung lächelnden um</Unicode>
                </TextEquiv>
            </TextLine>
            <TextLine id="tr_1_tl_11" custom="readingOrder {index:10;}">
                <Coords points="3810,1696 6300,1605 6313,1441 5450,1402 5238,1502 4751,1463 4548,1575 4427,1502 4289,1605 4099,1523 3814,1571"/>
                <Baseline points="3833,1683 3899,1677 3988,1672 4078,1666 4168,1654 4257,1648 4347,1642 4436,1636 4526,1630 4615,1630 4705,1618 4795,1612 4884,1606 4974,1600 5063,1594 5153,1588 5242,1582 5332,1576 5422,1570 5511,1564 5601,1558 5690,1558 5780,1552 5869,1546 5959,1540 6049,1534 6138,1534 6228,1528 6317,1522"/>
                <TextEquiv>
                    <Unicode>Und werden auch Frauen in dem</Unicode>
                </TextEquiv>
            </TextLine>
            <TextLine id="tr_1_tl_12" custom="readingOrder {index:11;}">
                <Coords points="203,1756 388,1804 954,1666 1135,1739 1493,1640 1661,1739 1791,1631 2265,1627 2278,1437 2076,1536 1899,1484 1726,1558 1592,1476 1333,1571 1195,1489 746,1622 479,1519 211,1609"/>
                <Baseline points="232,1677 310,1677 400,1672 489,1677 579,1672 668,1672 758,1666 847,1660 937,1654 1027,1648 1116,1642 1206,1636 1295,1630 1385,1630 1474,1624 1564,1618 1654,1618 1743,1612 1833,1612 1922,1606 2012,1600 2101,1594 2191,1588 2281,1594"/>
                <TextEquiv>
                    <Unicode>sich schauenden Kanzleirat.</Unicode>
                </TextEquiv>
            </TextLine>
            <TextLine id="tr_1_tl_13" custom="readingOrder {index:12;}">
                <Coords points="3711,1985 4039,1843 6218,1812 7128,1670 7193,1536 3724,1752"/>
                <Baseline points="3744,1875 3791,1875 3881,1851 3971,1839 4060,1833 4150,1827 4239,1821 4329,1821 4418,1809 4508,1809 4598,1803 4687,1791 4777,1785 4866,1779 4956,1773 5045,1767 5135,1767 5225,1761 5314,1755 5404,1749 5493,1737 5583,1737 5672,1731 5762,1725 5852,1725 5941,1719 6031,1713 6120,1707 6210,1701 6299,1701 6389,1689 6479,1677 6568,1672 6658,1672 6747,1666 6837,1666 6926,1666 7016,1648 7106,1648 7195,1642"/>
                <TextEquiv>
                    <Unicode>Herrs Vielmanns, wollen Sie mal schweichen! Das</Unicode>
                </TextEquiv>
            </TextLine>
            <TextLine id="tr_1_tl_14" custom="readingOrder {index:13;}">
                <Coords points="324,1920 3504,1756 3512,1609 1791,1631 1661,1739 1510,1640 1139,1739 945,1670 328,1821"/>
                <Baseline points="346,1851 382,1839 471,1833 561,1833 650,1827 740,1827 830,1821 919,1815 1009,1815 1098,1809 1188,1803 1277,1797 1367,1797 1457,1797 1546,1791 1636,1791 1725,1779 1815,1779 1904,1773 1994,1767 2084,1767 2173,1761 2263,1755 2352,1755 2442,1749 2531,1743 2621,1737 2711,1737 2800,1731 2890,1725 2979,1719 3069,1713 3158,1713 3248,1707 3338,1701 3427,1701 3517,1713"/>
                <TextEquiv>
                    <Unicode>Jakob Mayer konnte sich nicht enthalten, auf</Unicode>
                </TextEquiv>
            </TextLine>
            <TextLine id="tr_1_tl_15" custom="readingOrder {index:14;}">
                <Coords points="3780,2054 4237,2132 4565,1989 5640,1907 5933,1994 7124,1847 7133,1657 6248,1812 5748,1739 5553,1855 4129,1838 3784,1972"/>
                <Baseline points="3803,2030 3821,2030 3911,2018 4000,2012 4090,2006 4180,2000 4269,1988 4359,1982 4448,1976 4538,1976 4627,1970 4717,1964 4807,1946 4896,1940 4986,1928 5075,1934 5165,1928 5254,1928 5344,1916 5434,1910 5523,1904 5613,1904 5702,1898 5792,1886 5881,1886 5971,1886 6061,1881 6150,1869 6240,1869 6329,1863 6419,1857 6508,1851 6598,1845 6688,1839 6777,1839 6867,1833 6956,1821 7046,1815 7135,1815"/>
                <TextEquiv>
                    <Unicode>Weib ist mal der Grundstein von allem Übel¬</Unicode>
                </TextEquiv>
            </TextLine>
            <TextLine id="tr_1_tl_16" custom="readingOrder {index:15;}">
                <Coords points="293,2080 2783,1998 3581,1881 3586,1773 302,1920"/>
                <Baseline points="322,1994 370,1988 459,1988 549,1988 638,1988 728,1994 818,1994 907,1988 997,1988 1086,1976 1176,1970 1265,1970 1355,1964 1445,1958 1534,1958 1624,1952 1713,1946 1803,1940 1892,1940 1982,1940 2072,1940 2161,1928 2251,1928 2340,1922 2430,1916 2519,1910 2609,1904 2699,1904 2788,1898 2878,1892 2967,1881 3057,1881 3146,1875 3236,1869 3326,1863 3415,1857 3505,1863 3594,1869"/>
                <TextEquiv>
                    <Unicode>ihn zuzustürzen und ihn entzukommarmen.</Unicode>
                </TextEquiv>
            </TextLine>
            <TextLine id="tr_1_tl_17" custom="readingOrder {index:16;}">
                <Coords points="3832,2209 5402,2106 5968,2205 7189,2032 7197,1851 3840,2076"/>
                <Baseline points="3857,2185 3887,2179 3976,2179 4066,2173 4156,2167 4245,2155 4335,2149 4424,2143 4514,2131 4603,2131 4693,2125 4783,2119 4872,2107 4962,2101 5051,2095 5141,2090 5230,2084 5320,2084 5410,2078 5499,2078 5589,2078 5678,2072 5768,2066 5857,2060 5947,2054 6037,2054 6126,2048 6216,2036 6305,2030 6395,2030 6484,2024 6574,2018 6664,2018 6753,2006 6843,2000 6932,1988 7022,1976 7111,1970 7201,1970"/>
                <TextEquiv>
                    <Unicode>Wär mal das Weib nicht auf Erden, so gäber</Unicode>
                </TextEquiv>
            </TextLine>
            <TextLine id="tr_1_tl_18" custom="readingOrder {index:17;}">
                <Coords points="362,2227 2455,2106 2861,2239 3068,2093 3573,2097 3581,1946 367,2088"/>
                <Baseline points="388,2179 447,2179 537,2173 627,2173 716,2167 806,2167 895,2161 985,2161 1074,2161 1164,2155 1254,2149 1343,2143 1433,2137 1522,2137 1612,2131 1701,2125 1791,2119 1881,2113 1970,2107 2060,2101 2149,2107 2239,2095 2328,2090 2418,2090 2508,2084 2597,2078 2687,2072 2776,2078 2866,2072 2955,2066 3045,2060 3135,2054 3224,2054 3314,2042 3403,2036 3493,2036 3582,2054"/>
                <TextEquiv>
                    <Unicode>Sie sind mal ein Retter der Menschheit" ver¬</Unicode>
                </TextEquiv>
            </TextLine>
            <TextLine id="tr_1_tl_19" custom="readingOrder {index:18;}">
                <Coords points="289,2472 518,2339 1247,2421 1786,2291 3068,2334 3612,2218 3616,2097 3284,2058 2818,2218 2339,2123 518,2183 298,2278"/>
                <Baseline points="316,2370 400,2346 489,2334 579,2334 668,2334 758,2334 847,2328 937,2328 1027,2322 1116,2322 1206,2316 1295,2316 1385,2310 1474,2310 1564,2304 1654,2304 1743,2293 1833,2287 1922,2275 2012,2275 2101,2281 2191,2275 2281,2263 2370,2263 2460,2257 2549,2257 2639,2251 2728,2251 2818,2251 2908,2245 2997,2239 3087,2221 3176,2221 3266,2215 3355,2209 3445,2203 3535,2209 3624,2221"/>
                <TextEquiv>
                    <Unicode>sich orte er ihm. „Sie sind mir mal erschienen</Unicode>
                </TextEquiv>
            </TextLine>
            <TextLine id="tr_1_tl_20" custom="readingOrder {index:19;}">
                <Coords points="3840,2391 4306,2330 4432,2429 4621,2296 4669,2339 5083,2291 5234,2343 5243,2209 4962,2222 4721,2149 4513,2201 4457,2153 4099,2231 4022,2179 3845,2265"/>
                <Baseline points="3863,2352 3905,2340 3994,2322 4084,2322 4174,2316 4263,2316 4353,2310 4442,2304 4532,2299 4621,2293 4711,2287 4801,2281 4890,2275 4980,2275 5069,2269 5159,2263 5248,2257"/>
                <TextEquiv>
                    <Unicode>keine Müßlinge-</Unicode>
                </TextEquiv>
            </TextLine>
            <TextLine id="tr_1_tl_21" custom="readingOrder {index:20;}">
                <Coords points="3810,2546 6908,2369 7120,2451 7223,2188 4626,2291 4449,2425 4069,2352 3814,2468"/>
                <Baseline points="3833,2525 3911,2519 4000,2508 4090,2502 4180,2490 4269,2484 4359,2478 4448,2472 4538,2466 4627,2454 4717,2448 4807,2448 4896,2442 4986,2436 5075,2436 5165,2424 5254,2424 5344,2418 5434,2412 5523,2406 5613,2400 5702,2394 5792,2394 5881,2382 5971,2382 6061,2376 6150,2364 6240,2358 6329,2346 6419,2346 6508,2340 6598,2334 6688,2334 6777,2328 6867,2328 6956,2310 7046,2299 7135,2293 7225,2304"/>
                <TextEquiv>
                    <Unicode>„Aber auch keine ordentlichen Menschen“ sprach</Unicode>
                </TextEquiv>
            </TextLine>
            <TextLine id="tr_1_tl_22" custom="readingOrder {index:21;}">
                <Coords points="298,2537 3590,2429 3594,2287 1877,2278 302,2468"/>
                <Baseline points="322,2513 376,2513 465,2508 555,2496 644,2496 734,2496 824,2496 913,2490 1003,2490 1092,2484 1182,2478 1271,2466 1361,2466 1451,2460 1540,2454 1630,2454 1719,2454 1809,2448 1898,2442 1988,2436 2078,2436 2167,2430 2257,2424 2346,2424 2436,2418 2525,2412 2615,2412 2705,2406 2794,2406 2884,2400 2973,2394 3063,2388 3152,2382 3242,2370 3332,2370 3421,2364 3511,2370 3600,2382"/>
                <TextEquiv>
                    <Unicode>wie ein zweiter Stessias, und Sie werden</Unicode>
                </TextEquiv>
            </TextLine>
            <TextLine id="tr_1_tl_23" custom="readingOrder {index:22;}">
                <Coords points="3875,2684 4190,2779 4449,2641 5571,2649 6019,2533 6516,2611 6757,2542 6766,2391 3879,2589"/>
                <Baseline points="3899,2675 3988,2675 4078,2669 4168,2657 4257,2651 4347,2639 4436,2633 4526,2627 4615,2621 4705,2615 4795,2609 4884,2603 4974,2597 5063,2597 5153,2591 5242,2585 5332,2585 5422,2573 5511,2567 5601,2555 5690,2549 5780,2549 5869,2549 5959,2537 6049,2531 6138,2525 6228,2519 6317,2513 6407,2508 6496,2502 6586,2496 6676,2484 6765,2490"/>
                <TextEquiv>
                    <Unicode>langsam und naïv. xx Vielmaier</Unicode>
                </TextEquiv>
            </TextLine>
            <TextLine id="tr_1_tl_24" custom="readingOrder {index:23;}">
                <Coords points="242,2749 1704,2624 1903,2740 2067,2615 2589,2580 2930,2662 3534,2589 3581,2468 3387,2378 2386,2533 1402,2464 250,2649"/>
                <Baseline points="268,2705 358,2681 447,2675 537,2669 627,2663 716,2663 806,2657 895,2651 985,2645 1074,2645 1164,2639 1254,2633 1343,2627 1433,2621 1522,2621 1612,2621 1701,2621 1791,2615 1881,2615 1970,2609 2060,2603 2149,2597 2239,2591 2328,2585 2418,2579 2508,2573 2597,2561 2687,2561 2776,2555 2866,2549 2955,2549 3045,2537 3135,2537 3224,2537 3314,2531 3403,2531 3493,2531 3582,2537"/>
                <TextEquiv>
                    <Unicode>es mal werdend. Nach dieser ergreifenden</Unicode>
                </TextEquiv>
            </TextLine>
            <TextLine id="tr_1_tl_25" custom="readingOrder {index:24;}">
                <Coords points="3879,2844 7159,2718 7172,2503 3884,2727"/>
                <Baseline points="3905,2830 3953,2830 4042,2824 4132,2818 4221,2812 4311,2806 4400,2800 4490,2794 4580,2788 4669,2782 4759,2776 4848,2770 4938,2764 5027,2758 5117,2758 5207,2752 5296,2746 5386,2740 5475,2728 5565,2722 5654,2717 5744,2711 5834,2717 5923,2711 6013,2705 6102,2693 6192,2693 6281,2681 6371,2681 6461,2675 6550,2669 6640,2663 6729,2651 6819,2645 6908,2633 6998,2627 7088,2615 7177,2615"/>
                <TextEquiv>
                    <Unicode>Und über das vergangne Leben wird nichts</Unicode>
                </TextEquiv>
            </TextLine>
            <TextLine id="tr_1_tl_26" custom="readingOrder {index:25;}">
                <Coords points="255,2861 432,2939 790,2839 928,2956 1264,2805 1920,2900 2442,2749 3301,2697 3504,2792 3599,2550 2753,2589 2576,2710 2425,2589 1907,2736 1558,2636 255,2787"/>
                <Baseline points="280,2860 292,2860 382,2848 471,2842 561,2836 650,2830 740,2824 830,2824 919,2824 1009,2812 1098,2806 1188,2806 1277,2794 1367,2788 1457,2788 1546,2782 1636,2782 1725,2776 1815,2770 1904,2770 1994,2764 2084,2764 2173,2764 2263,2752 2352,2746 2442,2740 2531,2740 2621,2728 2711,2728 2800,2722 2890,2711 2979,2711 3069,2705 3158,2705 3248,2699 3338,2699 3427,2693 3517,2687 3606,2693"/>
                <TextEquiv>
                    <Unicode>Opostropfe jetzt er sich auf seinen Platz,</Unicode>
                </TextEquiv>
            </TextLine>
            <TextLine id="tr_1_tl_27" custom="readingOrder {index:26;}">
                <Coords points="3840,3016 4354,3098 6170,2865 6365,2982 6736,2835 7184,2874 7193,2693 3845,2926"/>
                <Baseline points="3863,2997 3887,2997 3976,2991 4066,2985 4156,2985 4245,2979 4335,2973 4424,2967 4514,2961 4603,2955 4693,2949 4783,2943 4872,2931 4962,2931 5051,2931 5141,2926 5230,2926 5320,2914 5410,2902 5499,2902 5589,2890 5678,2884 5768,2878 5857,2872 5947,2872 6037,2872 6126,2866 6216,2866 6305,2860 6395,2848 6484,2848 6574,2836 6664,2830 6753,2824 6843,2818 6932,2812 7022,2800 7111,2794 7201,2800"/>
                <TextEquiv>
                    <Unicode>mehr gesprochen? fragte ein noch nicht alter</Unicode>
                </TextEquiv>
            </TextLine>
            <TextLine id="tr_1_tl_28" custom="readingOrder {index:27;}">
                <Coords points="229,3051 902,2999 1359,3107 1804,2943 1998,3077 2123,2964 2278,3055 3650,2887 3659,2749 2442,2749 1920,2900 1264,2805 928,2956 781,2839 233,2995"/>
                <Baseline points="256,3027 262,3027 352,3015 441,3009 531,3009 621,3003 710,2997 800,2991 889,2991 979,2991 1068,2985 1158,2979 1248,2967 1337,2973 1427,2955 1516,2955 1606,2943 1695,2937 1785,2931 1875,2931 1964,2926 2054,2926 2143,2926 2233,2920 2322,2920 2412,2914 2502,2908 2591,2902 2681,2896 2770,2890 2860,2884 2949,2884 3039,2878 3129,2872 3218,2872 3308,2866 3397,2866 3487,2860 3576,2854 3666,2860"/>
                <TextEquiv>
                    <Unicode>und die Aufragung im sichtheilweise.</Unicode>
                </TextEquiv>
            </TextLine>
            <TextLine id="tr_1_tl_29" custom="readingOrder {index:28;}">
                <Coords points="3797,3202 4539,3154 4652,3249 4798,3141 5446,3072 5618,3176 6792,3003 6995,3102 7241,3038 7249,2869 6572,2852 6378,2986 6175,2869 5454,2908 4358,3107 3806,3025"/>
                <Baseline points="3821,3182 3845,3176 3935,3170 4024,3164 4114,3158 4203,3158 4293,3152 4383,3146 4472,3135 4562,3129 4651,3123 4741,3117 4830,3117 4920,3111 5010,3105 5099,3105 5189,3099 5278,3093 5368,3081 5457,3069 5547,3069 5637,3063 5726,3057 5816,3051 5905,3045 5995,3039 6084,3039 6174,3027 6264,3027 6353,3021 6443,3015 6532,3009 6622,2997 6711,2991 6801,2991 6891,2985 6980,2979 7070,2979 7159,2979 7249,2991"/>
                <TextEquiv>
                    <Unicode>mann, der ziemlich läßig gelebt zu haben schien</Unicode>
                </TextEquiv>
            </TextLine>
            <TextLine id="tr_1_tl_30" custom="readingOrder {index:29;}">
                <Coords points="375,3202 824,3172 919,3266 1355,3150 1657,3254 1994,3098 3590,3051 3638,2926 3357,2982 3154,2869 2278,3051 1696,2951 1364,3107 1074,3012 384,3064"/>
                <Baseline points="400,3182 418,3182 507,3176 597,3176 686,3170 776,3158 865,3158 955,3158 1045,3152 1134,3146 1224,3140 1313,3140 1403,3135 1492,3129 1582,3123 1672,3111 1761,3105 1851,3099 1940,3087 2030,3087 2119,3087 2209,3087 2299,3081 2388,3081 2478,3081 2567,3075 2657,3075 2746,3063 2836,3063 2926,3051 3015,3051 3105,3045 3194,3039 3284,3039 3373,3033 3463,3033 3553,3027 3642,3027"/>
                <TextEquiv>
                    <Unicode>da mein Plan behufs Errichtung des Vereines</Unicode>
                </TextEquiv>
            </TextLine>
            <TextLine id="tr_1_tl_31" custom="readingOrder {index:30;}">
                <Coords points="3827,3383 5830,3223 6076,3335 6291,3197 6567,3279 7072,3189 7167,3029 3836,3232"/>
                <Baseline points="3851,3373 3857,3373 3947,3355 4036,3332 4126,3326 4215,3320 4305,3314 4394,3308 4484,3302 4574,3308 4663,3302 4753,3290 4842,3284 4932,3278 5021,3278 5111,3266 5201,3260 5290,3254 5380,3254 5469,3248 5559,3236 5648,3230 5738,3230 5828,3224 5917,3218 6007,3212 6096,3206 6186,3206 6275,3200 6365,3194 6455,3188 6544,3176 6634,3170 6723,3170 6813,3164 6902,3152 6992,3140 7082,3135 7171,3140"/>
                <TextEquiv>
                    <Unicode>„Es wird durchaus Annestin gewährt. Mir</Unicode>
                </TextEquiv>
            </TextLine>
            <TextLine id="tr_1_tl_32" custom="readingOrder {index:31;}">
                <Coords points="328,3361 522,3474 742,3348 923,3439 1562,3297 1933,3392 2382,3249 3262,3210 3474,3318 3607,3266 3616,3068 332,3275"/>
                <Baseline points="358,3361 400,3355 489,3349 579,3344 668,3338 758,3332 847,3332 937,3320 1027,3314 1116,3308 1206,3308 1295,3302 1385,3302 1474,3302 1564,3290 1654,3290 1743,3284 1833,3278 1922,3266 2012,3260 2101,3248 2191,3248 2281,3248 2370,3248 2460,3248 2549,3242 2639,3242 2728,3236 2818,3236 2908,3224 2997,3218 3087,3212 3176,3206 3266,3206 3355,3206 3445,3194 3535,3188 3624,3188"/>
                <TextEquiv>
                    <Unicode>also angenommen ist; so braucht bedarf as</Unicode>
                </TextEquiv>
            </TextLine>
            <TextLine id="tr_1_tl_33" custom="readingOrder {index:32;}">
                <Coords points="4669,3357 4751,3405 4872,3348 5044,3383 5105,3340 5178,3387 5303,3366 5368,3400 5454,3344 5648,3357 5704,3318 5756,3357 5799,3340 5804,3232 5670,3223 5385,3297 5234,3301 5187,3262 5092,3310 4880,3279 4669,3323"/>
                <Baseline points="4693,3349 4741,3355 4830,3349 4920,3344 5010,3344 5099,3344 5189,3344 5278,3332 5368,3332 5457,3320 5547,3320 5637,3314 5726,3308 5816,3296"/>
                <TextEquiv>
                    <Unicode>Zinnse ich dafür dass</Unicode>
                </TextEquiv>
            </TextLine>
            <TextLine id="tr_1_tl_34" custom="readingOrder {index:33;}">
                <Coords points="3922,3569 7245,3374 7254,3189 3927,3435"/>
                <Baseline points="3947,3505 4036,3505 4126,3493 4215,3487 4305,3481 4394,3475 4484,3475 4574,3463 4663,3463 4753,3457 4842,3451 4932,3445 5021,3445 5111,3439 5201,3433 5290,3433 5380,3433 5469,3433 5559,3421 5648,3409 5738,3397 5828,3391 5917,3379 6007,3379 6096,3373 6186,3367 6275,3361 6365,3355 6455,3349 6544,3349 6634,3344 6723,3332 6813,3326 6902,3320 6992,3320 7082,3308 7171,3308 7261,3314"/>
                <TextEquiv>
                    <Unicode>Hätte ich die Meinung, jeder sollte wahrheit</Unicode>
                </TextEquiv>
            </TextLine>
            <TextLine id="tr_1_tl_35" custom="readingOrder {index:34;}">
                <Coords points="306,3534 2183,3443 2921,3530 3348,3387 3638,3456 3646,3271 2382,3249 1683,3392 1299,3310 311,3495"/>
                <Baseline points="334,3529 340,3529 429,3523 519,3511 609,3511 698,3505 788,3493 877,3493 967,3493 1056,3493 1146,3487 1236,3481 1325,3469 1415,3463 1504,3457 1594,3457 1683,3451 1773,3445 1863,3439 1952,3427 2042,3427 2131,3427 2221,3427 2310,3421 2400,3421 2490,3415 2579,3409 2669,3409 2758,3403 2848,3397 2937,3391 3027,3391 3117,3391 3206,3385 3296,3379 3385,3373 3475,3361 3564,3355 3654,3361"/>
                <TextEquiv>
                    <Unicode>nur mehr der nähere Besprechung über</Unicode>
                </TextEquiv>
            </TextLine>
            <TextLine id="tr_1_tl_36" custom="readingOrder {index:35;}">
                <Coords points="3875,3771 6274,3547 6567,3625 6688,3521 6926,3599 7288,3517 7297,3413 6874,3318 6291,3487 5830,3409 5238,3556 4746,3474 4457,3607 3888,3564"/>
                <Baseline points="3905,3690 3988,3678 4078,3666 4168,3660 4257,3654 4347,3648 4436,3648 4526,3642 4615,3636 4705,3630 4795,3624 4884,3618 4974,3612 5063,3612 5153,3606 5242,3600 5332,3594 5422,3588 5511,3582 5601,3570 5690,3564 5780,3558 5869,3547 5959,3547 6049,3541 6138,3535 6228,3529 6317,3529 6407,3523 6496,3517 6586,3511 6676,3511 6765,3505 6855,3499 6944,3493 7034,3487 7123,3487 7213,3481 7303,3487"/>
                <TextEquiv>
                    <Unicode>getreu und genau unter dem Siegel der Ver¬</Unicode>
                </TextEquiv>
            </TextLine>
            <TextLine id="tr_1_tl_37" custom="readingOrder {index:36;}">
                <Coords points="358,3711 962,3668 1087,3763 1795,3629 1907,3724 2278,3599 2757,3681 3284,3560 3288,3430 2999,3538 1743,3456 1558,3586 876,3491 362,3616"/>
                <Baseline points="382,3696 429,3684 519,3678 609,3672 698,3666 788,3660 877,3660 967,3654 1056,3648 1146,3642 1236,3636 1325,3636 1415,3630 1504,3624 1594,3618 1683,3612 1773,3606 1863,3606 1952,3600 2042,3594 2131,3594 2221,3588 2310,3582 2400,3582 2490,3576 2579,3576 2669,3576 2758,3570 2848,3570 2937,3570 3027,3564 3117,3547 3206,3511 3296,3523"/>
                <TextEquiv>
                    <Unicode>sein erwesen und Einrichtung.</Unicode>
                </TextEquiv>
            </TextLine>
            <TextLine id="tr_1_tl_38" custom="readingOrder {index:37;}">
                <Coords points="3901,3965 4479,3810 4630,3914 5079,3771 7292,3689 7301,3517 4181,3672 3914,3797"/>
                <Baseline points="3935,3851 3988,3845 4078,3833 4168,3821 4257,3821 4347,3815 4436,3809 4526,3803 4615,3797 4705,3785 4795,3785 4884,3779 4974,3773 5063,3767 5153,3767 5242,3756 5332,3762 5422,3750 5511,3744 5601,3738 5690,3732 5780,3720 5869,3714 5959,3708 6049,3702 6138,3702 6228,3696 6317,3690 6407,3684 6496,3678 6586,3678 6676,3672 6765,3666 6855,3666 6944,3660 7034,3654 7123,3648 7213,3648 7303,3648"/>
                <TextEquiv>
                    <Unicode>schwiegenheit in diesem Verein Eine ganze Febuar</Unicode>
                </TextEquiv>
            </TextLine>
            <TextLine id="tr_1_tl_39" custom="readingOrder {index:38;}">
                <Coords points="384,3879 759,3944 867,3849 2947,3728 3499,3814 3698,3784 3707,3564 2895,3586 2731,3702 2619,3599 1083,3763 738,3681 388,3797"/>
                <Baseline points="406,3851 483,3857 573,3851 662,3845 752,3839 841,3833 931,3827 1021,3827 1110,3821 1200,3815 1289,3809 1379,3803 1468,3803 1558,3797 1648,3791 1737,3785 1827,3779 1916,3773 2006,3767 2095,3767 2185,3767 2275,3762 2364,3756 2454,3750 2543,3744 2633,3744 2722,3750 2812,3744 2902,3732 2991,3726 3081,3720 3170,3720 3260,3714 3349,3714 3439,3708 3529,3714 3618,3714 3708,3720"/>
                <TextEquiv>
                    <Unicode>der Titz des Vereines ist natürlich hier, u. muß</Unicode>
                </TextEquiv>
            </TextLine>
            <TextLine id="tr_1_tl_40" custom="readingOrder {index:39;}">
                <Coords points="2205,3849 2680,3819 2718,3845 2934,3823 3064,3862 3107,3823 3202,3819 3202,3754 2951,3737 2878,3780 2628,3784 2567,3745 2490,3784 2429,3750 2205,3793"/>
                <Baseline points="2227,3839 2316,3833 2406,3827 2496,3821 2585,3821 2675,3815 2764,3821 2854,3809 2943,3809 3033,3809 3123,3809 3212,3815"/>
                <TextEquiv>
                    <Unicode>an bestimmen. Aber</Unicode>
                </TextEquiv>
            </TextLine>
            <TextLine id="tr_1_tl_41" custom="readingOrder {index:40;}">
                <Coords points="3858,4056 4173,4108 4509,3978 4898,4073 5230,3927 6136,3987 6662,3849 6848,3948 7288,3849 7297,3681 5079,3771 4634,3914 4367,3814 3862,3983"/>
                <Baseline points="3887,4024 3893,4024 3982,4006 4072,4000 4162,3994 4251,3988 4341,3982 4430,3976 4520,3971 4609,3965 4699,3959 4789,3953 4878,3941 4968,3941 5057,3935 5147,3929 5236,3923 5326,3923 5416,3911 5505,3911 5595,3905 5684,3899 5774,3893 5863,3881 5953,3875 6043,3875 6132,3863 6222,3857 6311,3851 6401,3845 6490,3839 6580,3839 6670,3839 6759,3833 6849,3827 6938,3821 7028,3815 7117,3809 7207,3815 7297,3827"/>
                <TextEquiv>
                    <Unicode>geschichte erzählen sollte, natürlich ohne daß das</Unicode>
                </TextEquiv>
            </TextLine>
            <TextLine id="tr_1_tl_42" custom="readingOrder {index:41;}">
                <Coords points="354,4078 1799,3953 2183,4056 2818,3901 3094,4000 3530,3819 2347,3866 1903,3776 362,3935"/>
                <Baseline points="376,4036 406,4030 495,4024 585,4018 674,4012 764,4012 853,4000 943,3994 1033,3982 1122,3976 1212,3971 1301,3959 1391,3959 1480,3953 1570,3947 1660,3947 1749,3941 1839,3941 1928,3935 2018,3923 2107,3923 2197,3917 2287,3923 2376,3917 2466,3911 2555,3911 2645,3905 2734,3899 2824,3893 2914,3887 3003,3881 3093,3887 3182,3875 3272,3875 3361,3869 3451,3863 3541,3863"/>
                <TextEquiv>
                    <Unicode>die Mitglieder haben sich klebendlich in</Unicode>
                </TextEquiv>
            </TextLine>
            <TextLine id="tr_1_tl_43" custom="readingOrder {index:42;}">
                <Coords points="3953,4177 4436,4255 4742,4129 6792,4121 6926,4013 7288,4104 7301,3871 6835,3948 6667,3845 6136,3991 5234,3922 4902,4078 3957,4099"/>
                <Baseline points="3976,4168 3994,4168 4084,4162 4174,4156 4263,4150 4353,4144 4442,4144 4532,4132 4621,4126 4711,4120 4801,4114 4890,4108 4980,4102 5069,4102 5159,4096 5248,4090 5338,4078 5428,4072 5517,4072 5607,4066 5696,4060 5786,4054 5875,4054 5965,4048 6055,4042 6144,4036 6234,4030 6323,4024 6413,4018 6502,4012 6592,4006 6682,4006 6771,3994 6861,3988 6950,3988 7040,3982 7129,3982 7219,3988 7309,4012"/>
                <TextEquiv>
                    <Unicode>vergangene Fehler auch nur den geringsten</Unicode>
                </TextEquiv>
            </TextLine>
            <TextLine id="tr_1_tl_44" custom="readingOrder {index:43;}">
                <Coords points="354,4203 1087,4237 1389,4142 1713,4229 2123,4117 2969,4203 3469,3983 3107,4004 2982,3905 2175,4056 1765,3953 1553,4056 358,4082"/>
                <Baseline points="376,4197 435,4180 525,4174 615,4168 704,4168 794,4162 883,4156 973,4150 1062,4138 1152,4138 1242,4132 1331,4126 1421,4120 1510,4114 1600,4108 1689,4108 1779,4108 1869,4096 1958,4090 2048,4090 2137,4090 2227,4084 2316,4084 2406,4090 2496,4078 2585,4072 2675,4066 2764,4060 2854,4054 2943,4054 3033,4048 3123,4048 3212,4042 3302,4042 3391,4042 3481,4042"/>
                <TextEquiv>
                    <Unicode>diesem Saal einzufinden, ließ sich eine</Unicode>
                </TextEquiv>
            </TextLine>
            <TextLine id="tr_1_tl_45" custom="readingOrder {index:44;}">
                <Coords points="3922,4350 4030,4397 4216,4341 4332,4401 4608,4311 4863,4432 5057,4319 5316,4332 5329,4134 5225,4108 5113,4177 4980,4117 4828,4177 4759,4129 4432,4259 4328,4160 4259,4220 4104,4160 3931,4177"/>
                <Baseline points="3947,4341 3988,4335 4078,4329 4168,4323 4257,4317 4347,4317 4436,4311 4526,4305 4615,4305 4705,4293 4795,4287 4884,4281 4974,4281 5063,4275 5153,4275 5242,4269 5332,4245"/>
                <TextEquiv>
                    <Unicode>Fleck zurücklassen.“</Unicode>
                </TextEquiv>
            </TextLine>
            <TextLine id="tr_1_tl_46" custom="readingOrder {index:45;}">
                <Coords points="388,4375 496,4414 690,4345 876,4388 1100,4345 1260,4423 1415,4285 1752,4358 1748,4211 1480,4198 1389,4147 1307,4211 1251,4181 1087,4237 1027,4198 863,4272 699,4177 397,4224"/>
                <Baseline points="418,4329 423,4329 513,4323 603,4323 692,4323 782,4323 871,4323 961,4317 1050,4311 1140,4305 1230,4299 1319,4293 1409,4287 1498,4281 1588,4281 1677,4287 1767,4287"/>
                <TextEquiv>
                    <Unicode>Nun u vernehmen.</Unicode>
                </TextEquiv>
            </TextLine>
            <TextLine id="tr_1_tl_47" custom="readingOrder {index:46;}">
                <Coords points="4030,4583 5890,4401 6645,4470 7279,4354 7288,4237 6813,4164 5791,4337 5329,4268 4867,4427 4043,4367"/>
                <Baseline points="4060,4502 4066,4508 4156,4496 4245,4496 4335,4490 4424,4484 4514,4478 4603,4472 4693,4466 4783,4460 4872,4454 4962,4448 5051,4442 5141,4436 5230,4430 5320,4418 5410,4412 5499,4406 5589,4400 5678,4400 5768,4394 5857,4394 5947,4389 6037,4383 6126,4383 6216,4377 6305,4371 6395,4365 6484,4353 6574,4353 6664,4347 6753,4335 6843,4335 6932,4323 7022,4323 7111,4329 7201,4329 7291,4335"/>
                <TextEquiv>
                    <Unicode>„Nein nein“ nein ne in nein!“ erscholl es von</Unicode>
                </TextEquiv>
            </TextLine>
            <TextLine id="tr_1_tl_48" custom="readingOrder {index:47;}">
                <Coords points="401,4552 3702,4419 3737,4216 3232,4328 1415,4289 1243,4432 410,4371"/>
                <Baseline points="423,4526 513,4526 603,4520 692,4508 782,4502 871,4496 961,4496 1050,4490 1140,4484 1230,4472 1319,4466 1409,4466 1498,4454 1588,4454 1677,4448 1767,4442 1857,4442 1946,4436 2036,4430 2125,4424 2215,4424 2304,4424 2394,4418 2484,4424 2573,4418 2663,4412 2752,4406 2842,4400 2931,4389 3021,4389 3111,4389 3200,4389 3290,4383 3379,4383 3469,4377 3558,4371 3648,4365 3738,4359"/>
                <TextEquiv>
                    <Unicode>Angenommen" sprach Falke, dann muss selbst</Unicode>
                </TextEquiv>
            </TextLine>
            <TextLine id="tr_1_tl_49" custom="readingOrder {index:48;}">
                <Coords points="401,4768 1640,4798 1985,4617 2378,4716 2749,4583 3387,4708 3694,4639 3707,4371 410,4600"/>
                <Baseline points="423,4711 483,4705 573,4693 662,4681 752,4675 841,4669 931,4663 1021,4651 1110,4651 1200,4639 1289,4639 1379,4639 1468,4627 1558,4621 1648,4615 1737,4609 1827,4609 1916,4603 2006,4598 2095,4592 2185,4592 2275,4586 2364,4580 2454,4586 2543,4580 2633,4580 2722,4574 2812,4568 2902,4568 2991,4568 3081,4562 3170,4562 3260,4556 3349,4556 3439,4544 3529,4538 3618,4532 3708,4526"/>
                <TextEquiv>
                    <Unicode>verständlich jedes der Mitglieder die größte</Unicode>
                </TextEquiv>
            </TextLine>
        </TextRegion>
    </Page>
</PcGts>
