7224 4920
172 521 3502 900 a schwill drüber nachdenken, - wir werden doch woll
198 773 3556 1089 noch eine unterwachte Sekunde heute haben –: igete,
210 1000 3472 1291 dessen Urtsur, leb wohl. Sie reichte sich die
231 1148 2236 1476 spände und kann ten sich.
282 1295 3426 1551 Mit fliegenden Worten berichtete Talke seinem
240 1480 3586 1829 Intimus die Geschichte, und xxx dann außerordnet¬
223 1682 3603 1972 lich schweig sein unter dem Geplauder Sie ist
240 1866 2274 2110 Keiles und Glut's umher.
437 1984 3468 2312 Einen schönen Stock hast du!“ sagte Stube zu
353 2241 2207 2531 glut. „ Tauschen wir!
425 2329 3569 2690 Zeig deinen erwiderte der andre, und besichterste
248 2543 3502 2787 mit keinermiene den Stock seiner Freundes.
269 2690 3514 3056 „ den hast du auf dem kollmarkt gekauft –
273 2926 887 3182 Nicht?
454 3048 3611 3304 Nein, zufällig“ entgegnet der schön Sargues
286 3228 3636 3548 und warf den Kopf zurück, wodurch der Gut noch
366 3418 3619 3737 schiefer zu sitzen kam.“ ich der Unterstrafe
353 3615 1791 3931 Wo tauschen wir?
366 3788 3653 4031 „Nein lieber Jacques. Das theil nicht.“ Ein
1400 3964 1606 4069 any
383 3905 3678 4267 Schlag auf die Schulter hätte zur Folge, daß
429 4124 3577 4473 er sich umdrehte, und dankung den den Hrn Johan
462 4279 3611 4637 Gries gewahrt, welcher, wie er schleunigst
3695 412 6848 795 erzählte, eben seine beiden blanden Vis-à-vis In¬
3691 702 6806 1005 gleitet hatte, die heute das erste Mal lange
3682 837 6877 1160 Kleider trugen. „Sie werden aber von jetzt an
3708 1068 6688 1366 wiederkuge tragen, ich habe ihnen ge¬
3704 1177 6751 1543 sagt, daß ihnen die Ganzen nicht gut stehen.-
3678 1341 7020 1703 Falka war durchaus nicht in der Laune, der Polos
3695 1547 6869 1883 Gesch vätz anzuhören, trinkt deshalb Morin zu
3712 1698 6957 2072 und gez mit ihm allein durch die Alleen, die
3708 1862 7016 2295 sent, da es ein Gartenfestgab, von Spazier¬
3821 2110 5612 2480 gängere dicht gefüllt waren.
3804 2194 6936 2581 seit einem Stal gewahrte er, wie Josef
3800 2384 6995 2758 kranzlein auf ihn zukam, den er schon persönlich
5927 2556 6335 2695 Folilte
3817 2531 6936 2951 vom vorigen Jahr her konnte. Er reichte ihm die
3750 2724 6894 3090 Hand, fragte ihn, wie er sich gestern mit
3767 2888 7075 3304 Franz in der Oper unterhalten, - " passabel, passatel,
3767 3119 6987 3506 ein hübsches Mädel, die Gstrelle – was er denn
3771 3258 7003 3628 eigentlich von Papi Ritterhalte -# ein dumm¬
3792 3413 7003 3830 kopf, macht jeden Augenblick einen andere
3813 3594 7020 4044 schlechten Witz. Auch Moring Sie in hatte sich
3872 3792 7096 4195 entfernt, und kränglein wir mit Talke aller
3792 4010 5343 4351 in Gärten umher.
3851 4174 6882 4469 Sie kommen natürlich auf Kann zu sprechen.
