7400 4872
5459 160 5666 392 29
2206 274 2422 536 28
3835 502 7163 835 Ich bitte dich deshalb, von deinen innützen Wortefür
354 574 3670 987 Nun, eben weit bist du eben nicht - „spöttelte
6252 671 6429 780 P D
3805 730 7189 1000 dich zu behalten; sie helfen mir nichts. Und endlich
3852 882 7024 1219 fällt ja diese, Sünde nicht auf dem Gewissen;
312 852 1249 1076 Wahlmann.
359 991 3675 1299 Gesah sie ja gestern das erste Maj. V. wie sie sonste -
3860 1025 7206 1371 sondern nur auch meines. Da mich aber dieser Sünde
3856 1207 7151 1485 durchaus nicht drückt, braucht sie dich noch viel
759 1228 1396 1401 wie sie¬
367 1291 3632 1574 Am Ende, wie Fräulein Lambert höhnte Etfried.
3839 1384 7134 1645 weniger zu drucken; ergo – aber ich glaube, du
329 1489 3624 1763 „ Sie ist rein, keusch, edel -, sie ist nicht wie die
3839 1569 5514 1877 hast mich verstanden.
346 1671 2118 1958 ondere ihres Gelichters -
3835 1675 7201 2033 „ Du wirst du mich denken profezeihte Othrien¬
4573 1730 5041 1873 einmal
338 1844 3653 2092 Wie genau [das das alles schönweißt] unterbrach¬
3907 1852 7210 2228 du gehörechst mir nicht; du hörst nicht auf die Worte
3839 2059 7231 2308 eines Freundes - nun, wir werden sehen, was
460 2025 882 2291 Ed.
443 2160 3620 2443 äch hörte gestern zwei Männer im Theater der
3852 2177 7159 2510 da kommen wird.“ Mit diesen Worten schickte
637 2287 3434 2590 er war, sprachen zwei Herren über sie; -
392 2375 561 2502 A
3923 2396 5223 2721 ersitt an zu gehe.
346 2493 599 2658 19/11
532 2476 3653 2805 sie ist eine Waise - Herzjung - vielleicht sich sehr
3877 2531 7231 2827 „Hall, Ölfred“, hielt ihn Falke auf.“ Keinen
3949 2670 7227 2953 Schritt weiter bevor die mir nicht dem hiesigen
401 2721 958 2953 Jahre: -
447 2780 3615 3113 „ Das bewicht noch nicht, daß sie tugendhaft ist,“
3923 2881 7231 3206 Versprechte gibst, mir in keiner Weise hiederlich
645 3000 1110 3105 warf
384 2995 1818 3312 sagte Ölfried ein.
3966 3059 5510 3375 in den Weg zu treten.
464 3160 3717 3497 Aber sie ists! Ihr kömmt mir auf mein Wort
3987 3067 7172 3506 der Angwedete blieb stehn. „Du glaubst wohl
481 3291 3704 3666 glauben, - fie ist's; nur immal seht in ihre
3923 3379 7189 3721 gar, ich will sie dir abwendig machen, lachte er
506 3438 3696 3729 dinkeln Augen, mir einmal – und
4067 3535 7227 3826 spöttisch "Du brauchst de keine Furcht zu haben.
472 3662 2337 3957 dann seid Ihr überzeugt!
3953 3717 7218 4033 oder dukunst Obried schlecht.“ Damit ging
498 3814 3742 4122 "dunkle Augen". Das ist schon gefährlich" wirkt
3957 3974 4354 4155 er.
456 3945 3772 4320 Olfried. „Ih räte dir ernstlich, lasse dich nicht
3995 3907 7075 4354 Sollte man glauben, daß dieser Mensch
1700 4155 2223 4371 Walling,
3949 4219 6784 4535 erst zwanzig Jahre ist? philosophirte kühl
515 4189 920 4425 um!
557 4358 3767 4662 du bringt mich in Mit "Olfried" sagte mahnte Fritz.
