6888 4744
4149 235 4507 440 mir
3532 292 6812 622 daß einzig und allein helfen kann, eben
1395 296 3309 671 Dreischntes Kapitel
3548 510 6825 794 Stock und Stadt, herunterprunnen, und die
1371 593 3363 844 Tolles Ende des ersten Mai!
3589 700 6817 963 gange andre Sippschaft beim Teufel zu lassen
3569 831 6677 1128 „ Ohr, mir wirst du doch erlauten, mit
3589 1013 5606 1272 zu dennen fragte Suris.
3561 1136 6821 1412 „Wies beliebt, wenn du so viel Schnelligke
1865 1235 2169 1511 Für
3598 1317 6829 1593 in den keinen fast, ists mir recht. Eben
1136 1371 3396 1646 Himmel, schon xxx Uhr auf Arthur Falk
3544 1490 5030 1737 Du, lieber Weizen.
1000 1527 3437 1791 auf der Spitze des Husarentempels
3626 1675 6796 1926 Während Professor Jakob Mager „der from
1091 1688 3449 1959 so laut, daß sich Jakob Mayer
3589 1799 6825 2083 gehete xyz (vielleicht verwandelte sich
671 1861 3425 2128 erkannteinwandte. Himmel, schon viel Uhr
3544 1963 6788 2190 das Göhnen in seinem großgrälligen Münde¬
1095 2017 3375 2272 wiederholte erleiser zu Stuig ge¬
3532 2124 6841 2408 in im Paterunsee (und die Klasse ihm nachschaft
1058 2165 3429 2441 wendet, der seine Uhr zum Ohr hielt
2696 2334 2951 2437 Yours
3602 2293 6837 2486 war hatte Arthur Falke schon einen alte mortale
1033 2334 3305 2626 und sagte. Ja, es ist eher Uhr
3622 2449 6788 2725 über einen Baumstumpf durch nach 12
1070 2503 3355 2791 Weizen wieviel Uhr hast du 3 f
3647 2614 6796 2890 Getüsch, auf zu dem spiralippewunden Pfad¬
1004 2655 2449 2923 te. Felke aufgeregt
3639 2762 6808 3054 gemacht, wohin ihm eben so küse Weizen, noch
1058 2778 3371 3091 „Meine lieben Freund, es ist fünf
3626 2935 6833 3215 kühner aber Sing folgte, der nemlich der
1029 2988 1383 3244 Uhr.
3153 3042 3351 3367 be
3614 3091 6804 3375 Länge nach auf der Erde ans gestreckt
1066 3145 3104 3425 " Und um sechs Uhr sob ich¬
3581 3260 6796 3486 lag. Was kümmerte das aber die ande
1054 3301 3256 3532 Pst, schon nicht so ermahnte Sonnig
3602 3421 6718 3692 Ebensowenig wie sie sich um den Weg
1120 3474 3388 3709 Hob ich mein Rendezwors mit
3598 3577 6644 3824 sorgten — sie sprangen gerade aus
1070 3626 3359 3923 tann“ selzt Arthur dieses
3635 3705 6779 3976 hierunter durchs dickicht, stolzerten über die
1070 3791 3363 4050 hiezu. Ich bitte auch, rathe
3647 3906 6508 4170 baumeßungse, leiteten auf den am Boden
1029 3939 3437 4240 Ich bitte auch, = mir was thun?
3635 4071 6615 4330 liegenden Nadeln der Raumans
1148 4104 2923 4404 Ich glaube meinestheil
