7176 4680
5310 160 5529 412 29
2143 151 2319 353 18
3684 382 7029 739 der Schwäher stand, bewuste Sinnig, die Zeit, sich
370 429 3563 802 Jünge mit schwarzen Haaren und Augen, auf die
5987 605 6525 777 beson
5247 622 5638 807 erster
302 676 937 840 welchkeltre
3727 643 7050 916 etwas mehr. gegen die Bank seyn siehen, um etwas
239 668 2004 899 er sich auf ein bildete.-
4424 815 4810 962 grenzlich,
3756 798 7071 1092 Von den lautgeäußerten Meimungen
387 832 3424 1126 Die Stunde begann mit der höchst interessanten
3714 1004 4676 1294 zu profitiren
357 1013 3407 1336 Beschäftigung, eine Öde zu lesen von Klogstock zu
3752 1147 6999 1462 Waschlagski warf noch einvereichtendeten Blick
336 1206 3462 1487 lesen, zu deren Interpretirung der kraussange
3668 1340 7037 1613 auf die Freoler und schriebt mit starken Applomb
256 1378 1706 1689 Sinnig gerufen würde.
3811 1508 4361 1651 gexjen
3731 1496 5562 1790 auf den Katfeder zu.
323 1521 3348 1828 Währen 3 dieser Stunde zeil las Unterstatt
3668 1697 6995 1987 „Also Sieig, haben Sie schon darüber nachgedacht,
273 1702 3588 1979 Das eben nicht uinfangreiche drama Falkes zu Ende
3701 1844 6474 2151 was "Etatszeneraux" zu deutsch heißt?
277 1886 3533 2159 und der Autor des selben unterhielt sich schon erfang
3714 2054 5008 2327 „ Generalstand.“
286 2059 3474 2319 mit seinem rechten nachbar Weizen.
3706 2218 7024 2538 „ Ja, - freilich, mein lieber Sinnig! Ja! General
336 2248 3546 2521 Sie Falka, erhönte Waschlagskis Stimme. "Ma
2815 2382 3533 2559 Siehen ein Jahr
3777 2370 6655 2680 stände. Es ist genug. Leben Sie wohl.
345 2412 3563 2714 haben Sie denn immer zu schwälzen? Die mögten
3147 2550 3563 2701 Schwertig
3756 2538 6966 2869 In diesem Leben Sie wohl, so glaubbe der
349 2584 3605 2806 Weizen, Sie beide haben im er so ein Teistel
3668 2718 6991 3063 Professor wenigstens, lag ein ertzückender
298 2790 3592 3050 Meistel unter der Bank t. Früherwar wenigste
349 2932 3563 3243 Ihr andrer Nachbar ruhig, der - der Unterstatt
3718 2932 4365 3172 Mibz
3777 3075 7037 3403 "Pollak, wollen Sie was schreuzte Maschlags¬
307 3109 3550 3382 jetzt haben Sie aber den auch in Ihre Kreise je¬
3718 3239 5966 3542 ki einen Schwäterplötzlich an
366 3327 3495 3605 zogen. Ich werde nächstens in das Conferenz
3756 3420 7037 3731 der Angeredete stand auf, drehte sich sie um hin¬
273 3462 1395 3722 beantragen, da
1416 3437 3542 3735 man, ihm forthet weiter oorn
933 3605 1878 3781 wieder den Weizen
3672 3596 6848 3920 und machte ein unbeschrieblich blödes Gesicht
323 3621 3495 3941 hinsetzt, während dieser Worte war der
6676 3756 6861 3890 1 3
3790 3781 6688 4046 setzt v. Wollen Siewas? – Setzen Sie sich
328 3794 3529 4096 Aufgeregte Professor von. Katheder herunter¬
3882 3958 7033 4277 Inzwischen hatte Unterstatt seine Meinung
370 3966 3521 4331 gerannt und während er bis der Bank
