7256 4792
1914 237 2151 499 80
175 466 3391 841 Ein heißer, plühender kuß, tief in ein
221 728 3508 961 Ecke drückten sich beide Gestälte. - von
133 849 3487 1153 Lange Umarmung - Estrellos tecken¬
229 1049 3483 1323 unwohlen die Wange Tälkes; - und
216 1173 3475 1502 neugierig sah der Mord zum Tiefter
233 1377 3566 1685 herein, xxx
279 1511 3550 1789 Denn zur selben Stunde sich von höhe
283 1681 2218 1981 tig gewundert haben.
337 1814 3508 2106 Denn gerade haben ja in einem anderen
146 1989 3487 2260 Haben so verlassenen Cörper
246 2147 3441 2422 dieselbe Sonn gesehen – von jetzt –
358 2309 3466 2572 E jetzt sieht er das dritt Mal
424 2493 2505 2763 wieder ganz dasselbe.
408 2526 3516 2934 Ein dunkles Couper, eineskuß, eine
441 2792 3325 3054 Abmann, zwei Gestalte) -
433 2959 3479 3229 Helstverrat ich aber nicht mehr, ver¬
383 3117 3366 3404 Das ist. - die zwei gewesen sind.
449 3312 3429 3595 Zwölf Uhr schluss, als auf der Dorfthümerniß
666 3462 1219 3595 xyz
483 3450 3341 3733 der erste Tag des nur war
508 3595 3550 3887 in diesen, als der sich vorbeibrächte.
395 3799 3175 4082 vnd erste Mai war vorüber
2093 4107 3570 4332 Akademische Herzen
1436 4149 3225 4498 Ende des ersten Theiles:
1935 4411 3100 4602 den zu weken.
483 4332 1669 4631 vom 25 September 1876 bis 23. Juni 1877
