7144 4808
307 497 3490 833 geßen von küste schreiben wollte. Ich weiss nur
299 720 3502 1031 Daß sie jetzt heute Arm in Arm mit dem jegen
457 898 3498 1124 Mann aus den Fallst gekommen ist. Sie
364 1084 3478 1391 hat mich schon bemerkt! Wie lächerlich
336 1201 3360 1537 ihr wohl erscheinen muß, und diese
388 1423 3583 1702 Hier endete das tagebuch. Salke, der bis
356 1573 3554 1925 jetzt ruhig dagesessen war, stand auf und
336 1739 3534 2030 trat zum Fenster- der Tag war wen derschön¬
396 1921 3490 2220 wol dätige Wärme strahlte vom blauen
396 2083 3514 2426 Himmel auf die frische knospenden Erde.
526 2277 3502 2572 selbst das steinige, holgrige Pflaster u
400 2451 3554 2734 Der Stadt bot von der Sone bestrahlt
412 2645 3563 2899 einen Freundlichen Onbleik da, als sonst,
336 2823 3437 3114 und eine Freude gewährte es, die jungen
396 2968 3575 3227 Rädchen in den leichten Kleidern und reiziede¬
384 3146 3526 3474 Lokatten Strohhütchen über die Straße gehä¬
461 3364 1165 3615 zu sehen.
453 3498 3546 3793 plötiglich klagft Frigen jemand collegial
449 3676 3599 3991 auf die Schulter. Er wandt sich um gewährte
388 3846 3603 4149 seine Bruder Ärther, der ein kleines Zettel¬
360 4011 3599 4367 ihm in der Hand, ihn folgendermaßen anredet
5006 170 5229 368 42
3672 433 6834 817 Sieh was sich heute in der Schule gefunden habe.
3724 635 6765 991 Fritz nahr mehr, um seinen Bruder wieder
3676 813 6830 1104 los zu werden, als aus Interesse, den Zettel
3668 1015 6919 1343 in die Hand, doch als er die Aufschrift theuer¬
3720 1173 6943 1504 Estrella las, zikterte er merklich zu ässern
3708 1347 6927 1638 Als er aber zu Ende gelesen hatte,
3740 1545 6729 1836 zwang er sich zu einem Bächeln, und
3789 1715 6919 1981 fragte mit kaum bemerkbar bebender
3761 1897 5245 2119 Stünre den Bruder.
3728 1953 6066 2366 „Wer ist denn dieser Ludwig?
3700 2200 6907 2491 „Budrix Nelke, im der Geschichtsprofessor
3692 2374 6850 2620 der bei uns, wie ich dir sß schon manchmal
3716 2535 6951 2907 erzählt habe, in dem Hufe eines Don Johan
3789 2762 4408 3069 steht.
3728 2879 6931 3243 von Jonaz" rief er laut, - und, o, wenn
3765 3069 7020 3425 sie das wußte, setzte er in Gedanken hinzu
3769 3243 6207 3599 „Geh geht, Arthur Sich habe zuthun
3769 3421 6749 3716 Als er wieder allein war, rief er aus.
3777 3579 6895 3902 O Himmel! Heute Abend um sieben Uhr!
3765 3773 6959 4092 Mit glühenden Küssen. Also das ist dieser junge
3809 3951 6971 4299 Mann — Und wenn ich mirs überlege, hat Nelke
