7880 4872
4215 218 7665 550 die in lauschiger Haltdünkel gehüllt waren, gesche¬
590 240 3328 533 zum Enthusias aus geneigte Fälke.
4228 424 7530 681 offenstand. Dies war der Glanzpunkt der
616 459 3852 716 "Ah, Sie da, Herr Norbert?“ sagte mit einem
218 520 533 804 Ich
4210 646 7691 874 geselligen Abende. Den ganzen Wismoncher
655 673 3931 900 Mal Findel, dem Angeredeten entgegengehend.
245 751 515 935 Mr
4245 756 7617 1057 sehnte sich den ganzen Abend nach der Sekunde,
633 804 2778 1088 und ihm die Hand reichend.
236 917 511 1140 er
4245 970 7669 1184 da die Beleuchtung schwächer werden sollte, und
703 987 3909 1271 Wie finden Sie heute meine Collegie fragte
363 1053 528 1240 Sr
4241 1149 7578 1428 ein günstiges Geschick die dame an seinem Arm
703 1153 3909 1472 Norbert, ein wegen seines Schönheit sehr berühmt,
4193 1341 7643 1581 mit ihm in eines jener regenden Gemächern
664 1354 3852 1647 Mann Schauspieler, indem er auf Ratharma
328 1297 542 1616 be
4267 1459 7656 1764 führte, wie geschaffen zum Lieben und Küssen.
625 1524 3966 1760 Rank wies, die von einigen Herren umweisst
323 1581 524 1799 le
4263 1633 7547 1961 dieser Einrichtung verdankte jedoch die Rück¬
616 1699 1083 1952 war.
4219 1874 7582 2127 mansiana ihren gikanten Ruf, obwohl diese
625 1764 3905 2127 „Sie ist wie immer die Königin? erwiderte Findes¬
6761 1974 7250 2118 gerechnen.
6726 2027 7451 2219 sei es ge¬
4241 2005 6656 2302 Pikanterie, zur Ehre des Vereins
620 2035 3870 2324 Die Talma sieht heute wunderbar aus. - Wie
6726 2053 7669 2315 Zu im Misverstand
6722 2227 7652 2590 nißen vorzutragen
4263 2179 6639 2481 standen, ein in Frivolitäteus.
642 2219 3905 2538 viel Uhr haben Sie? Es ist heute noch ungemein
314 2153 515 2468 mon
4228 2372 4861 2599 artete.
607 2402 1446 2682 gespreizt.
4241 2538 7123 2835 (Stavas) Zufall oder Absicht, daß Tohler im
642 2507 3891 2878 Es fehl nicht viel auf Mitternacht. Es konte
4280 2699 7643 3005 der Moment zwar gekommen. Von der nächsten Thurm¬
568 2747 3673 3035 wirklich schon etwas freier hergehen. -
4197 2917 7516 3201 sehr schlug es zwölf, und mit einem Mal war
651 2891 3891 3206 In der Sinkmausiona war bestand die
4215 3075 5966 3354 ab halb denkel geworden.
542 3101 4053 3402 treffliche Einrichtung, daß genau ein Mitter
4293 3249 7634 3490 war es zufall oder Absicht, daß Talma eine Zeit
607 3271 3848 3594 nacht, die Beleuchtung bedeutend geschwächt
5110 3446 5350 3568 einer
4232 3433 7582 3686 lang bei der Thüre wartete, und sich nach allen
581 3511 3839 3699 wurde und, ein lauschiges Halbdünkel
4328 3647 7495 3931 Seiten umfah? War es W aber der nicht
590 3634 3887 3926 entstand, die übrigen theres geöffnet
4337 3787 7591 4101 Anderling kalt. liess sich nicht erblicken. Der
651 3808 3822 4136 wurden und man hiedurch der Zügan
4381 3992 7595 4311 Salow war ganz leer geworden. Sie war die,
642 4053 3966 4276 zu einer ziemlich großen Menge kleiner Zuer,
3341 4206 3905 4533 Hemacher
