7384 4920
155 660 2999 1014 im Innern des Volkes weiter fressen.
293 889 3474 1208 Aber nun wäre ich doch neugierig, welches
276 1061 3422 1295 Ereignis im Juern des Volkes weiter
276 1208 3456 1523 fressen wird und das die ganze Cultur¬
276 1420 2265 1696 geschichte unwälzen wird?
272 1545 3569 1804 Also hören die- und staunen Sie. Beidesen
220 1679 3396 2037 mit ergreifendem Rathos gesprochenen Worten
280 1864 3577 2196 zog der hagre Kanzleirat aus seiner Tasche.
250 2063 3569 2386 ein Zeitungsblatt, und las mit lauter Stimme
250 2321 643 2503 vor.
155 2412 3594 2649 „ „ Diegetern zum ersten Male im Wiedner Theater
293 2537 3439 2831 an der Wien aufgeführte Operette erfreiete sich
276 2710 3616 3016 einge recht günstigen Aufnahme. Doch müssen
293 2900 3629 3111 wir um uns nicht die Fehler der Ungenänigkeit
2447 3033 2615 3141 Dal.
242 3025 3642 3348 zu Schulden kommen zu lassen, des Frl. Sambert
1368 3219 1618 3353 Ihr
1105 3180 3616 3461 beliebten Ballettägerin,
285 3254 1126 3504 erwähnen
496 3417 1118 3586 ernähnen
328 3400 3569 3642 die auch geßere in einem eingeschobenen
306 3560 3569 3858 Ballet als sozusagen als prima ballerina mit
324 3754 3586 4000 wirkte. Zwar wäre gegen ihr Costurne oder viel.
293 3849 3659 4134 mehr Nichterstüme, da es nur — Herr Prof. Syne¬
324 4030 3564 4315 Fälke des Zeitungsblatt auf den Tisch, und
350 4229 3577 4557 sah Herrn Wahlmann mit funkelnden
440 4406 3318 4682 Augen an. "Nur was sagen Sie dazu?
3711 453 6718 936 „Ich bitte, lesen Sie zu Ende, Herrstocke!
3750 695 7102 1066 „ „ da es nur aus einem Gürtel“, hören Sie! nur
3823 893 7180 1161 aus einem Gürtels Herr Wahlmann! Nur aus einem
3789 1018 7150 1389 einzigen Gürtel - einem einigen schmäler
3797 1299 4505 1579 Gürtel-?
3806 1372 7197 1713 „Steht schmal auch da?“ fragte ruhig Herr Wahlmann,
3810 1545 7146 1851 indem er "Min, daß wohl nicht", sagte der Kanzlei¬
3797 1726 6934 2032 rat, - 'aber - aber - das lässe sich denkens
3840 1899 7115 2214 Natürlich läßt sich das Dieken stimmten die
3737 2084 6153 2360 andere Herren bereitwillig bei.
4026 2218 7210 2567 Ich bitte Sie, weiterzulesen. Herr Falke, sagte
3780 2352 7215 2688 Herr Wahlmann, indem er mit seinen Handschuhen
3823 2662 4298 2917 spielte.
3776 2710 7189 3072 „ Zwar wäre Gegen ihr Costume od. vielmehr Nichteostume,
3814 2891 7197 3219 da es nur aus einem Gürtel bestand, manches
3827 3003 7150 3361 einzuwenden "manches! Hören Sie! Manches und
3853 3189 7236 3569 Wm, und Sie sprechen gar nichts 3 Sie sagen gar nicht
3862 3499 4423 3732 dazu?
3871 3564 7266 3892 Heilicher Himmel! ertönte eine Stimme, die einem eben
5989 3676 6921 3823 Seißen in der
3793 3750 7258 3987 Gerengs wenn nicht einem Inluiten, dennoch eine
3940 3832 7271 4181 destens einem ihrer begeisertsten Anhänger
3888 4147 4561 4388 angehörte.
3901 4229 7202 4634 "Ah, sein Sie mir geprußt, Herr Professor, doch
