7288 4968
3632 347 6976 847 Entfernung stehen, als plötzlich eine in mittleren
3607 601 6883 1050 Alten stehende dann auf ihr zukomm, ihm die
152 542 3480 999 mit teppichen versehene Treppe hinauf; im erste¬
161 787 3480 1168 Stock war die Thüre mit geöffnet; zwei intioren
3657 864 5291 1177 kand reichte, u sagte.
3624 940 6849 1380 " Ich bin ganz erfreut, daß Sie meiner Ein¬
220 974 3420 1405 gekleidete diener standen ehrerbietig an den
195 1126 7002 1676 lenden talma. Dieselbe hatte sich umgewandt, lading Folge geleistet haben; - ich bitte, sehen
195 1194 3471 1524 beiden Seiten, und verbeugten sich vor der eintr.
3700 1346 6917 1626 Sie sich.- Sie sind doch immer wohl, wie Herr.
3742 1448 7044 1905 daß ich doch immer Ihren Wien vergessen muss —
237 1490 3530 1905 erblickte kühle, und laefelte. Aufs Gerate
3674 1685 6959 2023 kühle ergänzte der Student, der sich vor
246 1702 3429 2117 wohl trat auch er ein, legte im Vorzimmer
3759 1854 6722 2244 Erstaunen gar nicht zu fassen wußte.
415 1837 3437 2244 seinen Rock ab, off u. trat durch die
3759 1973 7052 2337 Zuerst auf Jetzt erstaunte aber die Frau,
229 2023 3505 2404 von Talma geöffnete Thüre in einen prächtig¬
2633 2176 2929 2337 Efen.
3767 2167 6942 2582 wußte sich aber gleich wieder zu fassen u.
262 2167 3488 2582 erleuchteten Salon, der durch Stugeltfüren
288 2345 3522 2785 mit andere Zimmern in Verbindung stand.
3691 2438 4978 2785 sprach weder.
3759 2387 7086 2895 „ Ach ja, küste – Sie ließen sich aber schon lange
305 2540 3590 2972 Herren und Damen wagten durch einander
313 2701 3590 3065 keiner sah sich nach ihrem, war freute si¬
3742 2768 5495 3056 nicht bei uns sehen."
3793 2785 7120 3251 „Schn lange“ erwiderte Kühle mit Galzenfumor
330 2887 3590 3285 daß ihm sein Abenteuer bis hieher so vortreffen
330 3056 3615 3488 gelungen war. Talma, die ihren Spatermäntel
3852 3056 7146 3386 Nun, ich bemerkt es gleich! Sie haben sich etwa
347 3243 3581 3632 abgelegt hatte u. nun in schwerem weißen
3751 3217 6908 3615 wär dort seit den letzten fünf Jahren
364 3429 3564 3810 Sondenkleide hereingeräuscht war, wurde von
3801 3344 7162 3767 " Ja etwas entgegnete der kistzehnschen
3844 3539 7035 3928 Auht mit Fassung „Auch Sie, gnädigi Frau
364 3564 3598 3979 einem intelligent ausschenden etwa einzig
457 3784 3615 4132 Jahre allem Mann schöflich empfangen sehr,
3844 3776 7162 4148 Grafin fuhr er mit Todesverachtung fort,
381 3979 3539 4326 Sie zum Sitzern einzel, u. den hiemit
3869 3920 6358 4369 aber sehr zu Ihrem Urtheil.
483 4106 3666 4538 Herr Graf wieder [kühle blieb in einiger
