7352 4920
524 544 3780 933 Sennig, der bleiche, lieb ein Zündsölzschen an die Mauer am
1101 777 3768 1076 — blies es wieder aus. Zum Schluß
491 839 1002 1051 Weÿe
561 1031 3780 1272 aber, nachdem gelang es den vereinten Heinrich,
520 1125 3780 1465 eigen, daß alle drei, eine Lizaretten im
552 1317 3698 1624 Mend, wohlgemuth und dürftig in den Gaßhof
597 1448 3788 1763 kamen kurze Zeit nach dem hiesigen tod
597 1702 3793 1960 gelasten, marschirten die obrigen an. Man
638 1833 3805 2046 aß und trank, oorharg die ligeretten, wenn
651 2021 3809 2328 Mager eben hersah und machte sich schließlich
556 2197 3788 2479 wird er auf den Weg, gegen Mödlin ge¬
610 2373 3743 2635 C0 war kaune 1 Uhr, man wollt when
626 2537 3801 2831 den Husarintempel in die Läuft, und
544 2733 3527 3028 bey den 3 Ueber die Hause annehmen.
561 2876 2123 3130 n Lei den 3 roten!
663 3003 3829 3318 Glücklicher Talko, daß du noch nicht ehef,daß
651 3216 3817 3518 Sänz nicht eben um diese Zeit zu Hause
610 3375 3715 3707 der du jetzt mit offner Jack, die
651 3572 3780 3870 Cigarett mehr im Kind haltend als
683 3748 3690 4018 Sie rauchend über die weichen Aus¬
610 3915 3842 4234 dahin schlend ist, an Weizen und xxx 16 Seit.
581 4095 3698 4414 glücklicher, der du nicht ahnst, daß Faur
561 4263 3801 4566 um dieselte Zeit in Wien & beim Fenster
1141 4439 3711 4725 wo die Mittagssone heiß herabbreit
5249 209 5466 466 P.S
3911 413 6828 847 jetzt, die Stimme in allerliebste Falten gezogen
3915 732 5384 1035 und nicht fort darf.
3903 904 5850 1236 ich - da kommt ihr ein Plan.
3928 1047 7008 1371 Wenn sie entfliehen möchte! Um 3 Uhr geht
3940 1195 7156 1530 ein zug nach mödchen! Was kann ist ein schlimmften
3924 1387 7008 1702 Fall geschehen! Ein xxx wieder gewesen
3907 1546 7061 1878 denn erwetter aber was weder? Sie konte
3919 1739 7049 2103 in im Gestitut gegeben werden – doch ist
3969 1931 7180 2213 da ein Kucht unmöglich! - Gerdacht gethan,
3973 2099 7164 2430 Vater und Mutter sind fort, die Bruder
4009 2254 7180 2577 spielen, der älbeste jetzt in seinem
4071 2438 7016 2762 Zimmer beim Claver, wo er fantasirt
3977 2524 7233 2962 und sich soweit nachrückwart lehnt, daß der
4022 2778 7119 3081 Sessel umschlägt - teu desetzt den
3960 2909 7070 3338 leichten Strohhut auf, weil den Sommer
4022 3126 7201 3449 schwer und flügt die trege hinunten
3993 3248 7274 3604 Owie die Sommen kommt, eine schwülke Stille herrschl.
3985 3461 7282 3793 in den Straßen, und schnell, daß Dich keine Erlangte
3997 3592 7094 4005 sieht, zur Südbose. Wie sie lauf! wie schreibt
4034 3797 7147 4218 In nicht langer Zeit steht sie beim der, Südbahn
4038 3952 7282 4345 tagehößt. Wie lichtig es aus den Prinzigen
4075 4128 7135 4558 halben hernberweht. Wie angenehme es
