7384 4872
274 607 3635 945 sprach Falke, - und ihr sind ja meine Freunde,
283 860 3568 1160 drum will ich auch alles gestehen alles
261 995 2784 1295 will ich - Plötzlich stockte er.
342 1139 3467 1472 Warum fahrst du nicht fort? fragte
1295 1291 3602 1624 scheint interessant zu werden.
346 1362 1194 1582 kühle, " doch
350 1497 3623 1767 xx „ xxx lange willstad u noch weiter
371 1628 3606 1995 diese Grimassen schenden. Ötfred" fuhr
371 1889 1084 2100 Falkrauf.
350 1961 3695 2277 Aller Blicke wandten sich auf Ötfred
342 2180 3720 2476 der mit gefalteter Stirn da sass, seinen Schwur¬
354 2311 3547 2556 bart drehte, und schon eine ganze Weile ernst
375 2505 1822 2822 den kopf schüttelte.
439 2640 3657 2956 Fritz? Ich ahm, was kommen wird! Du hast
413 2843 3678 3129 schön wieder deine Allotria angefangen!
481 3003 2100 3294 Fritz, ich ermahne dich.
363 3129 3619 3416 „Du bis aber ein rechter Ofenhocker erferte
430 3332 3682 3635 verdieslich kühle. Wozu ist man denn jung,
371 3492 2387 3724 und war und warum
409 3627 3724 3990 Man ist wohl jung, um allerlei Liebesaffarren,
1923 3796 2412 3926 Allotria.
346 3787 3631 4146 dazu treiben u. dergl. xyz zu treiten fragte,
477 4032 1206 4285 Stfried.
413 4150 3678 4428 Nun wozu denn! warf Kühle ärgerlich ein
443 4327 3606 4673 dass du doch dem Schulmeistern im lassen
5318 186 5550 321 77
3792 401 7144 865 kannst! Du wärst doch sonst in ganz angenehm¬
3825 713 7094 1050 gescheidter Kerl - aber darin - nimm mirs
3808 873 6461 1181 nicht über.- bist du nicht dumm.
3796 1033 7182 1278 De gustiis non est disputandum wiedert
3834 1194 7132 1506 Olfried mit strischer Gelassenheit. „Jes will
3792 1409 7187 1645 mündigens in diese Affärre gar nicht meegen
3851 1497 7077 1877 Ich will hören - will a sie als vollständig
3834 1662 7115 2062 passiver Zuschauer beobachten, und meine be¬
3872 1881 6250 2138 merkungen im Stillen machen.
3910 2020 7229 2299 Worin du gar nicht übel thun wirst ergänzte
3813 2172 7132 2488 Kühle. - "Laß) diese nicht hindern, Fritz, Fahr¬
3834 2332 7106 2674 nur fort. Die Hauptsache wissen wir; du bist
3825 2577 4635 2800 verliebt.
4795 2632 5314 2868 Falkn
3918 2674 7225 2999 Und wie auf Begeistert F aus.“ V ihr solltet sie
3872 2826 7140 3180 schen, Freunde - und ihr sollte sie auch sehr.“
3905 3011 6993 3277 Sie ist in der großen Oper Ballettäigerin.
3863 3176 7140 3471 „Gar eine Balletlänzerin“ seufzte Otfried¬
3901 3349 7229 3686 Ihr Künstlermann ist Estrella – im schöner Namen
3905 3555 7081 3821 „Wenn ich dich bitten dürfte; - erzähle etwas
3931 3695 7149 4007 geordneter ermahnte Feld. „Ich verstehe bis
3893 3855 7170 4154 jetzt kein Wort. Wie hast du sie kenn
3851 4032 7216 4382 gelernt. Haft du sie schon xxx geküsst?
3918 4239 5285 4530 ¬keines von beiden!
