7192 4680
348 377 3548 746 über Arthur Falk's ministes Opus in zierliche Weise
369 697 3626 893 gebracht, die er dem Kritisirten unter der Fank
348 803 2557 1119 reichte, und die also lauteten!
1172 979 3114 1274 Ich vermag fast vor Entzocken
1184 1151 2967 1434 Mich nicht bene auszudrocken
1196 1340 2409 1598 Deine Huthistoria
1217 1504 2844 1807 Jst so komisch Iassaß.
504 1528 717 1766 21/1
1033 1692 3618 1955 Freund! Indeinem neusten Wünsche Wische
1020 1860 2532 2139 Ist ein liebliches Gemische
1028 2049 3606 2323 Von recht kom ich ganz trefflich schönen Sachen,
1028 2204 2733 2487 Obermanches, ohne Spass
1074 2323 3065 2663 Ist ein Nänsens dick und cras,
1016 2557 2979 2848 Was ein jeder könnte machen.
1028 2721 2807 3003 So zum Frispiel ist es sehr
1008 2893 2487 3192 Schlüpfürg und Erivoliter
1045 3053 3110 3356 da besonders wo Herr Magen
963 3241 3356 3507 träumenden Voigt auf seinem Lager,
1373 3417 1819 3528 am Schlu
938 3417 2717 3634 Und - um et cetera;
963 3602 2954 3880 Mancherlei war auch schon da,
717 3753 2844 4020 Ist Und dann nicht originell.
1004 3909 2852 4229 doch in Ganzen ist es soll
4372 397 6396 746 Undganzputer Späße voll.
4167 639 6671 930 Hab' ichs nicht aufs Haar getroffen!
4073 811 6433 1098 doch du zurerst nicht, will ich hoffen.
3839 987 5605 1229 Davant antwortete Folke.
4237 1151 6142 1438 Zürnen? ich? Da irrst du dich
4237 1283 6265 1610 Wär's nicht wirklich fürchterlich,
4229 1496 6683 1770 dürflens selbst nicht Freunde wagen
4204 1676 6482 1950 Sich die Wahrheit grad zu sagen:
4216 1852 6200 2147 O die Welt ist doch Jamm ein Thal
4167 2028 6835 2319 Woll von Schmerzen und ganz schaal'
4175 2204 6064 2463 Ich bin heute so verdrießlich
4167 2368 6605 2643 Schlagter Laune im ganz mißlich
4085 2532 6466 2823 kurz gesagt - kistélerschreßlich.
5999 2725 6368 2844 eren
4626 2725 7003 3040 ro diese Verfel, am Anfang so
3745 2708 4790 2938 Nachdem Salke
4802 2897 5159 3032 avit
3737 2905 7031 3217 merkwürdig von den Ende Differert (wahrschein
3786 3065 6896 3352 lich durch die Erinnerung war die trübe Stimmung
3798 3241 7011 3536 in den 5 letzten Versen durch die plötzliche Erinnerung
3766 3421 7019 3704 an der or Weger seines Vaters hervorgebracht
3766 3639 6990 3839 an seiner Bestimmungsort befördert hatt,
3766 3770 7060 4089 er schallte die Glocke und die Stunde war beendet,
