7416 5000
6720 136 6880 280 1
5383 206 5622 437 39
2013 400 2174 553 3. 0
3733 425 7041 908 auf, und als sie beim Thore heraustrat
285 710 2302 1138 „ Und wie steht’s mit deinem Berzen?
3762 808 4884 1134 folgte er ihr
3812 842 7099 1204 Und siehe da! Sie nahm nicht den Wegzun¬
285 887 3593 1246 Geh weg erwiderte der Ehefragten Ich bin nicht
371 1052 3572 1456 so dünnen.“ Im Jurre wußte er freilich, daß er so
3758 1126 5198 1464 Präter, sondere
2463 1262 2673 1353 men.
3816 1192 7112 1555 Auf dieses „Sondern“ wortete der liebende
396 1258 3572 1617 duum war, und daß wir in sein Januar
3836 1378 7029 1794 Jüngling mit einer fürchterlichen Spannung.
318 1431 3556 1757 Blicke in sein Inner thun dürfen, so können
3898 1522 7132 1939 Er folgte ihr - sinnahm den Wezzum Stadt
346 1559 3618 1852 mir machen wir von dieser Erlaubnis Ge¬
3861 1704 7099 2137 park. xxx dort angelangt verlor sie Moritz
371 1732 3605 2067 brauch und wollen in unverzeiflicher Stück¬
3849 1906 6645 2211 aus den Augen - er sechte - er suchte
384 1881 3597 2244 sichtslosigkeit auch seine intime Hegers
3898 2104 7178 2430 Nach kurzer Zeit sah er auf der entgegenge in geringen
425 2058 3614 2454 geschichte der Öffentlichkeit preisgefen.
3910 2178 7008 2615 Entfernung einen jungen Mann, und Pauline
380 2223 3642 2529 Asch, er hatte ein Mädchen gehabt, als er 12
3972 2401 7153 2772 ging an seiner Seite. Sie grüßte den blüchen Morig
346 2426 3593 2706 oder 13 Jahre gewesen war und dieses
371 2553 3609 2908 Mädchen Fuß Kaulina. Und Er glaubt
3927 2603 5915 2900 kalt, und ließ sich nicht stören.
396 2751 3609 3052 sich geliebt und gab sich Rendezons im
3968 2805 4934 3086 Auch er grüßte
3910 2830 7219 3267 Ist das nicht eine traurige Geschichte? Besonders, wenn
462 2904 3655 3275 Prater beim 1. kaffenhaus, eventuell
3857 2995 7149 3403 man bedenkt, daß er kurze Zeit, nach dem
433 3102 3746 3395 auch beim 2. u. 3.) Aber das Anglück schreitet
3861 3189 7161 3601 er dieser unglücklichen Liebe Ad. Spesagt,
470 3226 3733 3605 schnell. Es kam eine Zeit, da sie die Kindes¬
3910 3374 7194 3754 sich von neuen über den Netzen eines schönen
437 3424 3754 3721 bens nicht einhielt, die schöne Pauline und
3960 3585 6880 3952 Mädhens umgarem aufs verstrukte.
408 3552 3663 3939 immer Ausreden hatte gegenüber den
3972 3729 7256 4113 In einer Familie unterrichtete Morz Sinnig zwei
454 3717 3746 4067 bleichen Mori. - Aber in seiner Seele hätte
3997 3844 7227 4294 Schwestern, die eine etwa 13. die andere 10 Jahre
462 3902 3663 4282 ein fürchterliches Verdacht Wurzel gefasst,
3968 3997 7169 4364 alt. Wer konnte es ihn verdenken, daß die
478 4092 3597 4381 und eines Tages, da er sich wieder
3993 4216 7248 4632 Ältere sein Herz von neuem mit liebesgleben
450 4224 3663 4612 im Prater mit ihr ein Renden vors ge¬
425 4397 3746 4802 geben hatte, lauerte er bei ihrem Hause
