7272 4984
3646 440 5581 914 „Wobei?“ fragte den „kanzleivalf
4709 739 5083 880 klan:
233 664 3388 930 ist der Tag der Linkmansiena und er hat
3654 581 7009 1055 „Nun bei dem Gedanken, durch den Profehrten - Sie müßten
224 914 3555 1188 gesagt: Am Tag der nächsten hinkmanstor
3613 963 5373 1246 ihn allein, unbewacht lassen:
166 1013 3555 1296 werden Sie mich lieben. O ich liebe ihn - aber
3671 963 6926 1453 Nun, ich will doch hoffen, daß Sie Ihre Tochter nicht
706 1246 922 1362 Ll
241 1188 3571 1495 er der iur darf es nicht merken? Daf wie
3621 1312 5423 1628 mehreres dem Hause lassen.
249 1379 3555 1719 Soll ich morgen gar nicht in die Einkmau sind
3687 1279 6893 1794 Gericht, gewiß, Herr Kanzleivat - aber die lieber
282 1553 3339 1819 kommen. Nein, das wäre Teigheit. Man
3613 1628 6943 1960 Gott, in einer großen Stadt wie Wien, wo es am
3596 1711 6985 2076 Abend dunkel wird; das geschieht zwar überall,
274 1644 3430 2060 ich will ihm gegenüber kalt bleiben, das die
282 1910 2300 2226 Sinkmaū sana vorüber ist.
3613 1918 6985 2300 ist aber hier besonders schädlich, in einer so großen
349 1985 3513 2400 In diesem Augenblick endete das Tenale
291 2109 6968 2566 des erster Aktes; nicht ander wollenden Stadt, sog ich – welcher Verführungen ist ein junger
307 2276 6960 2699 Applaus rausste Dachs Vaus, und die Grafenen Haus schaulgesetzt.... A propos, Süßtere derf
299 2492 6985 2898 traten vor die Rampen, um sich zu verlungen. Ihren Sprüßling tüchtig die tageben gelesen – wie man
3638 2616 6893 3006 sagt in gutem deutsch, ein Spektakelgemacht.
341 2774 3471 3106 besonders ein Paar Aug an weilte geist und
2691 2782 7101 3131 Eik aufgestelle. Nein, Herr Flok, etwilliche auf frischer Thatertappen
2757 2907 3305 3073 og dem
3646 2973 7034 3330 „ Ma-was? Sie glauben, ich schicke meine Tochter erst
224 2957 2724 3247 einem werkwürdigen Augen
2691 3098 2882 3264 wurde.
241 3148 3496 3430 es waren die des Professor Nelke, der mit den
3671 3173 7126 3447 einmal in den Volksparten; ich habe sie so wieso in großem
357 3330 3604 3604 Eltern seiner braut, mit ihr selbst und ein.
3663 3347 7043 3712 Verdacht, daß sie gestern wieder dort war; denn, höre
324 3480 3604 3762 deren Bruder in seiner Lage saß. Was in themer
3687 3505 7101 3878 in, Herr Canzlewat, ich verbat ihr, mit ihres Klasse
316 3663 3530 3945 blick gelegen? Einbe war es nicht? Es was
3696 3654 7018 3978 am 1. Mai - d. i. gestern - eine Landpartie zu machen
1063 3845 1993 3995 unbeschreiben
3729 3878 7084 4211 nun war ich gestern mit mein er Frau bei einer
357 3820 3513 4128 ein gewisser Dännerungsmmer Wasser -
3721 4061 6985 4319 Banta Anwarten - komme nach Haus, und eine
357 4036 1860 4310 treten war er nicht in
1354 4177 1661 4319 nicht
357 4169 3579 4518 " Aber haben Sie denn zu ihren Sohn gedacht?“ fragte
3696 4202 7151 4593 halbe Münnte nach mir Fauz, die ich noch gar nicht ver¬
2724 4344 2923 4618 me
3156 4377 3380 4551 soo
382 4377 2018 4726 plötzlichen Zwischenakt: "
