7672 4904
2452 227 2631 450 60
4057 219 7492 608 Sie wurde rot und ließ ihre Hand aus der seinen
441 350 3676 870 Gosef und Fanny standen beim Piester und
118 450 337 765 J.
4030 485 4738 756 pleiten.
4070 621 7470 944 Da fällt mir eben ein, ich habe noch eingtagebuch
2155 774 2378 927 seraie
385 717 1381 1036 Jahin sinab.
411 721 3759 1211 . Ja damals, damals’ sagte Josef. „Aber vielleicht
3995 774 7457 1040 blätter vom vorigen Jahr, wo eine Sitzung
140 892 328 1110 me
459 962 3436 1333 gründen wir ihn wieder im Herbst¬
4048 979 7523 1263 dieses Vereines beschrieben ist. Er zog bin
485 1097 3702 1543 „ Ja, Josef, Sie haben Recht, es war einschö¬
4022 1154 7510 1443 diesen Worten ein Notizbuch aus seiner Brusttaschen
525 1316 3667 1665 ner Verein! „Gut unterhalten haben wir
4017 1307 7178 1626 und nahm einige lase Blätter xxxans.
4157 1539 7444 1880 Ah, lassen Sie mich das lesen, Josef, rief
507 1543 2347 1836 uns  wenigstens.
525 1683 3799 1998 „ Jedenfalls, wie kein Fanny fiel der andre.
4026 1700 5311 1980 Fanny schnell.
516 1827 3794 2129 galant ein, indem er sie mit einem eigenthür
4218 1814 7475 2146 Nein, nein beschwichtigte jener, „war weiss,
503 1971 3786 2391 suchen, halb verschmitzten, Halb zärtlichen Töchl¬
4008 2011 7514 2369 ob ich nicht vielleicht einiges Ende, was Sie nicht
542 2124 3812 2566 an sah " jedenfall I waren Sie nn er die Krone
4070 2199 7532 2500 lesen dürfen, - lassen Sie es mich früher durchsehn
188 2251 389 2400 H
503 2339 3794 2719 aber erinnere Sie sich auch noch, was Felici
4118 2387 7540 2688 Und ich soll er Lasten wirs bis morgen Gärtze
4402 2579 4690 2706 I am
4074 2570 7523 2872 er nach einer kleinen Pause hinzu, „Oder bis
485 2618 1561 2876 Aas bedeutet?
555 2684 3392 3007 tany jany monn Augenblick nach.
4057 2710 7532 2990 wir uns wieder sehen, jetzt sprechen wir
516 2859 3829 3265 „Folicitas heißt Glück“ sogte Josef dann
3991 2920 5958 3222 lieber mit einander.
555 3034 3812 3388 indem er wie von insgefähr ihre Hand fasste
4030 3077 7545 3410 Nun wie Sie wollen erwiderte Sorg mit einem
560 3235 3943 3606 die siehevielleicht unbewußt nicht entzog. Da Gade¬
4061 3283 7505 3571 eigentümlichen gleichgültigen Zucken der Lippe
599 3392 3890 3812 fuhr es feuriger fort, in dem er ihr in die beym
4166 3497 7519 3751 Sprachen wir vielleicht fuhr Josef im wenig
594 3563 3851 3991 sah, „wahrhaftig“ - Fräulein, wir gründen den
4091 3619 7540 3952 ironisch fort, „sprechen wir von – Arthur
560 3790 3733 4166 Verein noch einmal: Er ist schon darum
4091 3820 4752 4096 Talke!“
6496 3855 7051 4048 beleucht
555 4008 3720 4275 ein edler, schöner Verein, weil seine
4083 3995 7540 4275 Fanny wurde Feuerrot. Er blickt mit dem
3427 4109 3637 4244 aussi
476 4126 3676 4524 Tendenz einzig und allein Küssen hiehte)
