7384 4920
2183 303 2360 523 8
3735 480 7102 903 Zeit her nur mehr der eben erwähnte Pathes anhaftete, der
220 696 3601 934 andern Buchstaben unterzeichnen sollte, wenn
3730 696 7037 1024 immer wie eine trübselige Erinnerung an vergangene
225 821 3514 1141 ich Wahlmann heiße. DÜbrigens habe ich die
3748 834 6925 1232 Zeiten klang. Seine Person sein Außeres war
2849 968 3238 1137 seule
333 998 3583 1310 Ehre, meine Herren. Ich habe noch einer
3769 1007 7149 1353 Er war ein großer, kräftig gewachsener Mann mit
264 1189 3583 1496 andere Gesellschaft meine Anwesenheit
3726 1202 7080 1556 einem gutmütigen Gesichte, und er müste sich
268 1336 3601 1664 versprochen und will nicht längen warten
3756 1340 7154 1755 seit bedenklichen Zeiten ab, einen recht intri¬
5308 1547 5766 1686 seinen
268 1500 3601 1725 lassen. Ich habe die Ehre. Mit diesen Mor¬
3713 1534 7193 1893 quanten Zug um Den Mund herumzubekomen
233 1699 3631 1889 ten nahm er die bylieder u. Stock, verbeugte
3799 1686 7188 2066 Versuche, die mir Dazu dienten. Versuch, durch die
3791 1859 7115 2230 er manch wodurch er oft die entsetzlichsten Gri¬
268 1859 2779 2118 sich und ging aus dem Kal.
3095 1833 3311 2122 25/9
3761 2062 7188 2386 massen schnitt. Den Ausdruck seiner wasserblauen
238 2053 3588 2317 3/7 Nach seinem Weggehen herrschte tief Stille.- kein
242 2187 3553 2434 Laut u.terbrach Das fürchterliche Schweigen,
6047 2213 7093 2395 myonivond
3761 2282 7175 2485 Augen hielt er für ungemein Haaren untermischla¬
3821 2429 7188 2645 während sein - jetzt schon grauenlister Braum¬
4586 2412 5213 2550 er sieren
294 2399 3557 2611 ein lern, eine beängstigende Ruhe lag über der ganzen
6855 2494 7171 2632 gang
316 2529 3514 2792 Versammlung. Nach einigen Stimmten endlich wurde
3825 2533 7188 2797 Vollbart für den weitaub männlichsten u. Wenn
6484 2654 6989 2784 milden
4716 2719 5753 2879 um So beschaffen
294 2658 2944 2965 das Schweigen. Einige Minuten verstrichen
3761 2693 7236 2991 ansah. Das war das Hiedividuum, das die Worte¬
333 2831 3605 3108 „Er war’s“ ertönte endlich eine Stimme, die Herrn Lofer angehörte,
3791 2849 7219 3203 „ Er war’s in die stumme Versammlung Donnerte,
311 3004 3609 3315 dem Schwager des Rangleirat Falke angehörte. Derselbe
3808 3056 7210 3337 wodurch eine Leben in die stumme Versammlung
294 3199 3648 3467 sprach sehr wenig, g'flegte aber in bedeutenden Wogen¬
3787 3229 6778 3488 Donnerte zu neuem Erben erweckte.
5338 3359 6315 3531 prach der Kanzleirat
4037 3441 4699 3575 ha, es war
294 3341 3557 3575 ten, mit gewaltigem Pathes seine Meinung der
6575 3341 7253 3588 wa bicherse
3825 3436 6389 3709 „ Heinrich Wahlmann, Journalist- und
311 3493 3557 3782 Öffentlichkeit greiszugeben. Man erzählte von
3791 3562 7223 3860 nachträglich sage, kehrer in der Währinger Mädchen
285 3696 3497 3964 ihm, daß er vor etlichen Jahrzehnten in Sinne
3847 3691 6609 4024 schule. So sprach der Kanzleivat Falke.
5200 3886 5528 4016 am T.
233 3830 3678 4167 gehabt ist, sich der edlen Schauspielkunst zu widmen
3899 3825 7219 4184 Plötzlich hörte man sein des immerndes Klagegeschrei¬
268 3981 3605 4266 doch bei seinem Debut einen rührenden Durch¬
3804 4011 7236 4357 und man konnte nun der frommen Professor
242 4206 3717 4461 Fall erlebt habe, so das eine besonders freundliche
3877 4232 7232 4586 hatte nämlich in seinem Grundlich schwacher
298 4322 3635 4673 Aufnahme gefunden habe, so daß ihm seit Herr
