3512 4648
111 341 2777 666 Nach Hause, hab ich gesagt! Verstift Er nicht.
192 574 2624 889 kopfschüttelnd setzte sich der Kutscher
111 743 2846 965 Lock, und treb die Pferde in der Richtun¬
77 927 2968 1226 Wien zu? Arther, der plötzlich einen Anfall nach
92 1103 2922 1363 ter kaum bekommen hatte, sog seine Wirne in
84 1275 2643 1597 sten Falten und sah mis mutig vor sich
92 1455 643 1685 rief er.
84 1647 3003 1938 schneller, kutscher, schneller. Ist Er denn
96 1812 1126 2076 eingeschlafen!
77 1988 2991 2283 „Mir scheint, der junge Herr will mich so
149 2152 1536 2436 äußerte der andere.
1635 2248 1743 2363 P.S.
349 2275 2861 2620 Schweigen und weiterfahren. Basta¬
226 2490 3095 2800 Endlich waren beide zu Hause angekommen.
184 2685 1302 2961 Kutscher sagte.
180 2842 3210 3141 Jetzt muß ich den jungen Herrn die Treppe hinauff
92 3010 2980 3259 wie es mir der Herr Kaufswath befohlen.
138 3187 3210 3478 Bleib Er lieber bei den Pferden, guter Freund
84 3351 2991 3661 Neue, ich muß meinem Herrn gehorche
126 3573 3014 3841 Arthur ergab sich redig mit in sein Schicksal.
146 3727 2976 4029 angelangt aber durchte er für Rache zu nehmen
237 3922 655 4190 sprach
299 3999 2957 4389 propos, kutscher, morgen Früh muß
