7384 4888
5412 202 5631 369 31
3753 485 7175 841 „Nur wird werden ja sehen“, sagte Wahlmann. Aber
296 553 3560 965 Nun es ist nicht möglich. Stille Wasser sind tief,
3766 686 6317 1046 was gedenkst du zu thun, Pritz?
313 806 3590 1218 Wer. wer recht, was dahinter steckt! Ich
3783 785 7076 1197 Was ich zu Thun gedenke! Eben gesagt - habe
317 1004 3530 1312 will ihm durchaus nicht nahe treten, er ist
3757 1025 7209 1390 ich bis jetzt noch keinen ordentlichen Gedanken
3208 1119 3581 1244 Wann
326 1214 3607 1488 unbestreitbar im ordentlicher solider Mensch,
3774 1214 7076 1557 gehabt, aber du bist ja ein so vorzüglicher Bot¬
309 1330 3512 1716 Rinsch - aber ich bleibe dabei - auch ein
3791 1394 7218 1703 geber, Mahlmann; du wirft doch wissen, was der
395 1535 3512 1870 zwanzigjähriger Jüngling kann seine Ver¬
3804 1574 4675 1896 zu thun ist?
343 1690 3598 2067 gangenheit haben, und stille Wasser sind
3783 1698 7128 1999 „Ich bin der Ansicht, man müsse sich Estrelle einmal
365 1840 3585 2149 tief. Hier zuckteer die Achseln und ließ
3843 1870 7149 2166 auf der Bühne ansch'n, so unter der Hand Erkun¬
4465 2059 5009 2192 überste
356 2037 3633 2350 seinen Blick über die andern streifen, um
3808 2063 6497 2346 digungen einziehen - meinst du nicht?
5318 2192 5764 2333 balf
335 2204 3663 2505 darauf auf in ihren Mienen die Antwort
4816 2222 5031 2333 be
3898 2196 7081 2548 „Ja aber schnell". Ich tiette Euch, theil
356 2346 2964 2676 auf seine Vermutungen zu lesen.
3933 2419 5074 2680 was ihr könnt.
4984 2509 5245 2680 seht
279 2509 3573 2882 du müsst nicht aber wirklich alles nach
3903 2492 7222 2865 Aber wollt Ihr sie nicht ein wenig spazierengese¬
365 2676 3607 3019 deinem Maß" sagte Feld! "Glaubst du
3903 2672 7162 2968 Der Mord scheint heute so hell. meinte Feld.
6523 2843 6892 2972 G.C.P.
390 2822 3663 3212 jeder müsse ein solch fühlendes Herz in seinem
3898 2856 6459 3187 Gieb, das kann kommt. Ihn haft recht!
352 3028 3088 3289 bösen tragen, wie du, lieber kühle?
3933 2989 7231 3307 Ongenommen rief kühle. Erhebt Fuchte und kommt!
5558 3165 7218 3371 „mandelten, eine Zeit lang
347 3148 3633 3500 Geh, sprich nicht solchen Unsinn“ erwiderte der
3928 3259 7081 3560 Sie standen auf, und gingen doch die schöne
395 3345 3633 3697 Angeredete leichthin. „Ein jünger, hübscher
3954 3350 7102 3624 unter den frisch kürspenden Bäumen durch
5738 3487 7184 3757 endlich freyten nach
5275 3538 5691 3658 yfür sich
4572 3551 5288 3671 Künthert bis
343 3495 3624 3886 Mensch, frei, allein in Wien, lebend und
5275 3603 6738 3804 sere des Präters.
3963 3615 5207 3808 weit weiter des
4465 3688 5738 3843 einwärts gingen
407 3671 3594 4031 die Riebe für eine Dummheit halten – ja wie
4040 3658 7248 4019 sie sich der Kind; aber er lächelte nicht
416 3830 3585 4229 geliebt haben! Aber gesetzt auch er
4040 3868 7201 4212 Der Nord stand schon hocham Himmel, also
463 3980 3611 4366 hätte bis jetzt nicht geliebt - gebtlicht
3976 4053 7329 4336 sich endlich auf den Heimweg machten, immer Schlafe
395 4147 3684 4486 kurze Zeit, noch – und er hat sein Herz
3963 4400 4923 4593 26/10 12/11. 13/11,15/II, 19/4.
416 4426 1342 4688 verloren!
2873 4383 3036 4619 "
