7064 4952
5979 249 6457 555 et le reste de
3587 408 6816 808 Das Haus folgte sich hinein hat er noch in
3600 592 6803 1033 bemerkt, wie der Estrella gegenübersitzende jüng¬
237 624 3518 980 genommen brauenen Änger besser emponhelig und Sie
2510 792 2922 963 in dto
3608 792 6754 1163 Mann plötzlich roth wurde und seinen lächelnden
914 886 1277 1024 bewezt
392 837 3543 1118 sind die blos tocken denkeln Haare sich flatterte, mochte, mit
3694 955 6820 1384 Nachbar eine Rippenstost versetzte? Nein, weder
367 996 3551 1351 für Gefühle Foden hilkesdurchs ganz durch
3636 1163 6836 1612 er noch sie. Aber die freundlichen Lesen empfin¬
343 1175 3526 1502 bebten, es ist nicht zu schildern Es war
3657 1286 6828 1718 den gewiß mit Fritz Falk die Seligkeit
408 1326 3551 1718 auf erst. Gefahr vorhanden, daß er sich noch ein
3640 1514 6771 1861 eines solchen Vis-à bis und lästelg nicht der
396 1498 3596 1812 mal verlaßte. Sie aber schien die Wahrscheinlich¬
5697 1563 6877 1820 uns wegenen sich schrechter
3636 1698 6763 2053 lebenslustigen Kühle, der
375 1710 3563 2004 Meit ihres Sieges empfunden zu hören, und
3694 1824 6791 2196 ausgestreckt, wie im er höchst nachlässig
404 1865 3571 2200 renste den Geliebten wasch den Arm, während
3649 2045 6722 2420 in einer Ecke gelehnt war lehnt, und fehle
1147 2073 2045 2245 nab eigenmal
3645 2122 4693 2314 die Handeln doch tot
449 2028 3592 2437 er sich rasch zu verabbrugte und sie - - trobsde¬
3673 2151 6710 2530 mit einer unbeschreiblichen Halle blasirte
429 2212 3530 2579 nicht küsste. Erwar gestolz dazu. - es
5604 2343 5906 2502 bald
3689 2322 6820 2771 soll fröhliche Miene zum tiefter her
408 2379 3608 2702 konnte nicht zurück, ohne besiegt genant
3685 2567 6869 2938 be nicht ehe es öftera Blick auf Estrelle zu
502 2547 3538 2857 zu werden. Deswegen versucht er
3710 2763 6130 3118 werfen, sind ernsten hinaus sah
526 2726 3596 3110 ein recht Einstres Gesicht zumachen, um
3714 2869 6775 3302 Nachdem wir das nachgetragen, so können wird
2596 2943 3049 3130 & you./.
498 2983 2241 3269 sprach kein Wort.
3755 3016 6861 3420 wieder zu den drei Raten zurückkehren
539 3061 3636 3412 „Was thun wir jetzt?“ fragte nach Estrelle
3734 3167 6885 3620 wo Estrella und Stelkrsaßen. Wir werden
478 3216 3587 3587 nachdem beide einige Zeit auf der Land.
3722 3387 6889 3738 auch nicht weit vorzufinden die beiden Flotten
637 3424 3571 3783 straße fortgezogen wären. „Estepeit
3743 3522 7003 3914 Studenten Falken kühle, wahrnehmern von
539 3575 3559 3975 halt zu werden. Es warum antwortest du
3775 3677 6987 4138 denen besonders der erstere die Balletaufe
486 3791 2702 4130 nichts. Wir setzen uns in
3828 3853 6967 4289 nicht aus den Rügen ließ, die mündliche
575 3930 3665 4298 Hier kommt im Stellwagen, wir sehr
3853 4057 7048 4583 Unterhaltung ging an beiden Teschen sehr flau. Wenn
518 4118 3645 4493 ins hinein. Veda het erhalten. Die
437 4265 3571 4644 Pfir der Marieli ablieberstehen wird.
