7400 4904
121 438 3536 776 ich sein bei meinen Buchern und - - Er konnte vor
152 659 2548 962 Ärger nicht weiter sprechen.
225 771 3463 1148 Vagegen begann jetzt der andre v Strik¬
204 888 3545 1322 Meine Tochter, die auch Für söttsam hielt ich ich
247 1187 1890 1512 hättens nicht gedacht -.
251 1265 3506 1681 Eine Zeitlang gingen alle drei schweigsam mit
1300 1335 1825 1491 schatten,
139 1499 2700 1803 einander hin; endlich trennten sie sich.
256 1595 3649 2050 Also, ich habe mal die Ehre! Es thut mir sehr leid, aber
178 1794 3523 2223 meine Pflicht als Vereinsmitglied, Professor nur
204 1994 3458 2362 Mensch zwangen mich, Ihnen diese traurichen¬
208 2167 3064 2574 Erfahrungen Mitzuthedingen zu machen
264 2284 3584 2743 Ich empfeste mich und - bin - Ihnen - sehr verbunden
264 2505 3528 2921 sagte der Kanzleirat, indem er schnell den
234 2752 3064 3060 Weg gegen seine Wohnung zu nahm
178 2826 3601 3246 teten Sie wohl, Professor Mager, ich bin ganz niederge¬
212 3016 3619 3467 schlagen sprach Klock, indem er ihm die Handreichte
897 3207 3619 3493 der mit trauriger Miene und verdrehten
585 3320 910 3450 senen
316 3341 914 3562 Deinem
277 3428 2579 3783 Angen Tastand, die Hand reichte
390 3575 3627 3944 Sie gingen aus einander, eben schlug es nun auf
394 3779 3649 4069 der Thurmuhr, und eben machte sich auch Arthur
412 3926 3627 4260 Falle auf vom Volksgarten aus, wo er den
373 4082 3666 4503 Abend sehr lästig und süß in Faugs Gesellschaft
5547 165 5768 360 23
3766 273 7181 568 verbracht hatte, auf den Weg nach Hause,
3766 516 7094 780 und er hätte wohl kaum seinen Freund innig
3866 685 4533 841 der ihn zugleitet
5500 620 7090 923 geredet wie auf der be¬
3753 676 6111 988 so guter Laune von kommenden kü¬
3723 832 7203 1161 wußten Landpartie erzählt, wenn nur eine Ohnung
4360 1005 5734 1166 geschehen auf gestorben wer¬
3753 940 7203 1265 von dem er xxx was eben zwischen drei ihm
3770 1170 7211 1482 so xxx verbindene Personen vorgegangen
3736 1369 7216 1673 war, welche sich so angelegentlich um ihr Erkummer¬
3792 1599 4182 1829 ten.
3831 1712 7229 1985 Aber er mußte nichts - und das wann war er glücklich
5018 1972 5482 2323 be
4732 2384 6557 2678 Ende des 7. Kapitels
