6984 4712
200 204 3462 562 und stießen mit den Köpfen an die knarrige
240 460 3413 757 Stamme. Sehr possirlich war es anzusehen
244 639 3429 892 wenn Weizen und Falke, die Leide einander,
220 798 3462 1059 vorzukomensuchten, der erst dieses aus¬
228 986 3380 1161 jener aus Helz und wie mit einem Ma¬
1702 1104 2134 1234 der bey
289 1116 3262 1385 Sinnig hinter den Gebüscherzem Vorschein
187 1271 2167 1539 kam. Halt da, wartet
2077 1352 2248 1519 4.
367 1377 3462 1706 kann uns nur nach, wir haben keine Zeit
330 1592 3421 1837 schon Falke zurück, der nun allen voran¬
293 1763 3453 1996 war, plötzlich aber von Weizen überfliegelt
314 1910 3429 2150 wurde, der Sinn am Kragen nachsicht
204 2069 3417 2354 1 Halloh, verwärts. Jetzt waren sie
232 2232 3323 2505 alle drei tief im Walde drin. Jetzt
220 2399 3462 2672 müssen wir ja augenblicklich dankes sa
232 2566 1633 2814 sein.  rief Solke.
220 2696 3323 2940 „Wer weiß“ erwiderte Wagen mit
232 2867 1829 3168 erhandelter Büsorgnis¬
204 2977 3417 3311 1. Sei unbesorgt sagte der zugendliche liebende
611 3209 855 3307 mein
220 3197 3425 3474 mehr zu sich selbst, als zu der andern. Wir
187 3352 3018 3637 zu beruhigen. Wir kamen noch zurecht.
228 3494 3372 3783 Und vorwärts stürmte er, daß der
244 3706 3348 3897 Überzieher hinter ihm zur Elakteste, und
208 3840 3449 4117 ihn Weizer davon halten mußte, damit
289 3995 3413 4280 er sich an einem Dornstrauch nicht dirklenden
3620 301 6023 591 zerrechte. Alle die rauten jetzt
3543 481 6276 762 in Galloy durch den Mald, von dessen
3580 652 6174 941 kühle sie jetzt wenig spürten.
3568 798 6316 1120 „Jetzt bepints ja schon Flacher zu werden
3563 965 6186 1254 beruhigte sich Arbsur; "wir müssen
3596 1124 5856 1397 gleich an Orkund Stelle sein:
3535 1275 5978 1576 „Dort ist eine Richtung.“ Dies Surg
4064 1450 4549 1552 beßerte
5526 1429 5905 1580 Pestre
3580 1450 6113 1682 aus der Vermeßeter
3629 1621 6080 1869 Baumstamm hervor, in dem er
3604 1784 5335 2020 (ich verstrickt habe)
4899 1800 6264 1983 fe und veretens
4651 1845 6687 2130 in Fos vor sich verstrickt satt
3563 1947 6044 2150 keit Mühe aus dem er eben
3527 2085 5864 2382 mit Mühe hervorgekommen war.
3669 2268 6251 2533 So, Ah, lieber Einig. provisert
3563 2419 6015 2676 Weizen, hast du dich dort ein
3551 2496 6821 2863 bis ihm ausgerufl. Übrigens wie soll ichs die
3531 2745 6728 2977 werden ken? Du mußt schon recht mü¬
3608 2904 6479 3181 sein. Heda Talke, wo bist du?
3539 3079 6801 3303 Wegen sah sich um und bemerkte Falk
3596 3234 6675 3490 schon weit draußen im Feld, wie
3596 3396 6850 3661 ne troßlos daßand, ein Bild des sammes
3543 3539 6809 3820 und Gerschrie. Er ist die verkehrte Späte.
3604 3706 6675 3934 mit Er stürmte her wieder zu den Sonn
3592 3889 4911 4121 des waldes hin.
3616 3995 6728 4333 Heda" rief es ihr nach, erfühlte eine Hand¬
