6936 4744
1261 193 1796 379 Wie nun
217 274 3411 620 nicht darunter. Als alle vorbeinsind, nicht will
266 511 3448 785 Haung aus dem Schatten des Baumgessern,
270 673 3359 938 Sie heiß, wie die küstige Gesellschaft in
213 826 3383 1148 den Gasthausparten hineingahl, sieht
270 963 3339 1285 wie es drin Hillesung helles wird, die
185 1156 3335 1470 Gartenlaternen werden auf den Tisch
246 1321 3411 1599 gestellt, und alle die forsen Junyen
1494 1474 1841 1591 reit
270 1494 3399 1788 Cassin sich xxx lontun Garroj xxx
193 1643 3286 1917 an dem Tischlxx nieder. Finken fliegen
161 1804 3359 2054 in der Luft - es sind die Ciparette u Cparren
217 1982 3411 2276 die weppeschlag dort werden, immer erhebt
209 2118 3290 2445 sich; hell fällt der Strafl Glanz des
306 2296 2062 2553 intereinlaßs auf ihn.
342 2372 3343 2739 Collexen rühl er mit lauter Stimme, ich
3621 270 6557 681 ersitzt da, von den Fichtern in der Schein.
3689 560 4249 781 lichter
3738 665 5747 967 Also, mal die Verlorenen
3621 838 5622 1152 Wir sinds diese alle den
3617 955 6823 1269 Und bey stand da im Dunkeleins
3629 1232 6794 1434 sich Orther – und konnte unmöglich zu ihren
3681 1333 6790 1619 Was thun? Jetzt erst kam ihr wieder der
3605 1494 6682 1760 Gedanken Er Eltern. Armes Mädten
3597 1688 6355 1905 Sich aus Autor hatt gebst das Reich
6533 1671 6734 1861 D
3601 1833 6782 2066 mit Arthur. Ich möchte dir geru rathen, so
3754 2010 6815 2263 schnell wie möglich schienwärts zuwenden.
3665 2147 6782 2368 Es ist acht Uhr vorüber und Urthur wirst
3645 2320 6778 2590 du heute nicht mehr sprechen. Er sich ist dorte
3605 2477 6754 2678 melancholisch und läßt sie um das andre
3629 2630 6806 2912 Staal die Serviette fallen, es sieht sich auf
3605 2791 6782 3025 auch um aber - was nützte! Sie steckt
266 2602 3468 2928 Erdre auch auf, ein Hoch „auf unsern Poester
330 2775 3391 3073 Stnager zu bringen.  Dank sei doch
274 2928 3448 3254 er uns so freu und noch sech sach hoch sich
3605 2952 6823 3214 Den Elenden Lockenkug einen Augenblick
2670 3081 3182 3339 daß
443 3101 1458 3331 schrieb alle.
3605 3133 6843 3383 über den Zaun durchs Gebusch — ob erhin
367 3226 3307 3524 Weib einem Maln, kaum sich
3605 3282 6722 3516 woll bemerkt?
2288 3423 2485 3564 Capp
3854 3448 6722 3721 Nim- er steßnunft.  Gelsamst
314 3379 3476 3677 alle niedergelassen und steht mit fremdlich
3589 3464 3782 3705 we
274 3576 3415 3846 eicheln sich bedankt hatte, als aus
3874 3580 6819 3883 fort. Sie läuft zum Omnitis-schnell folglich
495 3754 1003 3883 von sehr
274 3742 3448 3967 Wenn ein wieder eines weg erschallt
3665 3758 6448 4060 sich hinein und fährt dem besch. zu
3037 3959 3266 4080 ikt.
342 3891 3049 4213 wieder eins und jetzt nicht
3033 3903 3431 4181 Kerthe
298 4048 3162 4354 und Weizen, Sinnig, Bälke
