7368 4888
5358 161 5550 301 13
2222 174 2453 370 12
4618 240 4992 514 zweite.
240 322 3646 636 in Ihrer Brust das vollste Eche einer gleichen Gesinnung
3742 279 7118 745 es sollte ein 2te Sundflut hervorbrechen, und dieser
340 501 3607 749 Hervorrufen, das Ihr kam mit dem meinen
3698 579 6948 910 nenützen Sandwegschwemmen, das nichts übrig
296 719 3459 976 sprechen wird. Es ist arg mit einer Zeit
3716 719 6935 1102 bleibt - nichts nichtes – höchstens diendeln,
244 845 3581 1106 bestellt, wo die Decolletage soweit geht, daß
3716 989 4909 1263 das Goldkorn!
253 1041 3533 1346 eine Käuzerin im Wedaar Theater es wagen
3764 1059 7092 1381 Sie bemerken, meine Herren, daß ich, von der
270 1207 1978 1490 kann beinahe ganz
3759 1242 7175 1590 Bedeutung meiner Mission hingerissen, von
257 1237 3546 1616 doch' Sie können ja alle dir traurigen Grund,
3777 1394 7175 1760 meinem Thema mehr und mehr abgekommen bin.
3759 1555 7197 1925 doch gewöhnlich ist es ja so, dass in Gedanke den
322 1542 3568 1838 zur Gründung dieses Vereins, doch eine begeh¬
296 1721 3502 2013 rendt krankheit ist ja auch die Ursache zur E¬
3790 1751 7227 2091 andern jagt und doch wir können ja die d.colle
2095 1899 2954 2052 Décolle naghe
296 1886 3537 2204 bauung eines Spitals, und auf ich behaupt¬
3716 1956 7088 2257 tage als Sinn bild der Lüstereheit, ja aller
6743 2052 7075 2191 kleine
340 2061 3524 2392 es fest - ist eine Krankheit unsrer Zeit, zu
3746 2108 7210 2413 Gimmoralität annimmt ihnen, denn es ist erweit¬
261 2235 3394 2466 der gegen die man leider - nochmals leider.
3838 2248 7253 2697 süllung der weiblichen Reizen, die
227 2435 3520 2697 nur selch abstraeten Spital errichten
3807 2487 7197 2775 Ursache einer vollständigen illégitimen Ent¬
244 2596 3498 2827 kann, wie wir es thaten. Und nichts andres
5206 2631 7258 2975 doch Sie verstehen mich, wurde
3812 2736 4478 3041 hütteug
196 2766 3529 3067 ist ja, wie Sie wissen meine Herren, der Zweck dieser
3759 2805 7258 3150 mir auch recht geben, werden mit mir weinen
183 2949 3498 3258 Vereins, als der Verwandung dieser Abstrae,
3759 3001 7249 3293 über die Verderttheit dieser Zeit, ein Ausdruck
5563 3197 5946 3324 hörte
327 3132 3276 3441 tums in ein Coneratum möglichst nahe zu
3807 3158 7188 3502 den man nur aus blasirte abgeschmacktheit
288 3298 919 3529 kommen.
3825 3333 7258 3690 verwerfen können. Doch möchte ausspäcken vor
244 3446 3455 3781 Doch was sind wir 20 gegen eine Welt? ein
3820 3511 7210 3855 dieser Sit Zeit, und wenn Sie das mit mir
205 3655 3446 3938 Korn in einer Wüste, freilich, das darf ich
3807 3716 7131 4086 thun, so sind meine schönsten Wünsche
218 3877 3463 4147 wohl sagen, ein Goldkorn in einem Brief
2039 4034 2400 4160 gung
3838 3969 4635 4230 erfüllt!
257 4016 3346 4295 Wüste von Sand, für die wahrläftig
3860 4034 7253 4504 Auf diese klassische Weise beendet. der Prä¬
