7848 4840
5985 73 6178 305 49
5705 129 5882 327 die
4189 206 7561 477 auf Talma zu, welche mit einer enttäusste
640 236 3935 649 einzige, die noch zurückgeblieben war, und verdrucht
7050 417 7553 554 wegen
640 464 3837 752 Aufwarf sie sich auf das weiche Beyfa, indem sie
4206 430 7553 696 Meine den Fächer vom Sophaaufhot, und sich
241 391 528 765 Jef.
4223 601 5658 881 Richtung zufächelte.
610 657 3871 915 den Fächer nachlässig an ihre Seite warf.
253 735 541 898 Mr
683 791 3837 1117 Einige Zeit saß sie so da, die diekelnungen
4313 760 7660 1074 Fräulein bebte die halb schmelzende Stimme des Dichters
262 864 528 1044 er
683 975 3785 1297 zu Boden gerichtet. Das matte licht, daß im
4386 949 7570 1220 Würdigen Sie mich eines blickes! Sie wissenja,
352 1018 550 1285 Sr
679 1151 3854 1422 Staume herrschte, diente dazu, a Bild, da¬
4236 1134 7604 1418 was ich für Sie leide — und nicht einmal dieser
4266 1315 6758 1551 Lohn wird mir zu Theil!" Er t
670 1362 3922 1628 sie darbot, noch malerischer zu machen. Endlich
365 1250 546 1577 br
4322 1478 7626 1770 Er trat näher, Talma war wieder zum Fink¬
640 1517 3914 1847 stand sie auf, und trat zum Fenster; - es war
352 1555 537 1770 Sr
4262 1658 5048 1950 getreten.
700 1706 3837 1946 eine wunderbar schöne Frühlingsnacht, und
4309 1826 7656 2084 „ Die Stunde ist da, begann Strohmüller von neuem,
670 1852 3905 2174 unter war es ganz still die tüchste Stelle
4206 2011 7574 2294 „ die süße Stunde, von der ich viel gehofft habe.
627 2105 3832 2324 lag über den leeren Straßen, nur selten,
4309 2191 6878 2479 Ja, Fräulein, habe "seufste er"
687 2286 3892 2543 daß ein einsamer nöchtlicher Spopergleger
305 2118 567 2427 vec
4369 2380 7630 2608 Nun ja lächelte sie spöttisch. "habe! Nun, war
571 2389 3931 2707 verüber wandelte. Der Mord Belangtete das gegen¬
2483 2573 2685 2677 o
4189 2543 4984 2780 weiter?
593 2582 3708 2917 über liegende Haus, das schon alles in
4395 2754 7561 2977 Glauben Sie nicht, Göttin meines Herzens,
666 2745 3871 3003 tiefern Schlafe zu bringen schien.-
3377 2930 3682 3072 hatte.
4249 2964 7630 3141 daß ich mit zudringlichen Anträgen bestärmen
623 2930 2642 3209 drüben waren alle dunkel;
3342 3033 3652 3175 war
4159 3098 7613 3347 Kintest anträge machte werde. Ich habe nur
657 3106 3991 3424 Als nur einig ganz kurze Zeit hatte als
4223 3265 7647 3501 einen kleinen, ganz kleiner Wunsch.“ bei diesem
683 3347 3948 3613 gedankervoll herausgekirrt, als sie sich schnell
4253 3476 7239 3746 Worten fühlte es auf die Brusttasche.
675 3480 3940 3746 umwandte, und in der Thüre eine Blonde, lange
4279 3609 7609 3880 Nun, welcher Wunsch ist das? fragte sie.
670 3665 3832 3974 Gestalt stehen sah, die welche sie füßlich
4292 3789 7557 4064 Ich möchte Ihnen eine kleine Kindervorlesen
722 3824 3953 4107 anlächelte der Poet - denn niemand andere
4301 3987 7506 4292 hier zogar im Heft aus seiner Brust
692 4043 3880 4283 war die Erscheinung gewesen, trat schnell
