7736 4920
2432 269 2606 480 10
3979 472 4910 889 die Muhrheit?
682 571 3363 910 Was Ihnen Dabei nur so sonderbar vorkommt".
4016 620 7317 1071 Ja, die Wahrheit, nenn ich Sie Frage, ob Sie schon
620 807 3776 1179 Nun, Kedel, ich denke, ick kann auf Sie unbedingt ver¬
4033 906 5886 1191 einmal gebiett haben.
633 1030 1249 1270 trauen.
4066 1051 5816 1315 Wie mans eben nimmt.
3135 1142 3317 1373 e
4054 1171 7313 1559 u. Sehen Sie! Aber ich bin auf genaures begin¬
682 1183 2035 1489 " Selbst verständlich.
728 1353 3863 1671 Wisse Erfahren Sie denn, daß ich nicht Gegen, sondern
4004 1518 4446 1787 rig.
670 1493 3797 1832 Fritz Salke heiße und der Bruder Arthurs
4128 1535 7383 1915 Ich war damals vierzehn Jahre – aber Sie werden
658 1733 1133 1990 bin.
4025 1853 4645 2076 lachen.
711 1878 2151 2163 Ah - bin sehr erfreut
4054 1973 5001 2258 " Gewiss nicht
670 2039 3905 2358 „Ja wohl, nicht Geyer, sondern Falke; Sie wisen jetzt
4169 1998 7420 2453 Aber lächeln – und dieses ein solches ironisches
658 2205 3830 2507 alles - Und Sie "vergessen" doch nicht, was Sie mir
4049 2213 7375 2627 Lächeln - sie das ist zesemal soarg, als ein
687 2395 1733 2676 versprochen?“
4099 2445 5948 2780 helles, lautes Lachen."
674 2515 3892 2804 kommeswegs, Talke! Sobald ich zu Ihrem Bruder
4099 2631 5832 2945 über erzählen Sie uns?
4153 2718 7222 3127 Ich war in den Slegeljahren, und sie – sie¬
736 2751 3880 3040 hinaufkommen, werde ich Ihnen den Tag sagen, an
716 2891 3900 3168 welchem ich Sie in das talletefor
4132 2928 6357 3280 sie war etwa fünfzehn Jahre alt -
707 3053 3648 3301 schnuggeln kann. Haben Sie aber auch Mut¬
4132 3156 5481 3425 " Aber was war sie?
4186 3259 7412 3570 Sie – sie - je war welcher wie man bei uns in
769 3189 3884 3499 Ein Frage! Und damit gibt einem die Umgebung
4178 3383 7454 3760 Wien sagt "Millimadl", Sehen Sie, Sie lächel¬
724 3429 3917 3698 schon Mut Oberich sage Ihnen nicht schlafen worden
699 3570 3929 3876 ich können, bis ich nachricht erhalte. Aber noch uneristes
4182 3714 4715 3971 sison.
724 3752 3950 4020 dieser jungen Mann, der mir das Verz schwermacht.
4186 3805 6312 4182 Ist die Geschichte schon fertig!
4169 3934 7396 4318 "Nein." - Hören Sie weiter. Mein Vaterwundert
749 3934 3909 4186 dieser Nelke - Gros, machen Sie sich keine Sor¬
4157 4095 7491 4529 sich damals im er über mein frühes aufstehen,
761 4128 3996 4401 gen. Sonne Sollte sie nicht zweimal lieben können,
769 4277 3731 4542 Möllen Sie mir die Wahrheit sagen, Folke
