7640 4920
4998 163 6541 437 erauf einer Prunter,
2563 339 2760 480 06
4102 313 6584 626 und trank x in einem Zug krank:
441 386 3832 763 ter, schlanker junger Mann, der den größten Theil
4123 480 7329 797 da liess Regi nützlich ein Gabel mit großen
501 583 3832 934 seiner Zeit, mit Componiren zubrachte, in der¬
4111 643 7402 952 Geräusch auf den Keller fallen. Wilhelm, der
484 789 3840 1102 sußen Hoffnung, sich einmal durch dieses
4115 789 7385 1110 eben mit der Hand takt schlug und den Roph
137 870 351 1067 w
6622 947 7257 1093 emporig etc
549 952 3639 1213 talent im Leben forthelfen zu können.
4132 994 7467 1243 dazu hinundherwiegte - er s. sonz offenbar
519 1127 3776 1410 Fanny Er konnte ebendowenig gut Unterhaltung
4068 1140 7492 1449 in Gedanken im Lind od. derst. - Fuhr erschreckt
514 1354 3716 1603 etwas beitragen, als die durch das barsche
4479 1380 4779 1504 in
4089 1342 7462 1650 auf, Fang, die Dienst über ihrem Teller gewütet
536 1479 3690 1800 Wesen ihres Vaters höchst bestürzte Famil. Da
4046 1560 7458 1830 brutene mechanisch ihr Mahl verzehrte, fuhren or¬
184 1573 377 1753 S
514 1672 3789 1942 natürlich der Herr des Hauses auch von
4085 1697 7454 1955 schreckt auf i, und "der liebe Mann" siell den
536 1822 3772 2075 einsilbig war, wurde das Amusement nur
4106 1873 7488 2096 ungeschickten Sohne eine total unverständliche
437 2032 3742 2319 Durch die beiden Frauen und die wilden Gegen¬
4089 2057 5251 2383 Krafpridigt.
4089 2190 7492 2512 Doch wie alles vorungeht, so ging auch diese
437 2203 1166 2469 besorgt.
484 2362 3793 2662 „ Was sagen Sie dazu, Frau Clock, wie jetzt das Durch
4115 2396 7492 2717 Nachtessen vorüber, Frau die Kinder werde
4089 2546 7402 2837 in ihre Gemässer geschickt, und Herr Fleck
467 2559 1526 2855 se theuer ist.
686 2713 3772 2996 Madame Reiles, ich sag Ihnen, das sind mehr
4081 2769 7450 3090 freute sich sehen, ungestört mit seiner Frau
527 2893 2640 3168 die Köchinen, als das Fleisch.
4102 2915 7475 3240 sprechen zu können; aber er hatte die Sach¬
592 3082 3789 3373 Bude machten sehr pfiffige Gesichter.
4136 3125 7471 3360 mig ohne Madame keiles gemacht, und
454 3210 3695 3545 Noch Erdägfel, Maria schöre Julius so
4132 3262 7488 3566 erblickte bemerkte mit Grausen, wie sich
514 3425 2019 3755 laut als möglich.
4111 3540 7548 3746 dieselbe mit der liebenswürdigsten Miene,
471 3596 3772 3866 „ Schrei“ nicht so, schäm“ dich vor der Fraukeiles!
4106 3648 7552 3969 auf das Sopho niederließ, um sich mit der Frau
557 3763 3823 4068 Willst du noch Heisch, lieber Mann?“ Eilitz
4089 3806 7450 4153 des Pausers in ein bis kussion über die
506 3960 3858 4205 Der liebe Mann krummte etwas, und schickt
4111 4021 6957 4338 versehindensten diese anzulassen.
2079 4119 2319 4248 mit
857 4145 1114 4273 7r
544 4123 3892 4496 sich das Schles. so voll vier, daß aus das
