7192 4872
5811 338 6215 569 etwas
3573 416 6829 779 Sie warteten einige Zeit. Es war künfttärzer
260 523 3462 907 fragte Talkn. "Nicht wahr hinstreizend? Und weißt
3581 626 6899 923 und Wängerinnen kamen heraus und traten aus
218 738 3408 1088 ihr etwas von ihrem Kuh? Habt ihr auch erkundest?
3614 775 6854 1125 der Thüre und entfernten sich nachum nach. Die
227 915 3433 1245 „Sie soll eine der ordentlichsten sein, erwiderte Rechte
3606 952 6854 1282 Thürmühren schlugen zehn; es war still auf den
256 1092 3482 1442 Ihr benehmen schien mir auch jetzt auf der Bühne
3602 1261 4245 1512 Straßen.
239 1257 3524 1578 nicht so heraus fordernd, wie z.B. das des Fräulein
3680 1290 6932 1636 da kamen Tjena u Estrella als die letzten aus
4476 1455 6961 1677 aus dem uns hinter einer schloß sich d. Her¬
3627 1550 6940 1805 der Thür und; die beiden Wartenden
223 1484 1405 1747 Hrenbach. Tatlma. -
264 1628 3528 1958 „ deren Herausforderung ich auch angenommen habe,
3676 1681 6924 2065 schickten sich an sie zu verfolgen. In gemessener
264 1817 3487 2155 sagte bemerkte sehr ruhig der lebenslustige Richt¬
3746 1916 6334 2155 Entfernung folgten sie ihnen; nur
276 1991 3495 2308 „Was riefer die andere drei, wie mit einer Stim¬
3750 2024 6994 2361 die Tängerinen schienen sie zu bemerken; es war
293 2180 1986 2469 Du hast dich in sie vertrebt?
3697 2168 6994 2555 kaum mehr einer außer den vieren zu erblicken.
276 2316 3557 2588 „Serliebt, sehr richtig. Und will sie auch augenblickte
3738 2353 6994 2683 die Gossen und Wäge waren leer; nur die Fenster
317 2502 3412 2819 erwarten, um sie die Gelegenheit nicht unbenutzt
3705 2514 6994 2856 der Häuser waren noch erleugtet. Talma u.
3730 2737 7027 3103 Estrella gingen die Karntnerstraße hinauf; bei einem
251 2699 1805 2959 verstreichen zu lassen.
321 2844 3540 3095 „kühle, das will ich auch thun rief Falke. Ich will
3717 2889 6957 3260 Hause lernten sich, Talma ging läutete die Haus¬
400 3004 3499 3309 Estrella erwarten. Hab ich nicht recht? Kuhle
3709 3058 6924 3449 glocke; es wurde geöffnet, und sie verschwand
367 3169 3404 3421 kommst du? Sub wohl, Wahlmann lebwohl
3664 3202 6936 3610 in der Einfahrt. Rühte, folgte ihr auf gut Glück
342 3367 3548 3664 Feld. Wir gehen zum Thüre, die auf die Bühe
3713 3437 6524 3705 bevor noch das Thor zugeschlagen war.
350 3536 1801 3870 führt. täbt wohl!
3775 3610 6920 3915 von Fälke, der Estrelle verfolgte, hatte
371 3726 2238 4026 Man verabschiedete sich.
3726 3787 5630 4154 er sich üligst verabschiedet.
400 3890 3557 4158 Kühle u. Salke gingen beide sehr aufgeregt
3771 3804 7068 4331 Er stieg eine weite breite nachhell erlauchtete,
396 4072 3631 4397 zur Thüre, die den Eingang zur Bufe eröffnet
495 4253 931 4476 senntes
