6600 4696
3969 229 5228 613 jagte, aber er ist.
158 279 3406 755 Ich tiette Sie, keinen Schritt weiter. Sie tödte
3827 479 6566 788 Sie blick, in dem sich alle Empfind
179 592 1117 855 mich sonst
3710 671 6591 930 vereinigen, um dann doch nur auf
705 700 3481 1038 Ein gegrüsstes Also, entrang sich Juli
163 750 613 975 Alfs.
3789 792 6399 1096 die einzige, ewige, herrschende
217 938 984 1184 Busen. -
5407 946 6316 1196 findigen Ge
3727 971 4982 1255 zu strahlen,
550 1017 3443 1321 Sie tödten mich "fuhr sie weiter fort eind
3677 1088 6582 1430 so erschieden, und doch nur unb
183 1096 1051 1363 „ Jaht uns vorn
163 1201 3510 1509 Klupen verfleuchtet ein stillsamer Elanz. Und
3623 1251 6582 1576 in dem alle Gefühle sich verbinden
308 1321 3468 1617 Sie achter nicht warum? Sie schrieg eines "Auge"
3664 1401 6591 1705 doch in dem einem grohten, tiefen
275 1488 3473 1788 blick. Maÿer sagt nichts; nicht — einmal
3756 1572 6578 1909 weltrepierenden unterzusehen
3748 1747 6591 2043 das ein Blick, den man schildern kann
254 1722 709 2014 also
371 1859 3406 2176 O. Sie ihnen es nicht nur, Nam Sie wissen es
3781 1888 6587 2143 doch a Magerliebte liebte, betr.
2485 1980 2818 2118 betr
342 1959 3381 2280 auch. Nicht wahr? Und mit diesen
3819 2059 6587 2385 mehr will ich nicht sagen
354 2134 3322 2410 Worten sah sie ihn so schelm schon
3814 2214 6595 2526 soll ich vorähren, daß die geheim¬
342 2293 3410 2647 Er bewirkte es ganz teiblich, obwohl
3685 2376 6432 2689 volle Mär. Genzestält naher auf ihn
2001 2485 2826 2681 in the stav
271 2510 3352 2814 les so finster war, u. andere Unterwunde
3643 2539 6449 2864 treten wären, ihm ins Ohr Flust
384 2605 3481 2968 an seiner Seite der warren Hauß
3673 2689 6541 3031 nicht mehr, du liebst, auch wie ich
246 2756 3485 3047 ihres Abheims berührte jene glühende
3639 2851 6482 3206 liete, daß plötzlich einen eingefühlen Ter¬
250 2964 3535 3239 Mangen. Je sie plüchten wirklich, diese
5903 3027 6591 3289 Herrn Dr.
3664 3060 5795 3352 auf Jakobs keus ihm zu
271 3122 3398 3481 Wängen, die heilige Sterne müste,
5790 3164 6566 3473 ferner
5549 3247 5749 3443 a
3764 3206 5499 3514 Wege ersahlen, daß
334 3327 2026 3589 und seine Aügen¬
3802 3360 6557 3698 genommen hatte und stumm an sie
388 3385 3518 3681 vier erlaßent die Feder des Autors
3906 3560 4744 3789 Seite!
421 3602 3452 3914 Ihr meine lieben, theuere Leser und
5911 3564 6553 3914 son ami
3731 3602 5770 4019 Aber wurde doch nicht
359 3760 3514 4027 deserinnen, ihr könnt auch vielleicht
3731 3814 6499 4127 um, lieber daher, es ist gewest
334 3910 3473 4252 den unbeschrieblichen Blick vor¬
3756 3985 6474 4348 raum; Mager wird nicht an,
329 4085 3398 4431 stellen, das aus Magerliegen
