7208 4936
5724 297 6043 528 26/12
3530 368 3911 653 16/12
3530 465 6901 884 dentisches in seinem Ausdruck. Wahrscheinlich wird
5054 695 5318 800 Herrn
255 570 3463 921 O ich bitte lächelte die Gräfin leubselig durch
3593 641 6909 963 er mit einem andern gekommen sein. Fragen dürfen,
268 775 3450 1080 aus nicht. Aber wenn ich nicht irre, so hatten
3618 825 6424 1206 virkeines wegs; das wäre umhöflich. - x
268 934 3346 1290 Sie vor fünf Jahren einen Backenbart?
3631 1013 6893 1357 Inzwischen war meldete ein Zwärdiener, das Sächste
226 1164 2563 1436 „Da dürften Frau Gräfin erree¬
3605 1294 4661 1558 sei aufgetragen.
201 1298 3467 1629 „Ich muß mich einstweilen empfehlen, Herr
3614 1336 6943 1717 uuch bitte, Fräulein Talena, wenn Sie erlauben“ sagte
281 1470 3425 1792 kühle. Sie rauschte fort; u. zw. zu ihrem
3668 1566 6968 1859 der Galant, in dem früher er den Arme sie wahren
4104 1600 4305 1713 sept
276 1637 3501 1972 Gemahl, den Grafen von Pfahlhausen, der
3773 1679 6872 2069 sie schon seinen Arm genommen hatte.
251 1834 3476 2157 mein Eifrigern Gespräch mit Salma verkauft
3718 1855 6922 2211 „Meine Herren, meine Damen – wenn ich
264 2010 3413 2328 gewesen war, sich aber nun zu seiner Ge¬
3664 2098 5950 2349 bitten darf - zum Stappie -
3706 2186 6976 2554 Alles setzte sich in Bewegung und biß
251 2198 1348 2462 mahlin wandte.
1478 2358 1729 2483 eifen
364 2337 3413 2663 Hast du vielleicht Herrn kühle eingeladen!
3702 2366 6914 2739 sich an der reichte setzten Tafel nieder. Kühle
281 2596 3501 2814 Ich kann ihn zwar gar nicht, wußte mich
3727 2571 6922 2885 koman tokmas Seite zu sitzen - ob aus
201 2676 3384 3002 aber doch sehr gut aus der Affaire zu
3656 2764 7014 3141 Gefall oder in einer unschuldigen Absicht, wollen
201 2885 3564 3187 ziehe „übrigens ist er sehr liebens würdig“
3660 2927 6059 3300 wir hier nicht entscheiden.-
318 3095 3375 3358 du wirst ihn wohl eingeladen haben, liebe
3760 3090 7039 3480 das Gespräch drehte sich um nichtige Dinge, kühle,
201 3212 2734 3543 Charlotte! Ich wäre mich nicht.
3760 3266 7077 3584 der Talma mit den Augen verschlang, hörte wenig
2927 3329 3090 3505 4
201 3392 2944 3702 „Nem, ganz gewiss warst es duß.
3756 3421 6993 3765 davon; besonders als eine Nachbarin begann
209 3534 3522 3865 Nun zwar von uns kann sich wenn, fahre
3769 3584 7035 3945 mehrere Mal ihre dunkeln krigen auf ihm ruhe
796 3760 1009 3873 n
4811 3823 5247 3970 dahricht
180 3752 3471 4016 auch vorigens zu dem jungen Manne
3744 3815 7077 4154 zu lassen, und ein Köcheln, von dem man nicht
302 3920 2596 4221 Er lehnt dort am Fenster.
3857 3953 7077 4338 wusste, ob es irrmschgeliebreich sein sollte, ihren
293 4104 3480 4418 ein interessantes Gesicht – etwas stu¬
3848 4171 5507 4489 Munden Mensch nicht.
