7224 4808
5286 146 5524 395 25
2123 237 2306 408 24
3684 404 6956 803 Jdernassociation mit der Schule in Verbindung zu bringen
1249 454 2410 808 Fürftes Capitel.
287 674 612 945 20/1
3667 662 5632 991 wie wir gleich softe werden.
1503 724 2214 1049 Der Brief
3688 841 6127 1186 „Owenh! Sinng, o weh“ sagte der vur.
271 928 1769 1195 der Verfasser will in diesem Capital
3692 978 6922 1344 „Was ist Dir denn“ frage der andre. Der eine
233 1111 1844 1349 in die Fußstagfer Ernst Ecksteins
3734 1186 6106 1498 griechische Grammatik in der Hrn I
208 1257 1873 1540 Ewas er der Wahrhaftigkeit dieser Geschichte
3680 1320 7026 1677 v. Ich werde sie nur inhalten selten sehen können! Weiß
271 1449 1831 1723 zu Liebe thun muss E u. zu leich offen
3730 1578 4587 1802 Du warum?
233 1607 1915 1902 gesteht, im alten Vorwurfe auszuweichen.
3675 1744 4550 2048 vGes weg
3896 1848 6976 2198 der Mein Vater hat einen Magen genommen.
312 1844 3488 2256 In der gothischen Hallen des akademischen Gymnasi¬
3763 2115 4217 2323 No.
891 2102 3451 2418 Worn begann ū es lebendig je
246 2173 903 2385 ums zu
895 2281 1116 2414 Esste
3838 2110 7039 2522 Sei nicht so denn, Sinneg! No. No! Was heißt das!
1831 2277 2281 2435 morgen
250 2277 3434 2589 werden u. Strassen der April gönne Fielen durch die hohen
3788 2377 7022 2656 Mitfahren werd ich müssen aller Wahrschein¬
321 2448 3209 2781 farbig in Fenster über die Stiegen; und die Str.
3692 2556 7026 2830 lichkeit nach; und sehr oft' Als ob er davon
345 2622 3521 2964 Stadteten mit Schultaschen am Rücken, die größere mit
1952 2810 2393 2951 gingen
3705 2710 6931 3005 wußte-wirklich; es ist rein zum Vollwerden.
262 2810 3596 3072 denselben in der Hand liefen theils mit leich¬
3746 2897 7022 3234 „Na Reg“ dich mir nicht so auf, Salke bescheinh
266 2993 3567 3247 herum, um die tation noch ein letztesmal durchgesehen
3759 3068 6989 3413 tigte der gesetzt erscheinen wollende College,
271 3201 3584 3472 oder sich überhauge jetzt erst darüber mit ihr bekant
4021 3268 6081 3484 Es wird nicht so arg werden!
291 3313 3538 3601 zu machen, theils waren sie einige die beisamen standen
3817 3330 7068 3767 In dieser Sekunde erkönte du markerschütterd
5836 3563 6510 3721 rer Stamm¬
316 3488 3542 3825 in ein Gespräch vertieft, das nichtimmer über die Schute
3792 3609 6985 3917 Glocke, welche in die Classe viel. Einige Nach
375 3671 3521 3988 handelte. So waren z. B. auch die Worte, die
3780 3763 6872 4133 Zuglag kamen durch noch ausgefrau thor,
2731 3842 3230 3984 mit omand
321 3850 3526 4154 beiden Collegen Smmiz und Falke wechselten
3825 3938 7097 4229 darunter einer, der die beiden Collegen sehr
350 4029 3409 4329 nur unmittelst einer etwas weitläufigen
