<?xml version="1.0" encoding="UTF-8" standalone="yes"?>
<PcGts xmlns="http://schema.primaresearch.org/PAGE/gts/pagecontent/2013-07-15" xmlns:xsi="http://www.w3.org/2001/XMLSchema-instance" xsi:schemaLocation="http://schema.primaresearch.org/PAGE/gts/pagecontent/2013-07-15 http://schema.primaresearch.org/PAGE/gts/pagecontent/2013-07-15/pagecontent.xsd">
    <Metadata>
        <Creator>prov=READ-COOP:name=TrHtr:version=2.1.0:model_id=51170:date=14_08_2023_23:19</Creator>
        <Created>2023-05-10T14:33:22.199+02:00</Created>
        <LastChange>2023-08-14T23:19:16.105+02:00</LastChange>
        <TranskribusMetadata docId="1428640" pageId="55422232" pageNr="125" tsid="132830520" status="IN_PROGRESS" userId="64420" imgUrl="https://files.transkribus.eu/Get?id=WKJUCIWAYYGSJFIRJACBZBHP&amp;fileType=view" xmlUrl="https://files.transkribus.eu/Get?id=XYCZIYUKYBIRJGRFXPWYOHON" imageId="44696311"/>
    </Metadata>
    <Page imageFilename="1428640_0125.jpg" imageWidth="7128" imageHeight="4888">
        <ReadingOrder>
            <OrderedGroup id="ro_1711818335143" caption="Regions reading order">
                <RegionRefIndexed index="0" regionRef="tr_1"/>
            </OrderedGroup>
        </ReadingOrder>
        <TextRegion id="tr_1" custom="readingOrder {index:0;}">
            <Coords points="191,242 7033,242 7033,4521 191,4521"/>
            <TextLine id="tr_1_tl_1" custom="readingOrder {index:0;}">
                <Coords points="4715,424 4760,436 4785,420 4793,432 4838,428 4863,436 4900,218 4863,214 4859,206 4817,206 4789,218 4752,210"/>
                <Baseline points="4756,316 4810,310 4899,292"/>
                <TextEquiv>
                    <Unicode>45</Unicode>
                </TextEquiv>
            </TextLine>
            <TextLine id="tr_1_tl_2" custom="readingOrder {index:1;}">
                <Coords points="2075,523 2133,511 2153,523 2178,519 2191,527 2203,515 2236,515 2215,247 2125,247 2108,239 2100,251 2055,251"/>
                <Baseline points="2091,400 2175,406 2234,412"/>
                <TextEquiv>
                    <Unicode>4 S</Unicode>
                </TextEquiv>
            </TextLine>
            <TextLine id="tr_1_tl_3" custom="readingOrder {index:2;}">
                <Coords points="3611,836 4817,708 5077,819 5365,667 5810,638 6044,741 6230,626 6514,704 6724,651 6736,441 6473,358 4904,511 4397,404 3628,531"/>
                <Baseline points="3639,770 3692,770 3782,752 3872,746 3961,734 4051,723 4141,717 4230,717 4320,711 4409,705 4499,705 4589,693 4678,693 4768,687 4858,681 4947,675 5037,663 5127,657 5216,663 5306,657 5395,651 5485,651 5575,645 5664,639 5754,639 5844,633 5933,627 6023,621 6112,615 6202,609 6292,603 6381,597 6471,591 6561,585 6650,573 6740,573"/>
                <TextEquiv>
                    <Unicode>So höre ein Beispiel, Ehhevollers denke dieses</Unicode>
                </TextEquiv>
            </TextLine>
            <TextLine id="tr_1_tl_4" custom="readingOrder {index:3;}">
                <Coords points="3636,947 4620,873 4949,972 5472,836 5653,943 6016,799 6250,885 6378,778 6773,811 6786,622 6440,716 6230,626 6061,741 5855,646 5670,762 5427,659 5073,824 4822,708 3640,848"/>
                <Baseline points="3657,944 3740,938 3830,926 3919,920 4009,908 4099,896 4188,896 4278,890 4368,890 4457,878 4547,872 4637,866 4726,866 4816,854 4905,848 4995,848 5085,854 5174,848 5264,842 5354,830 5443,824 5533,818 5622,818 5712,812 5802,812 5891,806 5981,800 6071,788 6160,782 6250,776 6340,764 6429,758 6519,752 6608,746 6698,740 6788,752"/>
                <TextEquiv>
                    <Unicode>an meine Stelle ich will mich an denis denke</Unicode>
                </TextEquiv>
            </TextLine>
            <TextLine id="tr_1_tl_5" custom="readingOrder {index:4;}">
                <Coords points="251,931 3150,856 3430,795 3434,622 2792,708 2314,572 1878,671 259,659"/>
                <Baseline points="274,842 304,848 394,848 484,842 573,842 663,836 752,836 842,836 932,836 1021,830 1111,830 1201,824 1290,824 1380,812 1469,812 1559,812 1649,806 1738,806 1828,812 1918,812 2007,812 2097,812 2187,812 2276,806 2366,806 2455,800 2545,794 2635,794 2724,794 2814,782 2904,776 2993,770 3083,764 3173,764 3262,758 3352,752 3441,752"/>
                <TextEquiv>
                    <Unicode>zuschmettern. Wider standen da und Jahre</Unicode>
                </TextEquiv>
            </TextLine>
            <TextLine id="tr_1_tl_6" custom="readingOrder {index:5;}">
                <Coords points="3648,1190 4080,1071 4385,1178 4752,1042 5419,1124 5806,988 6872,972 6884,799 3656,1001"/>
                <Baseline points="3674,1117 3746,1111 3836,1099 3925,1093 4015,1081 4105,1069 4194,1069 4284,1063 4374,1057 4463,1057 4553,1045 4643,1039 4732,1033 4822,1039 4911,1033 5001,1033 5091,1033 5180,1027 5270,1021 5360,1003 5449,997 5539,997 5628,997 5718,985 5808,979 5897,974 5987,968 6077,956 6166,956 6256,950 6346,950 6435,950 6525,938 6614,932 6704,926 6794,920 6883,914"/>
                <TextEquiv>
                    <Unicode>Gesetzt; also ich sei Estrelte, u. du könnte</Unicode>
                </TextEquiv>
            </TextLine>
            <TextLine id="tr_1_tl_7" custom="readingOrder {index:6;}">
                <Coords points="358,1099 1561,988 2059,1116 2240,988 3084,1021 3418,972 3422,795 2178,807 1911,902 1758,824 1532,947 972,840 362,914"/>
                <Baseline points="382,1009 472,1021 561,1021 651,1021 740,1021 830,1015 920,1015 1009,1015 1099,1015 1189,1009 1278,1003 1368,997 1458,997 1547,991 1637,991 1726,991 1816,985 1906,979 1995,985 2085,979 2175,985 2264,979 2354,974 2444,974 2533,968 2623,968 2712,962 2802,956 2892,950 2981,950 3071,944 3161,938 3250,932 3340,926 3429,926"/>
                <TextEquiv>
                    <Unicode>sich in die Augen bis sich endlich ende mit</Unicode>
                </TextEquiv>
            </TextLine>
            <TextLine id="tr_1_tl_8" custom="readingOrder {index:7;}">
                <Coords points="3640,1293 6658,1190 6827,1112 6839,947 5769,992 5077,1153 4756,1038 4352,1182 4080,1066 3644,1194"/>
                <Baseline points="3663,1290 3704,1284 3794,1278 3884,1266 3973,1266 4063,1254 4153,1248 4242,1248 4332,1242 4421,1230 4511,1224 4601,1219 4690,1213 4780,1213 4870,1213 4959,1213 5049,1207 5138,1207 5228,1201 5318,1189 5407,1183 5497,1177 5587,1171 5676,1165 5766,1159 5856,1153 5945,1153 6035,1147 6124,1141 6214,1135 6304,1129 6393,1129 6483,1123 6573,1111 6662,1105 6752,1099 6842,1093"/>
                <TextEquiv>
                    <Unicode>als Luden Nelke zu mir à sprächst: Gib mich</Unicode>
                </TextEquiv>
            </TextLine>
            <TextLine id="tr_1_tl_9" custom="readingOrder {index:8;}">
                <Coords points="169,1276 2228,1165 2483,1301 2923,1132 3463,1153 3467,955 2853,968 2578,1108 2252,988 2059,1116 1561,984 560,1132 173,1038"/>
                <Baseline points="191,1183 244,1189 334,1189 424,1195 513,1195 603,1195 693,1189 782,1189 872,1189 962,1189 1051,1189 1141,1183 1230,1183 1320,1177 1410,1177 1499,1171 1589,1171 1679,1165 1768,1165 1858,1165 1948,1165 2037,1159 2127,1159 2216,1153 2306,1153 2396,1153 2485,1147 2575,1141 2665,1141 2754,1135 2844,1135 2933,1129 3023,1129 3113,1123 3202,1117 3292,1117 3382,1111 3471,1105"/>
                <TextEquiv>
                    <Unicode>der gelösten Karten zu dem Zug zuge¬</Unicode>
                </TextEquiv>
            </TextLine>
            <TextLine id="tr_1_tl_10" custom="readingOrder {index:9;}">
                <Coords points="3619,1470 3776,1561 4410,1429 4616,1561 4949,1400 6691,1330 6732,1161 6090,1165 5904,1272 5802,1173 5538,1285 3632,1289"/>
                <Baseline points="3645,1446 3692,1452 3782,1452 3872,1452 3961,1440 4051,1440 4141,1428 4230,1422 4320,1416 4409,1404 4499,1404 4589,1398 4678,1386 4768,1386 4858,1386 4947,1386 5037,1380 5127,1380 5216,1374 5306,1374 5395,1368 5485,1362 5575,1350 5664,1344 5754,1344 5844,1344 5933,1338 6023,1326 6112,1320 6202,1308 6292,1308 6381,1296 6471,1284 6561,1272 6650,1260 6740,1248"/>
                <TextEquiv>
                    <Unicode>auf, ich muß geiraten, so wurde es</Unicode>
                </TextEquiv>
            </TextLine>
            <TextLine id="tr_1_tl_11" custom="readingOrder {index:10;}">
                <Coords points="235,1404 1173,1375 1532,1503 2252,1338 3393,1561 3512,1486 3525,1124 2903,1132 2479,1301 2232,1169 1305,1276 1190,1194 778,1326 609,1215 239,1351"/>
                <Baseline points="256,1386 298,1386 388,1380 478,1380 567,1374 657,1368 746,1368 836,1368 926,1368 1015,1368 1105,1368 1195,1362 1284,1356 1374,1362 1464,1350 1553,1350 1643,1350 1732,1344 1822,1344 1912,1344 2001,1338 2091,1338 2181,1332 2270,1332 2360,1338 2449,1332 2539,1332 2629,1326 2718,1326 2808,1314 2898,1314 2987,1308 3077,1302 3167,1302 3256,1290 3346,1290 3435,1290 3525,1284"/>
                <TextEquiv>
                    <Unicode>miteinander, das letzte Mal) nachtheil¬</Unicode>
                </TextEquiv>
            </TextLine>
            <TextLine id="tr_1_tl_12" custom="readingOrder {index:11;}">
                <Coords points="3677,1668 3800,1733 4064,1606 4595,1721 4974,1556 6819,1507 6823,1388 6427,1437 6147,1326 5810,1449 5312,1379 4999,1507 4550,1540 4414,1429 3685,1561"/>
                <Baseline points="3704,1607 3782,1619 3872,1619 3961,1613 4051,1607 4141,1595 4230,1595 4320,1583 4409,1577 4499,1571 4589,1571 4678,1565 4768,1559 4858,1559 4947,1553 5037,1547 5127,1541 5216,1541 5306,1535 5395,1535 5485,1529 5575,1523 5664,1517 5754,1511 5844,1505 5933,1499 6023,1493 6112,1493 6202,1487 6292,1475 6381,1469 6471,1464 6561,1464 6650,1458 6740,1458 6830,1458"/>
                <TextEquiv>
                    <Unicode>sorella sagen. Ich will deren Glück entgegen</Unicode>
                </TextEquiv>
            </TextLine>
            <TextLine id="tr_1_tl_13" custom="readingOrder {index:12;}">
                <Coords points="296,1631 482,1565 556,1647 807,1680 988,1561 1029,1593 1091,1536 1153,1565 1326,1548 1330,1433 1182,1466 1046,1379 885,1408 758,1371 630,1453 535,1388 436,1433 305,1400"/>
                <Baseline points="322,1547 352,1553 442,1553 531,1553 621,1547 711,1541 800,1541 890,1541 979,1541 1069,1535 1159,1529 1248,1523 1338,1523"/>
                <TextEquiv>
                    <Unicode>leue gi fahren.</Unicode>
                </TextEquiv>
            </TextLine>
            <TextLine id="tr_1_tl_14" custom="readingOrder {index:13;}">
                <Coords points="3673,1902 3875,1795 4929,1721 5402,1836 5974,1713 6164,1787 6819,1635 6823,1515 3685,1696"/>
                <Baseline points="3698,1798 3776,1798 3866,1786 3955,1780 4045,1774 4135,1768 4224,1768 4314,1762 4403,1750 4493,1750 4583,1750 4672,1738 4762,1732 4852,1726 4941,1720 5031,1714 5121,1714 5210,1714 5300,1703 5389,1697 5479,1691 5569,1691 5658,1685 5748,1679 5838,1679 5927,1667 6017,1667 6107,1667 6196,1661 6286,1649 6375,1637 6465,1631 6555,1619 6644,1619 6734,1613 6824,1625"/>
                <TextEquiv>
                    <Unicode>siehen und nach einer herzhaften letzten</Unicode>
                </TextEquiv>
            </TextLine>
            <TextLine id="tr_1_tl_15" custom="readingOrder {index:14;}">
                <Coords points="301,1746 1231,1791 1437,1701 1709,1803 3290,1651 3479,1758 3483,1515 1832,1388 984,1672 560,1548 301,1626"/>
                <Baseline points="322,1714 358,1714 448,1720 537,1714 627,1720 717,1714 806,1714 896,1714 985,1714 1075,1709 1165,1703 1254,1703 1344,1703 1434,1697 1523,1703 1613,1703 1703,1703 1792,1697 1882,1697 1971,1691 2061,1691 2151,1685 2240,1679 2330,1679 2420,1679 2509,1667 2599,1667 2688,1667 2778,1661 2868,1655 2957,1649 3047,1649 3137,1649 3226,1649 3316,1643 3406,1643 3495,1643"/>
                <TextEquiv>
                    <Unicode>Ludwig, ich Fitte dich", tepann sie, indem so auf</Unicode>
                </TextEquiv>
            </TextLine>
            <TextLine id="tr_1_tl_16" custom="readingOrder {index:15;}">
                <Coords points="3665,2001 4764,1915 4871,1997 6518,1791 6794,1873 6856,1680 5629,1832 4933,1721 4323,1882 3669,1890"/>
                <Baseline points="3686,1977 3716,1977 3806,1977 3896,1965 3985,1959 4075,1954 4164,1948 4254,1936 4344,1930 4433,1930 4523,1924 4613,1918 4702,1912 4792,1906 4882,1900 4971,1894 5061,1888 5150,1888 5240,1882 5330,1876 5419,1870 5509,1870 5599,1864 5688,1858 5778,1852 5867,1846 5957,1840 6047,1834 6136,1828 6226,1822 6316,1816 6405,1804 6495,1798 6585,1792 6674,1786 6764,1786 6853,1792"/>
                <TextEquiv>
                    <Unicode>Umarmung mich in einer andern verbeten.</Unicode>
                </TextEquiv>
            </TextLine>
            <TextLine id="tr_1_tl_17" custom="readingOrder {index:16;}">
                <Coords points="251,1997 1161,1882 1581,1993 2112,1857 2565,1960 2705,1841 3504,1861 3508,1672 2285,1771 2182,1680 1746,1808 1486,1705 255,1762"/>
                <Baseline points="274,1918 286,1918 376,1912 466,1900 555,1888 645,1882 734,1888 824,1882 914,1888 1003,1882 1093,1876 1183,1882 1272,1876 1362,1870 1452,1870 1541,1864 1631,1864 1720,1864 1810,1870 1900,1864 1989,1864 2079,1858 2169,1858 2258,1852 2348,1858 2438,1852 2527,1846 2617,1846 2706,1840 2796,1840 2886,1834 2975,1822 3065,1822 3155,1822 3244,1816 3334,1810 3423,1816 3513,1810"/>
                <TextEquiv>
                    <Unicode>der kreiten tagge stehen blieb und die gitternde</Unicode>
                </TextEquiv>
            </TextLine>
            <TextLine id="tr_1_tl_18" custom="readingOrder {index:17;}">
                <Coords points="3710,2153 5419,2051 5629,2137 6267,2001 6497,2096 6683,1972 6901,2067 6917,1824 3718,2046"/>
                <Baseline points="3734,2139 3782,2139 3872,2139 3961,2133 4051,2121 4141,2115 4230,2115 4320,2109 4409,2109 4499,2103 4589,2097 4678,2085 4768,2079 4858,2073 4947,2067 5037,2067 5127,2061 5216,2055 5306,2049 5395,2043 5485,2043 5575,2037 5664,2031 5754,2025 5844,2013 5933,2007 6023,2001 6112,2001 6202,1989 6292,1983 6381,1977 6471,1965 6561,1959 6650,1959 6740,1959 6830,1959 6919,1959"/>
                <TextEquiv>
                    <Unicode>Wenn ich Ludwig Nelke wäre, verließe ich Estrelle</Unicode>
                </TextEquiv>
            </TextLine>
            <TextLine id="tr_1_tl_19" custom="readingOrder {index:18;}">
                <Coords points="317,2108 1318,2059 1466,2166 1824,2038 2125,2112 2726,2022 2858,2112 3212,2013 3438,2116 3471,1820 2705,1841 2565,1960 2121,1857 1544,1989 1186,1882 317,1943"/>
                <Baseline points="340,2079 430,2073 519,2073 609,2067 699,2061 788,2067 878,2061 968,2061 1057,2061 1147,2055 1236,2055 1326,2055 1416,2049 1505,2037 1595,2037 1685,2037 1774,2037 1864,2031 1954,2025 2043,2025 2133,2025 2222,2025 2312,2019 2402,2019 2491,2013 2581,2013 2671,2007 2760,2013 2850,2007 2939,2007 3029,2013 3119,2013 3208,2013 3298,2013 3388,2007 3477,1995"/>
                <TextEquiv>
                    <Unicode>Handleise auf Nelkes Arm legte, ich</Unicode>
                </TextEquiv>
            </TextLine>
            <TextLine id="tr_1_tl_20" custom="readingOrder {index:19;}">
                <Coords points="3644,2331 5501,2236 5699,2335 6712,2170 6782,2005 3656,2170"/>
                <Baseline points="3668,2324 3740,2324 3830,2318 3919,2312 4009,2306 4099,2300 4188,2300 4278,2288 4368,2282 4457,2270 4547,2264 4637,2264 4726,2258 4816,2246 4905,2234 4995,2240 5085,2234 5174,2228 5264,2228 5354,2228 5443,2222 5533,2216 5622,2216 5712,2210 5802,2204 5891,2193 5981,2187 6071,2175 6160,2169 6250,2169 6340,2163 6429,2157 6519,2145 6608,2145 6698,2133 6788,2133"/>
                <TextEquiv>
                    <Unicode>nicht so schnell, Ehealle, die mich so sehr liebt.</Unicode>
                </TextEquiv>
            </TextLine>
            <TextLine id="tr_1_tl_21" custom="readingOrder {index:20;}">
                <Coords points="276,2293 2483,2232 2561,2199 2565,2022 2133,2145 1672,2055 1462,2166 1198,2059 1091,2125 684,2067 404,2178 280,2137"/>
                <Baseline points="304,2252 322,2246 412,2252 501,2240 591,2234 681,2234 770,2240 860,2234 950,2228 1039,2222 1129,2216 1219,2222 1308,2228 1398,2234 1487,2228 1577,2222 1667,2216 1756,2210 1846,2210 1936,2204 2025,2199 2115,2199 2204,2193 2294,2193 2384,2193 2473,2181 2567,2167"/>
                <TextEquiv>
                    <Unicode>bitte dich, erkläre mir!</Unicode>
                </TextEquiv>
            </TextLine>
            <TextLine id="tr_1_tl_22" custom="readingOrder {index:21;}">
                <Coords points="3665,2565 4196,2475 4348,2610 4855,2429 6806,2368 6814,2199 6283,2162 5748,2351 5513,2232 3677,2351"/>
                <Baseline points="3692,2497 3770,2491 3860,2485 3949,2479 4039,2479 4129,2467 4218,2467 4308,2455 4398,2449 4487,2438 4577,2432 4666,2438 4756,2438 4846,2432 4935,2420 5025,2414 5115,2408 5204,2402 5294,2396 5383,2390 5473,2396 5563,2390 5652,2384 5742,2378 5832,2372 5921,2366 6011,2354 6101,2348 6190,2342 6280,2342 6369,2330 6459,2324 6549,2318 6638,2312 6728,2300 6818,2300"/>
                <TextEquiv>
                    <Unicode>Ich bitte dich, sprich nicht so lange, wir stehen ja da</Unicode>
                </TextEquiv>
            </TextLine>
            <TextLine id="tr_1_tl_23" custom="readingOrder {index:22;}">
                <Coords points="292,2454 2746,2363 2923,2479 3426,2376 3430,2269 3084,2166 2433,2269 646,2244 494,2384 292,2318"/>
                <Baseline points="316,2444 394,2426 484,2420 573,2420 663,2414 752,2408 842,2408 932,2402 1021,2396 1111,2390 1201,2396 1290,2390 1380,2390 1469,2384 1559,2384 1649,2384 1738,2384 1828,2384 1918,2384 2007,2384 2097,2378 2187,2372 2276,2372 2366,2366 2455,2366 2545,2360 2635,2360 2724,2354 2814,2354 2904,2354 2993,2354 3083,2348 3173,2354 3262,2348 3352,2342 3441,2342"/>
                <TextEquiv>
                    <Unicode>„Was soll ich viele Wort machen, er</Unicode>
                </TextEquiv>
            </TextLine>
            <TextLine id="tr_1_tl_24" custom="readingOrder {index:23;}">
                <Coords points="3677,2718 5604,2528 6444,2615 6831,2508 6843,2355 6209,2351 6032,2462 5209,2409 4929,2524 4842,2433 4356,2606 4134,2479 3681,2648"/>
                <Baseline points="3704,2677 3710,2671 3800,2665 3890,2659 3979,2653 4069,2647 4158,2641 4248,2635 4338,2635 4427,2629 4517,2617 4607,2605 4696,2599 4786,2599 4876,2587 4965,2581 5055,2581 5144,2581 5234,2581 5324,2575 5413,2563 5503,2545 5593,2527 5682,2515 5772,2515 5862,2521 5951,2527 6041,2521 6130,2515 6220,2509 6310,2503 6399,2491 6489,2491 6579,2485 6668,2479 6758,2467 6847,2449"/>
                <TextEquiv>
                    <Unicode>mitten gehöder Torppe!“ Er ging schritt</Unicode>
                </TextEquiv>
            </TextLine>
            <TextLine id="tr_1_tl_25" custom="readingOrder {index:24;}">
                <Coords points="342,2594 1643,2582 2100,2701 2331,2565 2680,2652 2960,2540 3348,2660 3488,2594 3496,2302 2932,2475 2755,2368 2125,2483 1717,2384 1038,2508 712,2409 342,2524"/>
                <Baseline points="364,2587 454,2587 543,2587 633,2581 723,2575 812,2575 902,2575 991,2581 1081,2575 1171,2569 1260,2563 1350,2563 1440,2563 1529,2557 1619,2551 1709,2551 1798,2551 1888,2557 1977,2557 2067,2557 2157,2557 2246,2563 2336,2563 2426,2563 2515,2557 2605,2551 2694,2545 2784,2545 2874,2545 2963,2539 3053,2539 3143,2533 3232,2533 3322,2533 3412,2521 3501,2521"/>
                <TextEquiv>
                    <Unicode>widertilke sehr wach, sich bin zu Ver¬</Unicode>
                </TextEquiv>
            </TextLine>
            <TextLine id="tr_1_tl_26" custom="readingOrder {index:25;}">
                <Coords points="5077,2718 5246,2676 5316,2689 5353,2656 5377,2676 5402,2656 5443,2697 5579,2619 5748,2689 5847,2680 5855,2557 5645,2561 5608,2528 5555,2561 5522,2536 5464,2582 5382,2561 5332,2602 5291,2573 5225,2623 5192,2586 5089,2582"/>
                <Baseline points="5103,2665 5132,2677 5222,2665 5312,2653 5360,2647 5413,2641 5503,2623 5593,2617 5682,2617 5772,2617 5862,2623"/>
                <TextEquiv>
                    <Unicode>&amp; Appellary</Unicode>
                </TextEquiv>
            </TextLine>
            <TextLine id="tr_1_tl_27" custom="readingOrder {index:26;}">
                <Coords points="3677,2919 6975,2709 6983,2582 6712,2499 5925,2680 3689,2705"/>
                <Baseline points="3704,2844 3764,2844 3854,2838 3943,2832 4033,2826 4123,2820 4212,2814 4302,2808 4392,2802 4481,2796 4571,2790 4660,2790 4750,2784 4840,2778 4929,2772 5019,2760 5109,2754 5198,2748 5288,2742 5377,2736 5467,2736 5557,2730 5646,2724 5736,2724 5826,2718 5915,2712 6005,2700 6095,2688 6184,2688 6274,2683 6363,2677 6453,2671 6543,2671 6632,2659 6722,2653 6812,2647 6901,2641 6991,2647"/>
                <TextEquiv>
                    <Unicode>schnell hinauf, sie folgt ihm laassen: kaum</Unicode>
                </TextEquiv>
            </TextLine>
            <TextLine id="tr_1_tl_28" custom="readingOrder {index:27;}">
                <Coords points="4410,2775 4447,2788 4628,2689 4735,2742 4846,2693 4871,2713 4908,2689 4941,2722 4978,2689 5011,2701 5015,2631 4941,2582 4822,2627 4739,2631 4715,2610 4657,2643 4570,2606 4480,2643 4422,2631"/>
                <Baseline points="4439,2700 4487,2700 4577,2694 4666,2688 4756,2683 4846,2671 4935,2659 5025,2671"/>
                <TextEquiv>
                    <Unicode>Rvfang</Unicode>
                </TextEquiv>
            </TextLine>
            <TextLine id="tr_1_tl_29" custom="readingOrder {index:28;}">
                <Coords points="325,2812 1688,2738 1783,2779 1898,2755 1902,2643 1297,2573 1087,2672 865,2610 737,2697 515,2590 329,2697"/>
                <Baseline points="346,2760 388,2760 478,2766 567,2766 657,2766 746,2760 836,2760 926,2760 1015,2754 1105,2754 1195,2748 1284,2736 1374,2736 1464,2736 1553,2730 1643,2730 1732,2730 1822,2730 1912,2730"/>
                <TextEquiv>
                    <Unicode>stand gekommen.</Unicode>
                </TextEquiv>
            </TextLine>
            <TextLine id="tr_1_tl_30" custom="readingOrder {index:29;}">
                <Coords points="3689,3030 3924,3129 4295,2985 4661,3092 5917,2874 6263,2969 6691,2833 6942,2903 6954,2713 3698,2919"/>
                <Baseline points="3710,3017 3728,3017 3818,3017 3908,3005 3997,2999 4087,2987 4176,2987 4266,2981 4356,2975 4445,2969 4535,2963 4625,2963 4714,2957 4804,2951 4893,2945 4983,2933 5073,2933 5162,2928 5252,2916 5342,2904 5431,2904 5521,2892 5611,2892 5700,2886 5790,2880 5879,2874 5969,2874 6059,2868 6148,2862 6238,2862 6328,2856 6417,2850 6507,2838 6597,2826 6686,2820 6776,2814 6865,2802 6955,2808"/>
                <TextEquiv>
                    <Unicode>daß sie im Wappenhaften, herau sie wieder</Unicode>
                </TextEquiv>
            </TextLine>
            <TextLine id="tr_1_tl_31" custom="readingOrder {index:30;}">
                <Coords points="354,2944 1248,2911 1383,3002 3199,2874 3401,2977 3545,2899 3549,2701 861,2853 605,2771 354,2862"/>
                <Baseline points="376,2928 418,2933 507,2928 597,2928 687,2922 776,2922 866,2922 956,2922 1045,2922 1135,2916 1224,2910 1314,2910 1404,2904 1493,2904 1583,2904 1673,2910 1762,2904 1852,2904 1942,2898 2031,2898 2121,2892 2210,2892 2300,2892 2390,2886 2479,2886 2569,2886 2659,2880 2748,2880 2838,2874 2928,2868 3017,2868 3107,2862 3196,2868 3286,2868 3376,2868 3465,2874 3555,2892"/>
                <TextEquiv>
                    <Unicode>Man kann sich der Meeren Estrelles in dieser</Unicode>
                </TextEquiv>
            </TextLine>
            <TextLine id="tr_1_tl_32" custom="readingOrder {index:31;}">
                <Coords points="3689,3261 6959,3039 6971,2882 3698,3100"/>
                <Baseline points="3716,3220 3746,3220 3836,3190 3925,3178 4015,3167 4105,3161 4194,3161 4284,3155 4374,3149 4463,3143 4553,3137 4643,3131 4732,3125 4822,3119 4911,3107 5001,3101 5091,3095 5180,3089 5270,3083 5360,3077 5449,3071 5539,3071 5628,3059 5718,3053 5808,3053 5897,3041 5987,3035 6077,3029 6166,3029 6256,3023 6346,3017 6435,3017 6525,3005 6614,2999 6704,2993 6794,2987 6883,2987 6973,2987"/>
                <TextEquiv>
                    <Unicode>„Kreuloser“. Bedenke nur, was die mir gestern</Unicode>
                </TextEquiv>
            </TextLine>
            <TextLine id="tr_1_tl_33" custom="readingOrder {index:32;}">
                <Coords points="342,3133 1845,3072 2030,3170 2178,3059 2915,3150 3035,3051 3533,3072 3537,2903 3397,2977 3043,2874 2816,2981 2191,2890 1976,2998 1614,2919 1309,3018 576,2932 346,3076"/>
                <Baseline points="364,3119 400,3119 489,3113 579,3107 669,3101 758,3101 848,3095 938,3095 1027,3089 1117,3083 1207,3077 1296,3077 1386,3071 1475,3071 1565,3077 1655,3071 1744,3065 1834,3065 1924,3065 2013,3059 2103,3059 2193,3059 2282,3059 2372,3059 2461,3059 2551,3065 2641,3065 2730,3065 2820,3053 2910,3053 2999,3047 3089,3041 3178,3041 3268,3035 3358,3035 3447,3041 3537,3053"/>
                <TextEquiv>
                    <Unicode>Augenblick nicht verstellen, nicht die Thike</Unicode>
                </TextEquiv>
            </TextLine>
            <TextLine id="tr_1_tl_34" custom="readingOrder {index:33;}">
                <Coords points="3693,3364 3858,3475 4303,3331 4406,3413 5954,3203 6839,3232 6959,3208 6975,2998 3698,3269"/>
                <Baseline points="3716,3364 3746,3358 3836,3352 3925,3346 4015,3334 4105,3334 4194,3328 4284,3322 4374,3322 4463,3316 4553,3310 4643,3304 4732,3298 4822,3286 4911,3286 5001,3280 5091,3262 5180,3256 5270,3250 5360,3250 5449,3244 5539,3244 5628,3238 5718,3232 5808,3220 5897,3208 5987,3202 6077,3196 6166,3190 6256,3190 6346,3184 6435,3178 6525,3173 6614,3167 6704,3161 6794,3155 6883,3149 6973,3143"/>
                <TextEquiv>
                    <Unicode>erst geschrieben.“ Sie zog das zierliche Briefchen</Unicode>
                </TextEquiv>
            </TextLine>
            <TextLine id="tr_1_tl_35" custom="readingOrder {index:34;}">
                <Coords points="346,3302 2928,3220 3043,3306 3187,3249 3195,3055 2907,3150 2162,3055 1989,3166 1857,3076 1668,3158 1523,3076 803,3105 626,3195 527,3117 346,3228"/>
                <Baseline points="370,3286 424,3280 513,3280 603,3280 693,3274 782,3274 872,3268 962,3262 1051,3262 1141,3256 1230,3250 1320,3250 1410,3250 1499,3244 1589,3244 1679,3244 1768,3238 1858,3238 1948,3232 2037,3220 2127,3226 2216,3220 2306,3220 2396,3220 2485,3220 2575,3220 2665,3220 2754,3220 2844,3220 2933,3214 3023,3208 3113,3202 3202,3208"/>
                <TextEquiv>
                    <Unicode>die sie vergehrend auf Nelke warf</Unicode>
                </TextEquiv>
            </TextLine>
            <TextLine id="tr_1_tl_36" custom="readingOrder {index:35;}">
                <Coords points="3685,3599 4739,3578 5069,3450 6028,3492 6296,3360 6992,3323 7004,3187 6716,3306 5958,3199 3698,3430"/>
                <Baseline points="3710,3549 3776,3543 3866,3531 3955,3525 4045,3519 4135,3507 4224,3495 4314,3495 4403,3489 4493,3489 4583,3477 4672,3471 4762,3465 4852,3459 4941,3453 5031,3447 5121,3441 5210,3429 5300,3423 5389,3418 5479,3412 5569,3406 5658,3394 5748,3388 5838,3382 5927,3382 6017,3370 6107,3370 6196,3364 6286,3358 6375,3352 6465,3346 6555,3346 6644,3340 6734,3334 6824,3328 6913,3328 7003,3316"/>
                <TextEquiv>
                    <Unicode>aus der Tasch und las: Süste Estrelia!</Unicode>
                </TextEquiv>
            </TextLine>
            <TextLine id="tr_1_tl_37" custom="readingOrder {index:36;}">
                <Coords points="346,3475 778,3545 1812,3418 1931,3520 2368,3405 2557,3516 2833,3385 3393,3508 3558,3442 3562,3249 1598,3269 1342,3389 1103,3261 350,3302"/>
                <Baseline points="370,3435 430,3418 519,3441 609,3441 699,3441 788,3435 878,3435 968,3435 1057,3435 1147,3429 1236,3429 1326,3429 1416,3429 1505,3429 1595,3423 1685,3418 1774,3418 1864,3412 1954,3406 2043,3400 2133,3400 2222,3400 2312,3394 2402,3388 2491,3388 2581,3382 2671,3382 2760,3382 2850,3388 2939,3388 3029,3388 3119,3388 3208,3388 3298,3388 3388,3394 3477,3394 3567,3400"/>
                <TextEquiv>
                    <Unicode>Also Badin besteht dein zu Verstasde</Unicode>
                </TextEquiv>
            </TextLine>
            <TextLine id="tr_1_tl_38" custom="readingOrder {index:37;}">
                <Coords points="3706,3722 4780,3730 5279,3599 5789,3693 5966,3570 6201,3677 6539,3516 6975,3562 6992,3323 5472,3545 3718,3562"/>
                <Baseline points="3728,3710 3764,3716 3854,3704 3943,3698 4033,3692 4123,3686 4212,3680 4302,3674 4392,3674 4481,3668 4571,3663 4660,3651 4750,3651 4840,3639 4929,3633 5019,3627 5109,3621 5198,3609 5288,3603 5377,3597 5467,3597 5557,3585 5646,3579 5736,3579 5826,3573 5915,3567 6005,3567 6095,3561 6184,3555 6274,3543 6363,3537 6453,3525 6543,3513 6632,3507 6722,3501 6812,3501 6901,3495 6991,3501"/>
                <TextEquiv>
                    <Unicode>den ersten Mai stunkt neun Uhr auf den Südlahn</Unicode>
                </TextEquiv>
            </TextLine>
            <TextLine id="tr_1_tl_39" custom="readingOrder {index:38;}">
                <Coords points="338,3677 1276,3599 1528,3714 2067,3582 2203,3689 2442,3578 2656,3698 2812,3578 3570,3595 3574,3418 3393,3504 2820,3389 2540,3516 2359,3401 2046,3516 1808,3418 342,3537"/>
                <Baseline points="364,3621 442,3621 531,3621 621,3615 711,3615 800,3615 890,3615 979,3609 1069,3597 1159,3597 1248,3591 1338,3603 1428,3597 1517,3591 1607,3591 1697,3591 1786,3591 1876,3585 1965,3585 2055,3579 2145,3579 2234,3579 2324,3579 2414,3573 2503,3573 2593,3567 2683,3567 2772,3567 2862,3567 2951,3567 3041,3567 3131,3567 3220,3567 3310,3567 3400,3561 3489,3561 3579,3567"/>
                <TextEquiv>
                    <Unicode>kommen? daß du mich nicht - mehre</Unicode>
                </TextEquiv>
            </TextLine>
            <TextLine id="tr_1_tl_40" custom="readingOrder {index:39;}">
                <Coords points="3722,3891 4064,3953 5950,3735 6427,3817 6609,3693 6720,3780 7000,3706 7012,3533 5966,3570 5793,3693 5410,3599 4793,3730 3735,3735"/>
                <Baseline points="3746,3878 3788,3878 3878,3878 3967,3872 4057,3866 4147,3860 4236,3860 4326,3854 4415,3854 4505,3848 4595,3842 4684,3836 4774,3830 4864,3818 4953,3812 5043,3806 5132,3800 5222,3794 5312,3788 5401,3776 5491,3770 5581,3764 5670,3764 5760,3752 5850,3746 5939,3734 6029,3740 6118,3734 6208,3734 6298,3722 6387,3710 6477,3698 6567,3686 6656,3674 6746,3674 6836,3674 6925,3674 7015,3674"/>
                <TextEquiv>
                    <Unicode>hof. Zwie Dein Ludwig da hast das Zwei¬</Unicode>
                </TextEquiv>
            </TextLine>
            <TextLine id="tr_1_tl_41" custom="readingOrder {index:40;}">
                <Coords points="292,3858 416,3821 486,3858 572,3813 663,3899 848,3813 1211,3796 1215,3619 963,3702 811,3628 700,3632 642,3673 581,3640 469,3677 432,3648 296,3730"/>
                <Baseline points="316,3812 322,3812 412,3806 501,3800 591,3794 681,3794 770,3788 860,3788 950,3788 1039,3782 1129,3776 1219,3764"/>
                <TextEquiv>
                    <Unicode>liebst."</Unicode>
                </TextEquiv>
            </TextLine>
            <TextLine id="tr_1_tl_42" custom="readingOrder {index:41;}">
                <Coords points="3722,4101 4546,4126 4982,3986 5242,4080 5501,3940 6880,3887 7016,3854 7029,3681 6427,3817 5950,3735 4068,3953 3735,3895"/>
                <Baseline points="3746,4075 3800,4063 3890,4057 3979,4057 4069,4051 4158,4045 4248,4033 4338,4033 4427,4033 4517,4027 4607,4015 4696,4009 4786,4003 4876,3991 4965,3991 5055,3979 5144,3979 5234,3973 5324,3961 5413,3955 5503,3943 5593,3937 5682,3925 5772,3925 5862,3913 5951,3908 6041,3902 6130,3902 6220,3896 6310,3890 6399,3890 6489,3878 6579,3872 6668,3872 6758,3866 6847,3854 6937,3842 7027,3854"/>
                <TextEquiv>
                    <Unicode>dein Tudwig, das schreibst dumir noch geht</Unicode>
                </TextEquiv>
            </TextLine>
            <TextLine id="tr_1_tl_43" custom="readingOrder {index:42;}">
                <Coords points="432,3982 2244,4023 2952,3924 3401,4039 3558,3990 3562,3763 2940,3665 2462,3875 2223,3763 1997,3854 1478,3776 436,3870"/>
                <Baseline points="454,3973 525,3973 615,3967 705,3967 794,3961 884,3961 974,3961 1063,3961 1153,3961 1242,3955 1332,3955 1422,3949 1511,3949 1601,3943 1691,3943 1780,3943 1870,3937 1959,3937 2049,3937 2139,3937 2228,3937 2318,3937 2408,3931 2497,3931 2587,3925 2677,3919 2766,3925 2856,3919 2945,3919 3035,3925 3125,3919 3214,3919 3304,3925 3394,3919 3483,3919 3573,3925"/>
                <TextEquiv>
                    <Unicode>Meine süße, theure, so meint ich es nicht.</Unicode>
                </TextEquiv>
            </TextLine>
            <TextLine id="tr_1_tl_44" custom="readingOrder {index:43;}">
                <Coords points="3784,4286 5925,4072 6897,4097 6996,3870 6732,3994 6514,3887 5505,3936 5242,4080 4060,4043 3792,4142"/>
                <Baseline points="3812,4260 3860,4236 3949,4218 4039,4212 4129,4212 4218,4200 4308,4200 4398,4200 4487,4194 4577,4182 4666,4164 4756,4158 4846,4153 4935,4158 5025,4153 5115,4147 5204,4141 5294,4129 5383,4123 5473,4111 5563,4105 5652,4105 5742,4093 5832,4087 5921,4075 6011,4075 6101,4075 6190,4069 6280,4063 6369,4057 6459,4051 6549,4033 6638,4039 6728,4039 6818,4033 6907,4021 6997,4003"/>
                <TextEquiv>
                    <Unicode>„ die erlaubst meine theure, das steht nicht</Unicode>
                </TextEquiv>
            </TextLine>
            <TextLine id="tr_1_tl_45" custom="readingOrder {index:44;}">
                <Coords points="251,4229 1878,4105 2590,4105 2858,4220 2981,4105 3434,4175 3496,4010 2429,3932 2256,4023 251,4015"/>
                <Baseline points="274,4129 364,4129 454,4129 543,4129 633,4129 723,4135 812,4135 902,4141 991,4135 1081,4135 1171,4135 1260,4129 1350,4123 1440,4123 1529,4123 1619,4117 1709,4111 1798,4111 1888,4105 1977,4111 2067,4099 2157,4099 2246,4093 2336,4099 2426,4093 2515,4099 2605,4099 2694,4093 2784,4099 2874,4099 2963,4099 3053,4099 3143,4099 3232,4105 3322,4105 3412,4105 3501,4111"/>
                <TextEquiv>
                    <Unicode>so sich bin dreißig Jahre und muß herraten</Unicode>
                </TextEquiv>
            </TextLine>
            <TextLine id="tr_1_tl_46" custom="readingOrder {index:45;}">
                <Coords points="3813,4496 4472,4385 4715,4517 6427,4377 7016,4262 7037,4023 6390,4183 5921,4072 5118,4220 3833,4241"/>
                <Baseline points="3842,4415 3896,4409 3985,4403 4075,4392 4164,4386 4254,4374 4344,4374 4433,4380 4523,4368 4613,4362 4702,4356 4792,4344 4882,4338 4971,4332 5061,4326 5150,4314 5240,4314 5330,4302 5419,4290 5509,4284 5599,4272 5688,4266 5778,4266 5867,4260 5957,4248 6047,4248 6136,4242 6226,4236 6316,4230 6405,4218 6495,4218 6585,4206 6674,4194 6764,4200 6853,4200 6943,4194 7033,4194"/>
                <TextEquiv>
                    <Unicode>da. Einen Augenblick, ich tiete das. Ernahm</Unicode>
                </TextEquiv>
            </TextLine>
            <TextLine id="tr_1_tl_47" custom="readingOrder {index:46;}">
                <Coords points="2697,4303 2734,4307 2767,4278 2919,4290 2956,4274 2989,4307 3014,4307 3055,4278 3133,4332 3138,4126 3088,4122 3055,4150 2981,4105 2862,4220 2788,4175 2742,4196 2697,4187"/>
                <Baseline points="2718,4254 2808,4254 2898,4248 2987,4248 3077,4248 3143,4254"/>
                <TextEquiv>
                    <Unicode>F. W.</Unicode>
                </TextEquiv>
            </TextLine>
            <TextLine id="tr_1_tl_48" custom="readingOrder {index:47;}">
                <Coords points="325,4389 638,4340 968,4439 1165,4307 2240,4327 2470,4295 2475,4126 2026,4204 1663,4109 1285,4220 1169,4134 589,4138 329,4241"/>
                <Baseline points="352,4290 418,4302 507,4308 597,4320 687,4320 776,4314 866,4308 956,4308 1045,4302 1135,4302 1224,4302 1314,4296 1404,4296 1493,4296 1583,4302 1673,4296 1762,4290 1852,4278 1942,4278 2031,4272 2121,4266 2210,4266 2300,4254 2390,4248 2479,4260"/>
                <TextEquiv>
                    <Unicode>Das ihre Südige in?</Unicode>
                </TextEquiv>
            </TextLine>
            <TextLine id="tr_1_tl_49" custom="readingOrder {index:48;}">
                <Coords points="325,4624 572,4558 848,4628 1132,4513 1614,4632 1993,4517 2141,4591 2475,4484 3051,4525 3084,4274 1206,4311 963,4443 589,4332 334,4385"/>
                <Baseline points="352,4511 400,4511 489,4499 579,4493 669,4499 758,4493 848,4493 938,4487 1027,4481 1117,4475 1207,4475 1296,4469 1386,4469 1475,4463 1565,4463 1655,4463 1744,4457 1834,4451 1924,4445 2013,4451 2103,4451 2193,4451 2282,4451 2372,4439 2461,4445 2551,4439 2641,4445 2730,4439 2820,4439 2910,4433 2999,4433 3089,4433"/>
                <TextEquiv>
                    <Unicode>"Nein, das fehl ich nicht ein!“</Unicode>
                </TextEquiv>
            </TextLine>
        </TextRegion>
    </Page>
</PcGts>
