7144 4792
3710 339 6920 801 Sie ersten sind, die Estrelle in diesem Erwiesfrucht
293 521 3454 880 der sie ja bis jetzt in den ganzen Annan kein
3710 624 6614 996 Lassius offenreden erwiderte Nelke.
343 744 3545 987 durch aus nicht verwunderlich vorkommen darf.
3710 822 6924 1165 reichte ihr den Arm, den sie eiligst passe; dabe
302 909 3524 1153 hatte sie doch gestern Abends, als sie nach
3710 958 6858 1281 geo ihn glötzlich wieder zurück, war und sie dem
2504 1070 3586 1227 Borelsche Auflicht
310 1111 3553 1351 Waase gekommen war, ein Zettungen auf
3739 1128 6874 1512 Geliebten fremdartig verwundert anfas
5932 1297 6763 1491 jegensstes xx
343 1305 3594 1541 dem Tisch liegen gefunden, dessen sich es
3834 1343 6424 1727 Es ist zu Ende auf der plötzlichens
330 1425 3598 1764 für sie eine gar traurige Ueßigkeit
3826 1541 5267 1880 Was ist zu Ende?
347 1619 3631 1917 bot. Folgende Binnen nemlich fanden
3809 1570 6982 1995 Wir gehen hinter zum letzten Male so freund
359 1776 1938 2099 auf in dem Brief.
3743 1847 6920 2185 schaftlich mit einander herum - das letzt:
492 1929 3611 2276 Eststellchen! xxx Dich auf Eigentünde
3743 1995 6936 2388 Mal Jahren wir zusammen nach Mödling — ich
372 2128 3594 2421 das sie mit den süstesten Hoffnungen
3722 2181 6585 2582 beschwöre Dich, hier auf mich zu leiten,
417 2330 2504 2578 erfüllte. Esstand darin
3850 2338 6982 2681 Eine lange Pause entstand, die andere
4615 2582 5061 2722 gerichte
504 2479 3627 2805 Süße Estrella. Du ersten Meckeukt
3743 2557 6961 2851 bei denen andere Outoren sagen würden
372 2669 3594 2979 neun Uhr traf auf dem Südbahnhof. Ewig
3735 2735 7015 3045 benützen wir diese Pause an das Äußer
5164 2875 5767 3020 gewesen
4693 2921 5057 3057 etwa
3743 2851 7031 3198 descheiden zu betrachten.“ Ich gehöre nicht
376 2834 1153 3103 sudwig.
401 2999 3607 3288 Sie war Freundepochenden spergend hingekommen.
3772 3049 7052 3392 zu diesen Autoren, die jede Pause beruhen,
3772 3239 6974 3520 um ihren bedauernswerthen äußern die Kleidung
306 3152 3627 3441 Sie fand Nelke in der Vorhalle langsam
343 3330 3623 3607 sie und hergehend und reicht ihm leide werde
3759 3371 6936 3759 und Gesichts zum ihrer Gelden des weiteren
306 3512 3532 3830 entgegen, und tude, fasste sie zogarnd.
3764 3545 6961 3954 erklären, und fahre gleich fort in meiner
330 3693 2421 4007 Erhäufste ein klein wenig
3813 3830 4474 4152 Erzählung
3995 3735 7011 4259 Eigte schwere dich, sie auf mich zu lieben?
533 3863 3627 4168 Was fast du „fragte“ sie erschrocken Worte,
570 4044 1359 4181 man in/
359 4073 3574 4263 die in sofern weittragender Bedeut¬
3859 4090 6936 4445 doch Wort. seinen Estellenieder¬
401 4210 3578 4540 sind als sie beilegen muß, als seit
