7736 4840
4060 520 4901 842 schwettern
643 524 3924 905 Als Bruch seine beiden Professoren bemerkt
4047 613 7383 947 „Bruch! Unverschönntes Volkübereinand“ sub Nelke
4664 664 5079 854 Kakassis
3632 736 3929 863 ten
651 744 3899 1019 blieb er mit großer Seelenruhe stehen sind
4034 837 7324 1129 an, freilich mit etwas unsicher Stimme, denn
748 922 3252 1074 und zu sigarren aus dem Münch zu sieb,
634 943 3912 1201 machte eine zierliche Verbrechen vor Kelt¬
4081 964 7396 1302 ergedachte seiner Bertha. „Unverschämter
651 1138 1814 1434 à Maschlagski.
4115 1176 7434 1484 Volk übereinend, in später Nachtstunde mit
634 1328 3912 1569 Ah, schöne Geschichten sagte Waschlagski. Sie
4043 1357 7443 1696 einer Schauspielerin einsam im Praterheim
622 1450 3941 1772 bruch und die Rakasseg. Ich werde nächten
4064 1535 7460 1844 wandeln; ich das werde ich vor die konferenz bringen.
639 1662 3134 1928 vor der Kieferenz vortringen.
4077 1725 7354 2081 „Ja, d wird mir den Gymnasiastin Bruch
634 1818 3971 2102 „ Aber, Herr Professor unterbrach Bakassen
4131 1856 7434 2207 zückte es irreisch über die Lippen. Erthot, als
706 2017 3950 2300 sehr frech den Sprechenden. „Wir vergoßen
4148 2026 7451 2368 D er unter längerte, doch konnte man deutlich
715 2174 3941 2457 ganz, Isendiese Dame vorzustellen. - Fräulein
4068 2275 5730 2563 verstehen, wie er sang!
706 2330 3967 2613 dav, vom Fürsttheater im Prater, Herr Professor
4174 2296 7531 2795 Estrelle, Estralla - la - la Eßvollalatole
677 2474 3831 2753 nelke, Herr Professor Maschlagski.
4089 2647 4960 2880 lalalala.
715 2681 3958 2977 die so vorgestellten? mu Pten sich notgedrungen
4110 2778 5540 3053 selke erbleichte.
723 2867 1704 3125 berteugen.
4165 2909 7455 3188 Sie Rakasseg, sagte Maschlagstei, ich will hier unge¬
732 3007 3916 3256 das Fraulein, eine üppige Schönheit, mit
4161 3057 7514 3434 Worte mit Ihren sprechen. Einen Augenblick
727 3176 3958 3501 schelmischen Aupen sprach die beiden Herren zu¬
4110 3341 5189 3527 mir Fräulein,
732 3413 1332 3603 erst an.
4165 3379 7523 3793 Erführte Rakasseg in den Schatten eines Baumes
664 3539 3920 3814 u Ihre beiden Schüler haben mir schon mit
4144 3590 7476 3929 wo er freilich das underschämt hofnisch
753 3717 2292 4009 von Ihnen erzählt.
4174 3797 7485 4131 Geschicht seines Schulers nicht sehen könnte
681 3903 3895 4186 die Professoren schon sich an, und wußte
4305 3929 7510 4318 Ich rate Ihnen, sagte der Professur wollen
710 4051 3797 4347 nicht, ob sichachen sollten, oder die beiden
4208 4072 7557 4508 Sie sich ausgenblicklich seien — oder ich mahl aus¬
710 4275 3929 4550 Gymnasiasten mit einem dauerwort wider
