7464 4824
2569 213 2798 364 34
3989 385 7180 790 Absicht. Jetzt aber ist die Geschichte wieder recht
614 446 3903 806 de beneideft mich aus.“ Kurzum, sie wohn
3977 618 7225 933 lustig - doch nein - verdammtes Rech¬
671 736 3911 945 vis à vid, mein Haga bemerkte mich
4050 822 6861 1154 Was fast Du denn zu Erach, Wegen
700 896 3874 1125 von unserm Einverständnis – das sich für
4026 970 7233 1379 Jcharen rn mich des Wagens, der ich ge¬
646 1101 3445 1358 kurzer Zeit entwickelt hatte.
3989 1154 7184 1473 mein Vater aufwahr, und mit
716 1244 3907 1551 „ Aber wie?“ fragte Neigen, du mag
3997 1313 7262 1628 dem wir meistens als des Abends aus¬
700 1420 2700 1710 das gar zu schnell ab.
4009 1489 7254 1882 fahren. Die katsst der Denken, wie ich mich
704 1579 3911 1837 " Mir komm bei in den Volksparten, und da
5535 1706 6035 1825 but am
3997 1657 7160 1960 da langweile. Aber zweimal die Woche
724 1751 3911 2062 wir uns beim Fenster schroft gesehen hatten
4083 1853 7291 2222 wie der xxx in seinem Club, der sich, sowie
716 1927 3829 2209 lächelten wir beide unwirkläglich, so sein
4018 2025 7152 2377 ich glaube die Terde z hat, für
781 2111 3850 2357 stets mit ihrem kleinen Bruder Toib, aus
4001 2213 7258 2487 Die Masselität zu eifern zu verbreiten
745 2283 3907 2553 wer sagten guten Tag, ich begleitete sie
4018 2393 7303 2721 u. der Entsichttlichung Einselt zuthun,
683 2451 3862 2758 wir wurden, per dto nach wenig in Tagen
4034 2594 5458 2913 sab ich freies Spiel.
704 2631 3842 2942 Du sich so die G' im November zog sie
4018 2753 5895 3064 " das ist gewiß traur"!
773 2794 3887 3056 aus - mam Habar hatte von unsern
4149 2860 7139 3167 Neut aber, Wegen, werd' ich sie noch sehen
790 2966 3924 3257 Geschichte nichts bemerkt, indem er selben
4030 3077 7250 3445 ich habe Abends sechs Uhr ein Rendez Kons
2234 3138 2577 3277 Lebt
3563 3158 3919 3281 hrnest
802 3122 3887 3457 ze Hause war, erweisste gar nichts von
4038 3253 6607 3584 mit ihr bei den drei haben.
761 3326 3911 3563 der Familie die uns gegenen bat wohnte
4038 3457 5740 3817 " Oh, ich gratulire.
708 3486 3924 3731 im Winter traf ich taug und an oder
4071 3617 7233 3911 „ Die Man war in Heiligenkreuzung
671 3658 3952 3948 mal, einmal in der Nähe des Stadtstraters
4104 3772 7307 4120 kommen; heiß straffe die Sonn herab,
696 3842 3846 4104 zweimal kam sie mir, wie ich anfangs
5760 3915 7299 4157 frage im Wiese
2226 4018 2839 4161 zur schule
4099 3981 5699 4308 auf die grunden
732 4001 3870 4292 glaubte zufällig entgegen, wie sie
5429 4124 5887 4251 frühlen
4104 4087 7311 4492 die Stille des Seinerdüttags lag über
671 4181 3854 4554 mir abex gestand geschehen mög¬
