7240 4856
3612 368 6855 803 bei ihr zu ehe, so vergrößerte sich nichts desto
268 477 3520 836 Männern noch nicht in das richtige Maß zurück¬
217 619 6939 1045 Gedrängen könnte, aber doch durch die Fessale weniger die Künstlerkreis ich nahe und mehr
1212 727 1672 895 Uwchter
3595 819 6905 1137 und die Linkmansiana, wie man diese Gesell¬
259 903 3503 1195 der Ehe etwas in g zaun gehalten ward.
3662 936 6972 1363 schaft zu neuern; Elegte, war in der Residenz ziemel
5426 1154 5944 1304 beständig
351 1087 3578 1388 Ihr kann fath eine unbezwingliche Reisesust
242 1154 6930 1471 und war jähstens einen Konat lang in bekannt. Herr Herrn Fritz wußte kaum etwas
3637 1313 6864 1647 davon; denn kam er einmal nach Wien, so
3110 1413 3294 1555 Ere
301 1471 3578 1731 ganzen Jahr in Wien; was zu die kümmertig
3637 1488 6747 1881 war er gewiss keinen Abend zu Hause
326 1597 3586 1881 sich nach den Flitterwochen sehr wenig um sein
3712 1580 6947 2048 sondern streifte allerartens heruma¬
301 1772 3578 2048 Frau, wovon ihr übrigens sehr wenig gelegen
3737 1856 6964 2157 Seine Frau jedoch wurde im Theater in ohne
284 1940 3578 2224 war. Das dritte Staduun ihres dasensbegan¬
3653 2073 6905 2332 einen Schauspieler oder Naler oder einen
301 2115 3528 2374 zugleich mit dem vermehrten, bewoortgeten ihres
3687 2182 6997 2483 irgend einen andern des Künstlerölkleinsgesche¬
1906 2274 3252 2433 dem strigen Wachsen
393 2332 3536 2567 Schwerberts und ihrer immer wechsen Corgu¬
5284 2391 5484 2533 nicht
3687 2391 7006 2700 Übrigens darf ich weder vergessen zu erwähnen
326 2475 3511 2750 lang. Ob ihre Liebe zu den Männern zugleich
4623 2583 5459 2734 be Constagnten
3662 2567 7014 2943 daß Baron Fritz, der um einige Jahre jüger
635 2633 1463 2784 verschränken
326 2625 3494 2959 abgelassen hat will ich nicht entscheiden, da¬
3678 2759 7031 3060 als seine Frau nun im schönsten Maursalter
301 2784 3545 3110 gegen kan ich mit voller Bestimmtheit versicher
3645 2909 7039 3269 stand, auch noch andre Damen manchmal recht
268 2993 3503 3269 daß die Liebe der Männer zu ihren zu diesen
3620 3093 6997 3461 auffallend begünstigte; so sagte man
334 3152 3436 3419 Viel wirklich abgenommen hat. Nun began
3737 3235 6997 3620 zum Beispiel, daß er zur Stunde mit einer
343 3327 3436 3612 sie im weiblicher Maçan zu werden; sie bin
3712 3478 6956 3737 ganz wegen den Konstan tinopolihanwin Eggten,
368 3520 3570 3787 Schauspieler Maler Ballettäger, kurzkünfte
3645 3603 6914 3921 bereisen, und im Schatten der Pyrami Sner
326 3670 3553 3979 wenn böchen und weitlicher Geschlechtes anbunten
3754 3770 7022 4063 A propos Ryramède! Diese kolossalen Antiqui
1848 3854 2934 3988 obwohl man sich,
293 3854 3545 4172 Gemisch je sich, und man erzählte Eiszwar
3729 3954 6972 4397 täten erinnerten mich noch rechtzeitigen
309 4046 3486 4356 daß es nicht immer sehr moralisch an solchen
2976 4239 3536 4498 Abenden,
