7720 4840
5457 344 6675 734 Scheites Kapitel
5347 624 6845 938 In tiefer Nacht.
5733 878 6018 1197 be
4027 942 5670 1311 Ein sehr harmloses Kapitel:
4133 1176 5614 1460 trotz des schäurigen,
4193 1354 4991 1642 Titels.
4087 1740 4316 2016 25/4
4138 1876 7473 2160 „ Lieber Voschlags ki, es geht nicht länger! Ich bin diesen
4133 2024 7482 2321 Jahre alt – die Geschichte muß im Ende nehmen:
4082 2194 7439 2525 " die hast nicht so Unrecht, Stelke! Aber du hast dem
4087 2385 7439 2674 Mädchen Hoffnungen gemacht - du trichte ihr
4112 2546 7371 2852 Herz - man muss in solchen Affairen viel
4116 2733 4931 2988 terdeken.
4099 2886 7384 3187 Aber wenn ich ihr Verstellungen mache, wenn a
7028 3051 7333 3132 comferg
4087 3056 7456 3323 ernünftig mit ihr rede? Und dann, einem
4091 3242 7503 3552 chen vom Theater! Er machte eine regnerfreit
4091 3437 4859 3679 Bewegung.
4082 3544 7473 3832 Sehr verliebt schönst du ihm sie nicht zu sein
4112 3777 6170 4082 bemerkte Waschlagski.
4142 3887 7397 4227 doch, doch! Das heißt - ich wars. Dernach
4129 4104 7346 4418 tesser, ich bin zwar in sie verliebt, aber in ein
