<?xml version="1.0" encoding="UTF-8" standalone="yes"?>
<PcGts xmlns="http://schema.primaresearch.org/PAGE/gts/pagecontent/2013-07-15" xmlns:xsi="http://www.w3.org/2001/XMLSchema-instance" xsi:schemaLocation="http://schema.primaresearch.org/PAGE/gts/pagecontent/2013-07-15 http://schema.primaresearch.org/PAGE/gts/pagecontent/2013-07-15/pagecontent.xsd">
    <Metadata>
        <Creator>prov=READ-COOP:name=TrHtr:version=2.1.0:model_id=51170:date=14_08_2023_23:18</Creator>
        <Created>2023-05-10T14:33:15.687+02:00</Created>
        <LastChange>2023-08-14T23:18:58.724+02:00</LastChange>
        <TranskribusMetadata docId="1428640" pageId="55421797" pageNr="78" tsid="132830472" status="IN_PROGRESS" userId="64420" imgUrl="https://files.transkribus.eu/Get?id=VYZIVHZUSCVPPMKCZOVLIPNQ&amp;fileType=view" xmlUrl="https://files.transkribus.eu/Get?id=ZJWLVUQBWJFIRDBAJMRNMMDK" imageId="44695878"/>
    </Metadata>
    <Page imageFilename="1428640_0078.jpg" imageWidth="7416" imageHeight="4840">
        <ReadingOrder>
            <OrderedGroup id="ro_1711818083612" caption="Regions reading order">
                <RegionRefIndexed index="0" regionRef="tr_1"/>
            </OrderedGroup>
        </ReadingOrder>
        <TextRegion id="tr_1" custom="readingOrder {index:0;}">
            <Coords points="346,308 7349,308 7349,4300 346,4300"/>
            <TextLine id="tr_1_tl_1" custom="readingOrder {index:0;}">
                <Coords points="2412,405 2438,405 2455,396 2464,405 2532,413 2541,422 2558,413 2584,413 2567,276 2524,284 2515,293 2498,276 2489,284 2464,267 2438,267 2420,284 2395,284"/>
                <Baseline points="2449,358 2539,370 2599,382"/>
                <TextEquiv>
                    <Unicode>P.S</Unicode>
                </TextEquiv>
            </TextLine>
            <TextLine id="tr_1_tl_2" custom="readingOrder {index:1;}">
                <Coords points="3833,577 4281,672 4884,500 6167,569 6822,457 7003,560 7167,500 7184,241 6486,319 6038,164 5539,345 3833,431"/>
                <Baseline points="3877,543 3967,537 4057,537 4146,543 4236,537 4326,537 4415,531 4505,525 4595,525 4684,519 4774,519 4863,513 4953,507 5043,507 5132,501 5222,495 5312,484 5401,484 5491,484 5580,478 5670,478 5760,478 5849,478 5939,472 6029,472 6118,472 6208,466 6297,460 6387,454 6477,454 6566,448 6656,448 6746,448 6835,442 6925,436 7015,430 7104,424 7194,424"/>
                <TextEquiv>
                    <Unicode>der schmalen taille herab sich. Eben ging soo</Unicode>
                </TextEquiv>
            </TextLine>
            <TextLine id="tr_1_tl_3" custom="readingOrder {index:2;}">
                <Coords points="336,629 749,715 1128,603 2636,698 2834,594 3756,612 3756,431 3187,336 2576,474 336,388"/>
                <Baseline points="382,585 460,585 549,585 639,585 728,591 818,591 908,591 997,591 1087,591 1177,597 1266,591 1356,591 1446,591 1535,585 1625,585 1714,591 1804,585 1894,591 1983,591 2073,591 2163,591 2252,585 2342,585 2431,585 2521,579 2611,585 2700,585 2790,579 2880,579 2969,585 3059,579 3148,585 3238,579 3328,573 3417,567 3507,567 3597,567 3686,567 3776,579"/>
                <TextEquiv>
                    <Unicode>und sagen, sie solle mich hier einführen, zum Evangelien</Unicode>
                </TextEquiv>
            </TextLine>
            <TextLine id="tr_1_tl_4" custom="readingOrder {index:3;}">
                <Coords points="3807,732 5134,775 5246,672 5814,741 6374,637 6512,732 7081,663 7089,448 3816,620"/>
                <Baseline points="3854,717 3872,717 3961,711 4051,705 4140,705 4230,705 4320,699 4409,699 4499,699 4589,687 4678,687 4768,675 4857,681 4947,675 5037,675 5126,669 5216,663 5306,657 5395,645 5485,651 5574,651 5664,651 5754,651 5843,651 5933,651 6023,645 6112,639 6202,633 6292,627 6381,621 6471,615 6560,615 6650,615 6740,615 6829,609 6919,603 7009,597 7098,591"/>
                <TextEquiv>
                    <Unicode>wollte sie durch das Thor gehen, als sich kühle</Unicode>
                </TextEquiv>
            </TextLine>
            <TextLine id="tr_1_tl_5" custom="readingOrder {index:4;}">
                <Coords points="319,853 2894,741 3618,836 3713,612 319,672"/>
                <Baseline points="370,758 418,758 507,752 597,752 687,746 776,752 866,752 956,746 1045,746 1135,746 1224,746 1314,746 1404,752 1493,752 1583,758 1673,752 1762,752 1852,752 1941,752 2031,758 2121,758 2210,752 2300,746 2390,746 2479,746 2569,746 2659,746 2748,746 2838,746 2927,740 3017,746 3107,746 3196,740 3286,740 3376,740 3465,734 3555,740 3644,740 3734,734"/>
                <TextEquiv>
                    <Unicode>als Künstler rechne Fonderlinge aus Ams, ebenso</Unicode>
                </TextEquiv>
            </TextLine>
            <TextLine id="tr_1_tl_6" custom="readingOrder {index:5;}">
                <Coords points="3790,930 7063,870 7201,853 7210,637 3799,741"/>
                <Baseline points="3842,884 3907,878 3997,878 4087,878 4176,872 4266,872 4356,866 4445,860 4535,860 4624,854 4714,848 4804,848 4893,842 4983,842 5073,836 5162,830 5252,824 5341,818 5431,818 5521,818 5610,818 5700,812 5790,812 5879,806 5969,806 6058,800 6148,800 6238,794 6327,794 6417,788 6507,782 6596,782 6686,782 6776,776 6865,770 6955,770 7044,770 7134,770 7224,770"/>
                <TextEquiv>
                    <Unicode>ihr in an Weg stehlte und nicht allzulärt, wenn</Unicode>
                </TextEquiv>
            </TextLine>
            <TextLine id="tr_1_tl_7" custom="readingOrder {index:6;}">
                <Coords points="345,1034 1318,913 2085,1059 2395,930 3110,1034 3747,965 3747,792 3411,758 353,818"/>
                <Baseline points="400,920 454,920 543,926 633,920 723,920 812,920 902,926 991,926 1081,920 1171,920 1260,914 1350,908 1440,908 1529,908 1619,914 1708,908 1798,914 1888,920 1977,920 2067,914 2157,914 2246,914 2336,914 2425,914 2515,914 2605,914 2694,914 2784,914 2874,914 2963,908 3053,914 3143,908 3232,902 3322,908 3411,908 3501,902 3591,908 3680,908 3770,914"/>
                <TextEquiv>
                    <Unicode>Dich, dort den Endeht die Herrn Hermann Sjedel, Corregati</Unicode>
                </TextEquiv>
            </TextLine>
            <TextLine id="tr_1_tl_8" custom="readingOrder {index:7;}">
                <Coords points="3790,1077 4272,1163 4488,1034 4936,1111 5272,1016 5521,1103 6030,1016 6038,844 5866,930 5694,836 5229,922 4987,870 4832,948 4694,870 4591,965 4462,879 3799,922"/>
                <Baseline points="3842,1063 3889,1063 3979,1057 4069,1057 4158,1051 4248,1045 4338,1039 4427,1039 4517,1033 4606,1033 4696,1033 4786,1027 4875,1021 4965,1021 5055,1015 5144,1009 5234,1003 5324,1003 5413,1003 5503,997 5592,991 5682,991 5772,991 5861,985 5951,985 6045,966"/>
                <TextEquiv>
                    <Unicode>auch sehr kateporisch sprach</Unicode>
                </TextEquiv>
            </TextLine>
            <TextLine id="tr_1_tl_9" custom="readingOrder {index:8;}">
                <Coords points="706,1042 956,1016 999,1068 1042,1034 1103,1068 1163,1016 1327,1051 1387,1008 1447,1059 1533,1008 1585,1068 1662,1059 1671,930 1438,939 1318,904 1223,948 1034,956 965,904 904,965 853,930 715,930"/>
                <Baseline points="752,1021 800,1021 890,1021 979,1009 1069,1009 1159,1009 1248,1003 1338,997 1428,997 1517,997 1607,991 1696,979"/>
                <TextEquiv>
                    <Unicode>und Omgelspieler,</Unicode>
                </TextEquiv>
            </TextLine>
            <TextLine id="tr_1_tl_10" custom="readingOrder {index:9;}">
                <Coords points="353,1180 3764,1128 3764,999 2696,930 1034,1042 560,939 353,1025"/>
                <Baseline points="400,1093 489,1093 579,1099 669,1099 758,1099 848,1099 938,1105 1027,1105 1117,1099 1207,1099 1296,1105 1386,1093 1475,1093 1565,1099 1655,1093 1744,1099 1834,1099 1924,1099 2013,1099 2103,1099 2192,1099 2282,1099 2372,1099 2461,1099 2551,1093 2641,1093 2730,1087 2820,1087 2909,1081 2999,1081 3089,1081 3178,1081 3268,1087 3358,1087 3447,1087 3537,1081 3627,1087 3716,1105 3782,1111"/>
                <TextEquiv>
                    <Unicode>tor am Oplich aus, sagst, es würde dir einen Spottvollen</Unicode>
                </TextEquiv>
            </TextLine>
            <TextLine id="tr_1_tl_11" custom="readingOrder {index:10;}">
                <Coords points="3799,1258 5409,1215 5547,1292 5961,1171 6142,1223 6142,1016 5521,1111 5125,1016 4962,1137 4496,1034 4281,1154 4169,1077 4014,1154 3807,1085"/>
                <Baseline points="3848,1230 3919,1230 4009,1224 4099,1218 4188,1212 4278,1212 4367,1207 4457,1207 4547,1207 4636,1207 4726,1201 4816,1201 4905,1195 4995,1189 5084,1183 5174,1177 5264,1183 5353,1177 5443,1177 5533,1177 5622,1171 5712,1165 5802,1165 5891,1159 5981,1153 6070,1153 6160,1147"/>
                <TextEquiv>
                    <Unicode>Mein Fräulein! Sie erlauben!</Unicode>
                </TextEquiv>
            </TextLine>
            <TextLine id="tr_1_tl_12" custom="readingOrder {index:11;}">
                <Coords points="370,1387 896,1275 1619,1395 2662,1283 3273,1378 3738,1266 3747,1120 379,1146"/>
                <Baseline points="418,1266 448,1266 537,1266 627,1266 717,1266 806,1272 896,1272 985,1278 1075,1278 1165,1272 1254,1278 1344,1272 1434,1278 1523,1272 1613,1272 1702,1272 1792,1272 1882,1278 1971,1272 2061,1278 2151,1278 2240,1278 2330,1278 2420,1278 2509,1272 2599,1272 2688,1266 2778,1272 2868,1266 2957,1266 3047,1266 3137,1266 3226,1266 3316,1266 3405,1260 3495,1260 3585,1254 3674,1254 3764,1254"/>
                <TextEquiv>
                    <Unicode>Syztss machen, eingaar Mal als Stati (Aufzutreten)</Unicode>
                </TextEquiv>
            </TextLine>
            <TextLine id="tr_1_tl_13" custom="readingOrder {index:12;}">
                <Coords points="3833,1499 6839,1387 7020,1327 7020,1171 3842,1266"/>
                <Baseline points="3877,1410 3907,1410 3997,1410 4087,1410 4176,1404 4266,1404 4356,1398 4445,1398 4535,1392 4624,1386 4714,1380 4804,1380 4893,1374 4983,1374 5073,1368 5162,1362 5252,1362 5341,1356 5431,1356 5521,1350 5610,1344 5700,1344 5790,1344 5879,1344 5969,1338 6058,1332 6148,1326 6238,1326 6327,1320 6417,1320 6507,1314 6596,1314 6686,1314 6776,1308 6865,1302 6955,1296 7044,1296"/>
                <TextEquiv>
                    <Unicode>Sie sah ihn erstaunt an; er wurde feuerret.</Unicode>
                </TextEquiv>
            </TextLine>
            <TextLine id="tr_1_tl_14" custom="readingOrder {index:13;}">
                <Coords points="370,1499 1602,1464 1852,1585 2076,1473 2265,1585 2541,1473 2955,1585 3764,1464 3764,1283 3265,1387 904,1275 370,1378"/>
                <Baseline points="418,1457 460,1457 549,1446 639,1446 728,1446 818,1446 908,1452 997,1457 1087,1457 1177,1452 1266,1452 1356,1452 1446,1446 1535,1446 1625,1440 1714,1446 1804,1446 1894,1452 1983,1452 2073,1457 2163,1452 2252,1457 2342,1452 2431,1452 2521,1446 2611,1446 2700,1452 2790,1452 2880,1452 2969,1452 3059,1452 3148,1446 3238,1446 3328,1440 3417,1440 3507,1440 3597,1434 3686,1440 3776,1446"/>
                <TextEquiv>
                    <Unicode>nur um die Einrichtungen hier kennetzu unbattet.</Unicode>
                </TextEquiv>
            </TextLine>
            <TextLine id="tr_1_tl_15" custom="readingOrder {index:14;}">
                <Coords points="3902,1611 4462,1680 4565,1585 5185,1645 6374,1507 6796,1594 7132,1542 7141,1318 3911,1473"/>
                <Baseline points="3955,1571 4021,1571 4111,1571 4200,1571 4290,1565 4379,1565 4469,1559 4559,1559 4648,1553 4738,1547 4828,1547 4917,1541 5007,1541 5096,1535 5186,1535 5276,1529 5365,1529 5455,1523 5545,1517 5634,1517 5724,1511 5813,1517 5903,1511 5993,1505 6082,1499 6172,1499 6262,1493 6351,1487 6441,1487 6531,1487 6620,1487 6710,1481 6799,1481 6889,1475 6979,1463 7068,1452 7158,1452"/>
                <TextEquiv>
                    <Unicode>Sie wünschen, mein Herr — oder irren Sie sich</Unicode>
                </TextEquiv>
            </TextLine>
            <TextLine id="tr_1_tl_16" custom="readingOrder {index:15;}">
                <Coords points="345,1706 3437,1714 3738,1662 3738,1464 2929,1568 2532,1464 2274,1568 2067,1473 345,1482"/>
                <Baseline points="394,1607 484,1607 573,1613 663,1607 752,1619 842,1625 932,1619 1021,1625 1111,1625 1201,1619 1290,1625 1380,1625 1469,1625 1559,1619 1649,1625 1738,1619 1828,1625 1918,1625 2007,1625 2097,1625 2186,1625 2276,1625 2366,1625 2455,1619 2545,1619 2635,1625 2724,1625 2814,1625 2904,1625 2993,1625 3083,1625 3172,1619 3262,1619 3352,1619 3441,1613 3531,1607 3621,1607 3710,1619 3764,1613"/>
                <TextEquiv>
                    <Unicode>chor - die kannst ja sehr gut taugen — aufzutreten</Unicode>
                </TextEquiv>
            </TextLine>
            <TextLine id="tr_1_tl_17" custom="readingOrder {index:16;}">
                <Coords points="3825,1843 4410,1749 5366,1723 5453,1809 5573,1714 6288,1740 6297,1525 3833,1671"/>
                <Baseline points="3872,1750 3889,1750 3979,1756 4069,1750 4158,1750 4248,1744 4338,1738 4427,1738 4517,1732 4606,1726 4696,1726 4786,1720 4875,1714 4965,1714 5055,1714 5144,1714 5234,1708 5324,1708 5413,1702 5503,1696 5592,1696 5682,1691 5772,1679 5861,1679 5951,1673 6041,1667 6130,1661 6220,1625 6309,1625"/>
                <TextEquiv>
                    <Unicode>vielleicht in meiner Person?“</Unicode>
                </TextEquiv>
            </TextLine>
            <TextLine id="tr_1_tl_18" custom="readingOrder {index:17;}">
                <Coords points="319,1861 2214,1818 2438,1921 2679,1800 3239,1895 3738,1843 3738,1654 319,1723"/>
                <Baseline points="364,1822 448,1810 537,1804 627,1798 717,1792 806,1798 896,1804 985,1804 1075,1804 1165,1804 1254,1804 1344,1798 1434,1798 1523,1798 1613,1804 1702,1804 1792,1798 1882,1798 1971,1798 2061,1798 2151,1792 2240,1792 2330,1792 2420,1786 2509,1786 2599,1786 2688,1786 2778,1786 2868,1786 2957,1786 3047,1786 3137,1786 3226,1792 3316,1798 3405,1792 3495,1786 3585,1792 3674,1798 3764,1804"/>
                <TextEquiv>
                    <Unicode>nur um das hiesige Ballebergsen kennen je lavai¬</Unicode>
                </TextEquiv>
            </TextLine>
            <TextLine id="tr_1_tl_19" custom="readingOrder {index:18;}">
                <Coords points="310,1998 3557,2085 7227,1731 310,1869"/>
                <Baseline points="358,1965 448,1971 537,1971 627,1971 717,1965 806,1965 896,1971 985,1971 1075,1971 1165,1965 1254,1965 1344,1965 1434,1959 1523,1965 1613,1965 1702,1959 1792,1965 1882,1959 1971,1959 2061,1965 2151,1965 2240,1965 2330,1959 2420,1959 2509,1965 2599,1965 2688,1965 2778,1971 2868,1965 2957,1965 3047,1965 3137,1965 3226,1965 3316,1953 3405,1953 3495,1959 3585,1965 3674,1965 3764,1965 3770,1965 3842,1959 3931,1941 4021,1930 4111,1924 4200,1912 4290,1906 4379,1906 4469,1900 4559,1900 4648,1894 4738,1888 4828,1888 4917,1888 5007,1882 5096,1882 5186,1876 5276,1876 5365,1870 5455,1864 5545,1864 5634,1858 5724,1858 5813,1852 5903,1852 5993,1852 6082,1846 6172,1840 6262,1840 6351,1840 6441,1834 6531,1834 6620,1834 6710,1822 6799,1822 6889,1816 6979,1816 7068,1810 7158,1810 7248,1810"/>
                <TextEquiv>
                    <Unicode>bedurchbekommst die Gelegenheit, sie zu sehen, zu sprechen, mein Kräulein, Sie kennen mich gewest, wenn</Unicode>
                </TextEquiv>
            </TextLine>
            <TextLine id="tr_1_tl_20" custom="readingOrder {index:19;}">
                <Coords points="3816,2162 4548,2067 6133,2162 7210,2016 7218,1818 6667,1938 6529,1835 6348,1947 5806,1861 3816,2007"/>
                <Baseline points="3866,2109 3913,2109 4003,2097 4093,2091 4182,2085 4272,2079 4361,2079 4451,2079 4541,2073 4630,2067 4720,2067 4810,2061 4899,2061 4989,2055 5079,2049 5168,2049 5258,2049 5347,2043 5437,2037 5527,2037 5616,2031 5706,2031 5796,2031 5885,2025 5975,2025 6064,2019 6154,2019 6244,2013 6333,2013 6423,2013 6513,2013 6602,2007 6692,2001 6781,1995 6871,1995 6961,1989 7050,1989 7140,1983 7230,1989"/>
                <TextEquiv>
                    <Unicode>auch nur von meiner bächerlichen Seite - läde</Unicode>
                </TextEquiv>
            </TextLine>
            <TextLine id="tr_1_tl_21" custom="readingOrder {index:20;}">
                <Coords points="336,2248 560,2153 3644,2231 3747,2222 3747,1973 3557,2076 2102,1955 1826,2085 1542,1973 336,2033"/>
                <Baseline points="382,2133 472,2133 561,2139 651,2133 740,2133 830,2133 920,2139 1009,2139 1099,2139 1189,2139 1278,2139 1368,2139 1457,2133 1547,2133 1637,2127 1726,2133 1816,2139 1906,2139 1995,2139 2085,2145 2175,2145 2264,2139 2354,2139 2443,2139 2533,2139 2623,2133 2712,2139 2802,2139 2892,2139 2981,2139 3071,2139 3160,2139 3250,2139 3340,2133 3429,2133 3519,2133 3609,2133 3698,2139 3770,2145"/>
                <TextEquiv>
                    <Unicode>zu küssen, günstigen falls bericht ein Feuer aus, un¬</Unicode>
                </TextEquiv>
            </TextLine>
            <TextLine id="tr_1_tl_22" custom="readingOrder {index:21;}">
                <Coords points="3833,2343 3928,2352 4005,2300 4290,2429 4419,2317 4557,2377 4686,2265 4746,2308 4841,2257 5030,2291 5039,2076 4875,2171 4539,2067 4445,2136 4221,2102 4083,2171 4005,2110 3928,2179 3842,2171"/>
                <Baseline points="3877,2288 3889,2282 3979,2276 4069,2270 4158,2270 4248,2264 4338,2264 4427,2258 4517,2258 4606,2252 4696,2246 4786,2240 4875,2240 4965,2234 5055,2228"/>
                <TextEquiv>
                    <Unicode>muß ich jagen!</Unicode>
                </TextEquiv>
            </TextLine>
            <TextLine id="tr_1_tl_23" custom="readingOrder {index:22;}">
                <Coords points="301,2352 1111,2334 1344,2455 1507,2334 2067,2455 2619,2317 3135,2420 3489,2326 3489,2153 3265,2248 2481,2145 301,2257"/>
                <Baseline points="346,2324 376,2324 466,2324 555,2324 645,2318 734,2324 824,2324 914,2318 1003,2318 1093,2324 1183,2324 1272,2330 1362,2330 1452,2330 1541,2330 1631,2330 1720,2324 1810,2318 1900,2324 1989,2324 2079,2318 2169,2318 2258,2312 2348,2312 2437,2312 2527,2312 2617,2312 2706,2312 2796,2312 2886,2312 2975,2312 3065,2312 3154,2312 3244,2300 3334,2282 3423,2252 3513,2252"/>
                <TextEquiv>
                    <Unicode>Du hast Gelegenheit, sie zu retten - kurz -</Unicode>
                </TextEquiv>
            </TextLine>
            <TextLine id="tr_1_tl_24" custom="readingOrder {index:23;}">
                <Coords points="3842,2472 5056,2429 5229,2550 6788,2369 6986,2481 7158,2395 7167,2197 5840,2308 5366,2128 5117,2300 3842,2352"/>
                <Baseline points="3889,2449 3961,2449 4051,2449 4140,2449 4230,2443 4320,2443 4409,2443 4499,2437 4589,2437 4678,2437 4768,2431 4857,2425 4947,2420 5037,2420 5126,2414 5216,2408 5306,2408 5395,2402 5485,2396 5574,2396 5664,2396 5754,2396 5843,2390 5933,2384 6023,2378 6112,2378 6202,2378 6292,2372 6381,2366 6471,2366 6560,2360 6650,2360 6740,2360 6829,2354 6919,2348 7009,2342 7098,2336 7188,2336"/>
                <TextEquiv>
                    <Unicode>eben fiel das Licht einer kalerne auf</Unicode>
                </TextEquiv>
            </TextLine>
            <TextLine id="tr_1_tl_25" custom="readingOrder {index:24;}">
                <Coords points="345,2576 3377,2576 3652,2550 3652,2274 3135,2420 2610,2308 2093,2438 345,2352"/>
                <Baseline points="388,2515 442,2509 531,2503 621,2497 711,2503 800,2503 890,2497 979,2491 1069,2491 1159,2497 1248,2497 1338,2503 1428,2503 1517,2503 1607,2503 1696,2497 1786,2497 1876,2497 1965,2491 2055,2491 2145,2497 2234,2497 2324,2497 2414,2491 2503,2503 2593,2503 2682,2503 2772,2503 2862,2509 2951,2509 3041,2503 3131,2503 3220,2503 3310,2491 3399,2491 3489,2491 3579,2491 3668,2491"/>
                <TextEquiv>
                    <Unicode>Oh überstehe Sich ganz auf Nälke aus, dem</Unicode>
                </TextEquiv>
            </TextLine>
            <TextLine id="tr_1_tl_26" custom="readingOrder {index:25;}">
                <Coords points="3833,2653 6607,2619 7192,2550 7192,2386 3842,2481"/>
                <Baseline points="3877,2617 3889,2611 3979,2611 4069,2617 4158,2611 4248,2611 4338,2605 4427,2611 4517,2605 4606,2605 4696,2605 4786,2605 4875,2599 4965,2593 5055,2587 5144,2581 5234,2581 5324,2575 5413,2569 5503,2569 5592,2563 5682,2563 5772,2563 5861,2557 5951,2557 6041,2551 6130,2551 6220,2551 6309,2551 6399,2545 6489,2539 6578,2533 6668,2527 6758,2527 6847,2527 6937,2521 7026,2521 7116,2515 7206,2515"/>
                <TextEquiv>
                    <Unicode>Ekühles Antlitz und talma sich aus¬</Unicode>
                </TextEquiv>
            </TextLine>
            <TextLine id="tr_1_tl_27" custom="readingOrder {index:26;}">
                <Coords points="327,2713 3644,2748 3644,2550 3161,2507 2489,2619 1990,2489 327,2567"/>
                <Baseline points="376,2688 436,2676 525,2670 615,2664 705,2664 794,2664 884,2664 973,2664 1063,2670 1153,2670 1242,2670 1332,2664 1422,2664 1511,2670 1601,2670 1691,2664 1780,2659 1870,2664 1959,2664 2049,2664 2139,2664 2228,2670 2318,2670 2408,2676 2497,2676 2587,2670 2676,2676 2766,2676 2856,2670 2945,2670 3035,2670 3125,2664 3214,2664 3304,2659 3393,2659 3483,2653 3573,2647 3662,2641"/>
                <TextEquiv>
                    <Unicode>Freund um den Hals Falland. "Wunderbar"</Unicode>
                </TextEquiv>
            </TextLine>
            <TextLine id="tr_1_tl_28" custom="readingOrder {index:27;}">
                <Coords points="3850,2860 6848,2713 7063,2799 7270,2748 7279,2541 3850,2722"/>
                <Baseline points="3895,2814 3973,2808 4063,2802 4152,2796 4242,2796 4332,2790 4421,2784 4511,2784 4600,2778 4690,2778 4780,2766 4869,2766 4959,2766 5049,2760 5138,2760 5228,2760 5318,2754 5407,2748 5497,2742 5586,2742 5676,2742 5766,2736 5855,2736 5945,2730 6035,2730 6124,2724 6214,2724 6303,2718 6393,2718 6483,2718 6572,2712 6662,2706 6752,2700 6841,2700 6931,2694 7020,2694 7110,2694 7200,2688 7289,2694"/>
                <TextEquiv>
                    <Unicode>„Oh - ich kenne Sie wirklich!“ und ein nicht allzu</Unicode>
                </TextEquiv>
            </TextLine>
            <TextLine id="tr_1_tl_29" custom="readingOrder {index:28;}">
                <Coords points="293,2929 448,2868 655,2894 706,2860 758,2911 870,2877 948,2963 991,2929 1077,2980 1163,2920 1215,2972 1275,2911 1361,2903 1370,2696 948,2687 741,2748 689,2696 301,2696"/>
                <Baseline points="352,2856 400,2856 489,2850 579,2844 669,2844 758,2850 848,2844 938,2838 1027,2838 1117,2844 1207,2838 1296,2844 1386,2838"/>
                <TextEquiv>
                    <Unicode>Um betrefflich.</Unicode>
                </TextEquiv>
            </TextLine>
            <TextLine id="tr_1_tl_30" custom="readingOrder {index:29;}">
                <Coords points="3833,3032 6409,3023 6590,2920 7106,3006 7253,2955 7253,2748 3842,2860"/>
                <Baseline points="3883,2981 3961,2981 4051,2981 4140,2969 4230,2969 4320,2963 4409,2963 4499,2957 4589,2957 4678,2957 4768,2951 4857,2951 4947,2945 5037,2945 5126,2939 5216,2939 5306,2933 5395,2927 5485,2921 5574,2921 5664,2921 5754,2921 5843,2921 5933,2921 6023,2915 6112,2909 6202,2909 6292,2909 6381,2909 6471,2898 6560,2898 6650,2898 6740,2892 6829,2886 6919,2886 7009,2880 7098,2874 7188,2874 7277,2880"/>
                <TextEquiv>
                    <Unicode>verletzendes Lächeln umspielte ihre Lippen</Unicode>
                </TextEquiv>
            </TextLine>
            <TextLine id="tr_1_tl_31" custom="readingOrder {index:30;}">
                <Coords points="310,3032 1292,3153 1507,3032 2231,3153 3023,3032 3394,3153 3764,3058 3764,2791 1499,2851 1215,2972 310,2903"/>
                <Baseline points="358,3023 448,3023 537,3029 627,3029 717,3029 806,3029 896,3029 985,3029 1075,3029 1165,3029 1254,3029 1344,3029 1434,3029 1523,3023 1613,3023 1702,3023 1792,3023 1882,3023 1971,3023 2061,3023 2151,3023 2240,3023 2330,3029 2420,3029 2509,3029 2599,3029 2688,3029 2778,3029 2868,3023 2957,3023 3047,3023 3137,3023 3226,3029 3316,3029 3405,3029 3495,3029 3585,3029 3674,3029 3764,3029 3788,3035"/>
                <TextEquiv>
                    <Unicode>Mäßige dich; ich weiß ohnehin, daß ich ein gescheidten</Unicode>
                </TextEquiv>
            </TextLine>
            <TextLine id="tr_1_tl_32" custom="readingOrder {index:31;}">
                <Coords points="3842,3256 4066,3161 4238,3204 4608,3135 4824,3230 5030,3135 5125,3204 5177,3153 5297,3187 5306,2963 5134,3058 4979,2963 4772,3058 4677,2980 4152,3032 4057,2989 3850,3092"/>
                <Baseline points="3889,3148 3895,3148 3985,3160 4075,3148 4164,3148 4254,3137 4344,3137 4433,3137 4523,3131 4612,3125 4702,3125 4792,3119 4881,3119 4971,3113 5061,3113 5150,3107 5240,3095 5324,3071"/>
                <TextEquiv>
                    <Unicode>doch Sie wünschen?</Unicode>
                </TextEquiv>
            </TextLine>
            <TextLine id="tr_1_tl_33" custom="readingOrder {index:32;}">
                <Coords points="319,3230 3402,3290 3713,3230 3713,3092 1861,3032 1671,3127 1507,3032 1025,3144 689,3032 319,3127"/>
                <Baseline points="364,3208 454,3214 543,3208 633,3208 723,3196 812,3202 902,3208 991,3202 1081,3202 1171,3202 1260,3202 1350,3202 1440,3202 1529,3196 1619,3190 1708,3196 1798,3190 1888,3190 1977,3196 2067,3196 2157,3190 2246,3184 2336,3184 2425,3190 2515,3196 2605,3190 2694,3196 2784,3196 2874,3196 2963,3196 3053,3202 3143,3202 3232,3202 3322,3208 3411,3208 3501,3202 3591,3208 3680,3208 3728,3208"/>
                <TextEquiv>
                    <Unicode>Kerl bei. erwiderte Kälte, die Bruderbeger junge,</Unicode>
                </TextEquiv>
            </TextLine>
            <TextLine id="tr_1_tl_34" custom="readingOrder {index:33;}">
                <Coords points="3936,3368 7029,3239 7141,3325 7270,3308 7279,3006 5685,2963 5134,3196 3945,3187"/>
                <Baseline points="3985,3316 4075,3322 4164,3316 4254,3316 4344,3316 4433,3310 4523,3310 4612,3304 4702,3310 4792,3304 4881,3304 4971,3298 5061,3292 5150,3292 5240,3280 5329,3286 5419,3280 5509,3274 5598,3274 5688,3268 5778,3268 5867,3268 5957,3262 6047,3256 6136,3256 6226,3250 6315,3250 6405,3244 6495,3244 6584,3244 6674,3238 6764,3238 6853,3232 6943,3232 7032,3226 7122,3226 7212,3226 7301,3244"/>
                <TextEquiv>
                    <Unicode>Mein Frau lein, es wird für uns beide besser</Unicode>
                </TextEquiv>
            </TextLine>
            <TextLine id="tr_1_tl_35" custom="readingOrder {index:34;}">
                <Coords points="319,3437 3532,3454 3773,3411 3773,3256 319,3290"/>
                <Baseline points="370,3376 388,3370 478,3376 567,3376 657,3382 746,3376 836,3376 926,3376 1015,3376 1105,3382 1195,3376 1284,3376 1374,3376 1463,3376 1553,3376 1643,3376 1732,3382 1822,3382 1912,3382 2001,3382 2091,3382 2180,3376 2270,3376 2360,3370 2449,3376 2539,3376 2629,3370 2718,3370 2808,3376 2898,3376 2987,3376 3077,3370 3166,3376 3256,3370 3346,3376 3435,3376 3525,3376 3615,3376 3704,3376 3794,3370"/>
                <TextEquiv>
                    <Unicode>des Freundes abwehred.“ Doch sich! Hier ist hie¬</Unicode>
                </TextEquiv>
            </TextLine>
            <TextLine id="tr_1_tl_36" custom="readingOrder {index:35;}">
                <Coords points="3833,3626 6254,3437 6512,3549 6813,3428 7236,3523 7244,3282 3842,3394"/>
                <Baseline points="3889,3513 3949,3519 4039,3519 4128,3519 4218,3513 4308,3507 4397,3501 4487,3495 4577,3495 4666,3495 4756,3495 4845,3489 4935,3489 5025,3483 5114,3483 5204,3477 5294,3471 5383,3471 5473,3465 5563,3465 5652,3459 5742,3459 5831,3453 5921,3453 6011,3441 6100,3441 6190,3435 6280,3435 6369,3429 6459,3429 6548,3423 6638,3423 6728,3417 6817,3411 6907,3411 6997,3405 7086,3405 7176,3399 7265,3388"/>
                <TextEquiv>
                    <Unicode>sein, ich lege ihnen die Sache schnell klar,</Unicode>
                </TextEquiv>
            </TextLine>
            <TextLine id="tr_1_tl_37" custom="readingOrder {index:36;}">
                <Coords points="370,3575 965,3669 1516,3557 2102,3669 3730,3618 3730,3394 370,3446"/>
                <Baseline points="418,3555 507,3555 597,3555 687,3561 776,3561 866,3561 956,3555 1045,3561 1135,3555 1224,3555 1314,3561 1404,3561 1493,3555 1583,3555 1673,3555 1762,3555 1852,3555 1941,3555 2031,3555 2121,3555 2210,3555 2300,3555 2390,3555 2479,3543 2569,3549 2659,3555 2748,3555 2838,3549 2927,3555 3017,3555 3107,3555 3196,3561 3286,3561 3376,3567 3465,3567 3555,3567 3644,3567 3734,3567 3752,3567"/>
                <TextEquiv>
                    <Unicode>Um Jn diesem Augenblicke hielt rauschte Fräulein</Unicode>
                </TextEquiv>
            </TextLine>
            <TextLine id="tr_1_tl_38" custom="readingOrder {index:37;}">
                <Coords points="3868,3764 6925,3601 7141,3721 7287,3678 7296,3385 6512,3540 6254,3437 3876,3609"/>
                <Baseline points="3925,3686 3997,3686 4087,3686 4176,3680 4266,3686 4356,3680 4445,3674 4535,3674 4624,3674 4714,3668 4804,3668 4893,3662 4983,3662 5073,3656 5162,3650 5252,3644 5341,3638 5431,3638 5521,3627 5610,3627 5700,3621 5790,3621 5879,3621 5969,3621 6058,3615 6148,3609 6238,3603 6327,3603 6417,3603 6507,3603 6596,3603 6686,3597 6776,3591 6865,3579 6955,3579 7044,3579 7134,3579 7224,3573 7313,3573"/>
                <TextEquiv>
                    <Unicode>wenn. Sie also kurze Zeit hören wollen!</Unicode>
                </TextEquiv>
            </TextLine>
            <TextLine id="tr_1_tl_39" custom="readingOrder {index:38;}">
                <Coords points="362,3842 1568,3738 3213,3850 3497,3756 3687,3859 3756,3601 362,3644"/>
                <Baseline points="406,3734 495,3734 585,3734 675,3734 764,3734 854,3734 944,3740 1033,3734 1123,3734 1212,3734 1302,3728 1392,3728 1481,3728 1571,3728 1661,3728 1750,3728 1840,3734 1930,3734 2019,3734 2109,3734 2198,3734 2288,3734 2378,3734 2467,3734 2557,3734 2647,3728 2736,3728 2826,3734 2915,3734 3005,3734 3095,3734 3184,3734 3274,3734 3364,3740 3453,3740 3543,3740 3632,3740 3722,3740 3770,3740"/>
                <TextEquiv>
                    <Unicode>Talma in auffallender, aber wirklich rege</Unicode>
                </TextEquiv>
            </TextLine>
            <TextLine id="tr_1_tl_40" custom="readingOrder {index:39;}">
                <Coords points="3902,3919 5651,3816 6331,3919 7046,3807 7055,3609 5900,3738 5668,3626 5366,3756 5125,3652 4815,3781 4660,3687 3902,3730"/>
                <Baseline points="3949,3860 4027,3860 4116,3866 4206,3860 4296,3860 4385,3854 4475,3848 4565,3848 4654,3842 4744,3842 4834,3836 4923,3836 5013,3824 5102,3830 5192,3824 5282,3824 5371,3818 5461,3812 5551,3812 5640,3812 5730,3806 5819,3806 5909,3806 5999,3800 6088,3800 6178,3794 6268,3788 6357,3782 6447,3776 6536,3782 6626,3770 6716,3764 6805,3758 6895,3758 6985,3752 7074,3746"/>
                <TextEquiv>
                    <Unicode>„ Oh bitte, mein Herr, ich bin sehr gespannt.</Unicode>
                </TextEquiv>
            </TextLine>
            <TextLine id="tr_1_tl_41" custom="readingOrder {index:40;}">
                <Coords points="353,3962 2446,3911 2687,4023 3299,3911 3549,4031 3661,3781 904,3738 353,3842"/>
                <Baseline points="400,3925 460,3919 549,3913 639,3907 728,3907 818,3907 908,3907 997,3907 1087,3901 1177,3901 1266,3895 1356,3895 1446,3895 1535,3895 1625,3895 1714,3901 1804,3901 1894,3895 1983,3895 2073,3901 2163,3907 2252,3907 2342,3901 2431,3901 2521,3901 2611,3901 2700,3901 2790,3901 2880,3907 2969,3907 3059,3913 3148,3913 3238,3913 3328,3907 3417,3913 3507,3913 3597,3919 3686,3913"/>
                <TextEquiv>
                    <Unicode>der Trätte Gerbei, um die Schultern hing</Unicode>
                </TextEquiv>
            </TextLine>
            <TextLine id="tr_1_tl_42" custom="readingOrder {index:41;}">
                <Coords points="3893,4152 4806,4031 5806,4126 6305,3980 7218,4040 7339,4005 7339,3799 3902,3928"/>
                <Baseline points="3943,4027 4033,4039 4122,4045 4212,4051 4302,4045 4391,4039 4481,4039 4571,4033 4660,4033 4750,4027 4840,4021 4929,4015 5019,4003 5108,3997 5198,3997 5288,3997 5377,4003 5467,3997 5557,3991 5646,3991 5736,3985 5825,3991 5915,3985 6005,3979 6094,3973 6184,3973 6274,3967 6363,3967 6453,3961 6542,3961 6632,3955 6722,3955 6811,3955 6901,3955 6991,3949 7080,3943 7170,3937 7260,3937 7349,3937"/>
                <TextEquiv>
                    <Unicode>Mum, daß ich Spe liebe, haben Sie schon bemerkt,</Unicode>
                </TextEquiv>
            </TextLine>
            <TextLine id="tr_1_tl_43" custom="readingOrder {index:42;}">
                <Coords points="405,4238 663,4117 2119,4083 2369,4212 2541,4100 3635,4178 3738,3945 3549,4031 3256,3936 2679,4023 2446,3911 1895,4023 1619,3928 405,3980"/>
                <Baseline points="448,4093 537,4099 627,4099 717,4099 806,4099 896,4099 985,4093 1075,4093 1165,4081 1254,4087 1344,4087 1434,4087 1523,4087 1613,4093 1702,4093 1792,4093 1882,4093 1971,4087 2061,4087 2151,4087 2240,4093 2330,4087 2420,4087 2509,4087 2599,4087 2688,4093 2778,4093 2868,4099 2957,4099 3047,4099 3137,4099 3226,4099 3316,4099 3405,4099 3495,4099 3585,4099 3674,4105 3764,4105"/>
                <TextEquiv>
                    <Unicode>ihr ein Theatermenteh, während im langes</Unicode>
                </TextEquiv>
            </TextLine>
            <TextLine id="tr_1_tl_44" custom="readingOrder {index:43;}">
                <Coords points="3876,4255 4626,4384 5056,4384 5203,4264 5892,4359 6107,4238 6572,4367 6736,4255 6925,4410 7184,4324 7201,3962 6099,3997 5909,4117 4074,4066 3885,4169"/>
                <Baseline points="3925,4236 3985,4236 4075,4242 4164,4236 4254,4236 4344,4230 4433,4230 4523,4224 4612,4224 4702,4218 4792,4218 4881,4218 4971,4212 5061,4206 5150,4200 5240,4200 5329,4188 5419,4188 5509,4188 5598,4182 5688,4182 5778,4182 5867,4176 5957,4170 6047,4164 6136,4164 6226,4158 6315,4158 6405,4158 6495,4158 6584,4146 6674,4146 6764,4146 6853,4146 6943,4146 7032,4146 7122,4146 7212,4128"/>
                <TextEquiv>
                    <Unicode>daß Sie mich nicht lieben, glaube ich auch be¬</Unicode>
                </TextEquiv>
            </TextLine>
            <TextLine id="tr_1_tl_45" custom="readingOrder {index:44;}">
                <Coords points="457,4410 3635,4376 3635,4117 2386,4212 2024,4100 663,4117 457,4229"/>
                <Baseline points="501,4284 591,4284 681,4290 770,4290 860,4290 950,4284 1039,4284 1129,4284 1218,4278 1308,4278 1398,4278 1487,4284 1577,4284 1667,4284 1756,4284 1846,4290 1936,4290 2025,4290 2115,4284 2204,4284 2294,4284 2384,4284 2473,4284 2563,4284 2653,4284 2742,4284 2832,4284 2921,4284 3011,4284 3101,4284 3190,4284 3280,4284 3370,4284 3459,4284 3549,4284 3638,4290 3650,4290"/>
                <TextEquiv>
                    <Unicode>schweres Seidenkleidchig von den Hüften</Unicode>
                </TextEquiv>
            </TextLine>
        </TextRegion>
    </Page>
</PcGts>
