7032 4824
3604 492 5354 802 Ritck entgegenschallte.
218 496 3451 847 schlug acht und die Thürenz der Kirche sagten
3568 629 6817 895 Viel verschränkten Arme an eine Paul des Thesied¬
1842 742 2322 895 denken.
194 714 3414 1052 großer als bei Tag in der hellen Steier¬
431 782 718 947 am Ehe
3580 806 6793 1145 tumpels gelehnt stand Falke da, u folgte
1387 887 3418 1193 Arbher und Fang standen
286 959 1403 1262 simmel herauf.
3580 1020 6708 1230 mit bald düstern, bald oblitzenden Aug nn
1387 1096 2080 1242 Roktes sänger
318 1056 3491 1423 von dem Kirche und drückten sich die Hand
3576 1169 6752 1496 zwei Gestalten, die in der dunkelheit nur
290 1250 3398 1584 Hier müssen wir scheiden – leider, sagte
3592 1383 6692 1677 mehr schwach auszunehmen wären und in
278 1435 3455 1770 sie, es war in der Nähe ihrer Wohnung.
3620 1516 6768 1838 eben in eine schattige Allee verschwanden
262 1608 3491 1903 Leider wieder holte er und blickte schwer
3632 1705 6825 2020 Es war ein junger Mann und einwunder
306 1786 3350 2108 nerisch in ihre Augen. Sie stande sich
3632 1850 6829 2177 bar gewachsenesleicht für Mädchen; und man
230 1943 3285 2282 eine Meile schweigend gegenüber, die
3620 2060 6829 2362 konnte ihr wegendes Anklich sehen, als
250 2096 3342 2407 Hände in einander liegen lassend.
3668 2201 6656 2552 im Haft des Mordes durch die Zweig
318 2294 3479 2640 Seb' wohl sagte sie endlich und ging mit
3656 2378 6853 2733 fiel und sie sich den zudem Begleiter
270 2540 2032 2810 ihrem kleinen Bruder.
3672 2592 6720 2826 wandt. Sie lächelt und blickte zu
351 2624 3543 2975 Er schaute ihr eine Weile nach, sie would
3632 2737 6672 3048 ihm auf, - dann sah man sie beide nicht
306 2814 3455 3169 sich um und beide lächelten, indem sie sich
3652 2882 6849 3181 mehr, die Zweig entweder waren die zweipe
262 3023 2520 3330 mit den Händen zu winkten
3660 3096 6704 3326 umter denen sie jetzt wandelten dichter,
314 3072 3358 3515 Und nun nahm er eilig über den
2540 3298 3140 3459 Beylebt
3636 3233 6853 3519 oder war der Mond hinter den Wolken
314 3318 3499 3713 hall erleuchteten menschenvollen
3656 3410 6881 3721 verschwunden genug, man sah sie nicht mehr
347 3531 3374 3846 Schottenrey, wo sich die Menschen
3672 3596 6781 3918 Falka blieben einige Sekunden stehen, und sah
306 3705 3459 4007 um der warmen Abends zu jeneßen
3697 3753 6833 4088 so scharf nach jener Gegend, wo diese you
335 3846 3511 4192 froh durch einander trieben, den Weg
3717 3926 6789 4317 Leute verschwenden waren, als ob es die
476 4051 3539 4402 zum Kolksgarten, woher ihn lichtje¬
