<?xml version="1.0" encoding="UTF-8" standalone="yes"?>
<PcGts xmlns="http://schema.primaresearch.org/PAGE/gts/pagecontent/2013-07-15" xmlns:xsi="http://www.w3.org/2001/XMLSchema-instance" xsi:schemaLocation="http://schema.primaresearch.org/PAGE/gts/pagecontent/2013-07-15 http://schema.primaresearch.org/PAGE/gts/pagecontent/2013-07-15/pagecontent.xsd">
    <Metadata>
        <Creator>prov=READ-COOP:name=TrHtr:version=2.1.0:model_id=51170:date=14_08_2023_23:19</Creator>
        <Created>2023-05-10T14:33:26.851+02:00</Created>
        <LastChange>2023-08-14T23:19:28.102+02:00</LastChange>
        <TranskribusMetadata docId="1428640" pageId="55422548" pageNr="158" tsid="132830554" status="IN_PROGRESS" userId="64420" imgUrl="https://files.transkribus.eu/Get?id=VURWGNAOWKKVKZFJTEUOUQRK&amp;fileType=view" xmlUrl="https://files.transkribus.eu/Get?id=POOFRJKQIZCNCYPEHXQKPJHU" imageId="44696627"/>
    </Metadata>
    <Page imageFilename="1428640_0158.jpg" imageWidth="7160" imageHeight="4936">
        <ReadingOrder>
            <OrderedGroup id="ro_1711818502428" caption="Regions reading order">
                <RegionRefIndexed index="0" regionRef="tr_1"/>
                <RegionRefIndexed index="1" regionRef="tr_2"/>
            </OrderedGroup>
        </ReadingOrder>
        <TextRegion id="tr_1" custom="readingOrder {index:0;}">
            <Coords points="274,708 3676,708 3676,4510 274,4510"/>
            <TextLine id="tr_1_tl_1" custom="readingOrder {index:0;}">
                <Coords points="259,857 3602,827 3606,610 2654,581 2265,694 1479,522 936,631 263,581"/>
                <Baseline points="280,817 298,811 387,817 477,817 567,811 656,805 746,805 835,805 925,805 1014,799 1104,799 1193,799 1283,799 1372,799 1462,799 1551,799 1641,799 1730,799 1820,793 1909,793 1999,787 2088,787 2178,787 2268,787 2357,787 2447,787 2536,781 2626,781 2715,775 2805,769 2894,763 2984,763 3073,758 3163,763 3252,763 3342,758 3431,758 3521,758 3610,763"/>
                <TextEquiv>
                    <Unicode>bemerkte er jedes Rächelnkräufnis oder Feugs¬</Unicode>
                </TextEquiv>
            </TextLine>
            <TextLine id="tr_1_tl_2" custom="readingOrder {index:1;}">
                <Coords points="305,1061 3297,1007 3498,965 3502,769 2056,802 1872,898 1676,811 309,848"/>
                <Baseline points="328,984 376,984 465,984 555,984 644,978 734,978 823,978 913,978 1002,972 1092,972 1181,978 1271,972 1360,972 1450,972 1539,972 1629,972 1718,966 1808,960 1898,954 1987,954 2077,954 2166,960 2256,954 2345,954 2435,954 2524,949 2614,943 2703,943 2793,943 2882,937 2972,931 3061,931 3151,925 3240,925 3330,925 3419,925 3509,925"/>
                <TextEquiv>
                    <Unicode>Er sah, das sie sich trefflich unterhielten, daß</Unicode>
                </TextEquiv>
            </TextLine>
            <TextLine id="tr_1_tl_3" custom="readingOrder {index:2;}">
                <Coords points="318,1245 3460,1174 3519,961 2411,978 1847,1112 1379,969 827,1103 564,986 322,1057"/>
                <Baseline points="346,1163 387,1157 477,1157 567,1157 656,1157 746,1157 835,1163 925,1151 1014,1151 1104,1157 1193,1151 1283,1151 1372,1151 1462,1145 1551,1145 1641,1151 1730,1145 1820,1145 1909,1139 1999,1139 2088,1134 2178,1134 2268,1139 2357,1134 2447,1134 2536,1128 2626,1122 2715,1122 2805,1116 2894,1110 2984,1110 3073,1110 3163,1110 3252,1110 3342,1110 3431,1104 3521,1110"/>
                <TextEquiv>
                    <Unicode>Josef wie zufällig nichts das schöne Mädchen</Unicode>
                </TextEquiv>
            </TextLine>
            <TextLine id="tr_1_tl_4" custom="readingOrder {index:3;}">
                <Coords points="322,1358 3560,1362 3590,1178 326,1249"/>
                <Baseline points="346,1336 376,1330 465,1330 555,1336 644,1330 734,1330 823,1336 913,1330 1002,1330 1092,1330 1181,1325 1271,1319 1360,1319 1450,1325 1539,1319 1629,1325 1718,1325 1808,1319 1898,1319 1987,1313 2077,1313 2166,1307 2256,1307 2345,1313 2435,1307 2524,1307 2614,1301 2703,1301 2793,1295 2882,1289 2972,1289 3061,1289 3151,1283 3240,1283 3330,1283 3419,1283 3509,1283 3599,1295"/>
                <TextEquiv>
                    <Unicode>üb und zu berührte, näher und nähe an sie heran¬</Unicode>
                </TextEquiv>
            </TextLine>
            <TextLine id="tr_1_tl_5" custom="readingOrder {index:4;}">
                <Coords points="276,1546 3560,1534 3564,1346 280,1408"/>
                <Baseline points="298,1510 352,1504 441,1504 531,1504 620,1510 710,1516 799,1492 889,1480 978,1486 1068,1492 1157,1498 1247,1498 1336,1498 1426,1492 1516,1492 1605,1498 1695,1492 1784,1492 1874,1486 1963,1486 2053,1480 2142,1480 2232,1480 2321,1480 2411,1474 2500,1474 2590,1474 2679,1468 2769,1468 2858,1462 2948,1456 3037,1462 3127,1456 3217,1444 3306,1444 3396,1450 3485,1450 3575,1450"/>
                <TextEquiv>
                    <Unicode>tret. Das Ermb ihm das Blut in die Waagen,</Unicode>
                </TextEquiv>
            </TextLine>
            <TextLine id="tr_1_tl_6" custom="readingOrder {index:5;}">
                <Coords points="706,1626 740,1621 765,1596 781,1605 806,1596 869,1655 919,1630 936,1642 953,1626 1015,1621 1011,1517 898,1513 861,1529 823,1517 798,1529 786,1517 702,1517"/>
                <Baseline points="728,1551 817,1563 907,1563 996,1557 1026,1551"/>
                <TextEquiv>
                    <Unicode>am</Unicode>
                </TextEquiv>
            </TextLine>
            <TextLine id="tr_1_tl_7" custom="readingOrder {index:6;}">
                <Coords points="259,1701 644,1688 761,1789 1249,1667 3063,1734 3523,1672 3527,1504 2194,1584 1910,1496 1705,1617 1270,1513 865,1651 263,1550"/>
                <Baseline points="280,1683 310,1683 399,1683 489,1683 578,1677 668,1671 758,1677 847,1683 937,1683 1026,1677 1116,1677 1205,1671 1295,1665 1384,1665 1474,1659 1563,1659 1653,1659 1742,1659 1832,1659 1921,1659 2011,1659 2100,1659 2190,1653 2279,1653 2369,1653 2459,1647 2548,1647 2638,1641 2727,1641 2817,1641 2906,1635 2996,1629 3085,1629 3175,1623 3264,1623 3354,1623 3443,1629 3533,1623"/>
                <TextEquiv>
                    <Unicode>und in einer süchtiges Leiten versunken hat.</Unicode>
                </TextEquiv>
            </TextLine>
            <TextLine id="tr_1_tl_8" custom="readingOrder {index:7;}">
                <Coords points="343,1814 455,1789 497,1822 589,1772 614,1797 644,1784 685,1793 702,1667 669,1663 606,1705 577,1705 514,1738 489,1726 464,1738 435,1709 405,1726 351,1726"/>
                <Baseline points="364,1802 429,1778 519,1772 608,1760 698,1754"/>
                <TextEquiv>
                    <Unicode>script,</Unicode>
                </TextEquiv>
            </TextLine>
            <TextLine id="tr_1_tl_9" custom="readingOrder {index:8;}">
                <Coords points="263,1901 3389,1885 3623,1851 3627,1730 3201,1642 2511,1768 2219,1676 2081,1780 1258,1663 982,1830 263,1814"/>
                <Baseline points="286,1898 316,1886 405,1868 495,1862 584,1862 674,1856 763,1856 853,1856 943,1856 1032,1856 1122,1850 1211,1850 1301,1850 1390,1844 1480,1838 1569,1838 1659,1838 1748,1838 1838,1838 1927,1832 2017,1832 2106,1838 2196,1832 2285,1826 2375,1826 2465,1820 2554,1820 2644,1814 2733,1814 2823,1814 2912,1808 3002,1808 3091,1802 3181,1802 3270,1796 3360,1796 3449,1796 3539,1802 3628,1808"/>
                <TextEquiv>
                    <Unicode>Der gar nicht, daß Sinnig und die andere kaum zwei</Unicode>
                </TextEquiv>
            </TextLine>
            <TextLine id="tr_1_tl_10" custom="readingOrder {index:9;}">
                <Coords points="364,2160 978,2039 2507,2031 2699,2135 3564,2002 3514,1880 2950,1822 2415,1947 2265,1847 1989,1943 1709,1851 1437,1977 1086,1885 368,1935"/>
                <Baseline points="387,2047 441,2041 531,2035 620,2035 710,2035 799,2035 889,2029 978,2023 1068,2023 1157,2023 1247,2023 1336,2023 1426,2023 1516,2017 1605,2017 1695,2017 1784,2011 1874,2017 1963,2011 2053,2011 2142,2005 2232,1999 2321,1999 2411,1999 2500,1999 2590,1993 2679,1987 2769,1987 2858,1993 2948,1987 3037,1981 3127,1981 3217,1975 3306,1969 3396,1975 3485,1975 3575,1975"/>
                <TextEquiv>
                    <Unicode>Schritte hinter ihm stauden. Dagegen sah er, wie ein</Unicode>
                </TextEquiv>
            </TextLine>
            <TextLine id="tr_1_tl_11" custom="readingOrder {index:10;}">
                <Coords points="259,2240 2708,2252 3585,2177 3590,2027 2699,2135 1763,2027 1596,2156 1304,2031 259,2185"/>
                <Baseline points="280,2232 286,2226 376,2220 465,2220 555,2214 644,2214 734,2214 823,2220 913,2214 1002,2214 1092,2208 1181,2202 1271,2202 1360,2202 1450,2196 1539,2196 1629,2196 1718,2196 1808,2190 1898,2190 1987,2190 2077,2184 2166,2184 2256,2184 2345,2184 2435,2178 2524,2178 2614,2178 2703,2172 2793,2172 2882,2172 2972,2166 3061,2166 3151,2160 3240,2160 3330,2160 3419,2160 3509,2160 3599,2160"/>
                <TextEquiv>
                    <Unicode>anderer Bürsch zu Franz trat - eine Nelke in</Unicode>
                </TextEquiv>
            </TextLine>
            <TextLine id="tr_1_tl_12" custom="readingOrder {index:11;}">
                <Coords points="251,2428 3548,2411 3556,2169 2766,2277 1847,2206 1078,2348 510,2231 251,2374"/>
                <Baseline points="274,2405 340,2393 429,2393 519,2387 608,2387 698,2387 787,2387 877,2387 966,2387 1056,2387 1145,2381 1235,2381 1325,2375 1414,2375 1504,2369 1593,2375 1683,2375 1772,2369 1862,2369 1951,2369 2041,2363 2130,2363 2220,2363 2309,2357 2399,2351 2488,2351 2578,2345 2667,2345 2757,2345 2847,2345 2936,2345 3026,2345 3115,2345 3205,2339 3294,2339 3384,2333 3473,2333 3563,2321"/>
                <TextEquiv>
                    <Unicode>der Hand, und sie dem Mädchen anbot. Sie</Unicode>
                </TextEquiv>
            </TextLine>
            <TextLine id="tr_1_tl_13" custom="readingOrder {index:12;}">
                <Coords points="330,2599 3264,2595 3590,2537 3594,2403 1847,2378 1454,2495 802,2403 330,2537"/>
                <Baseline points="352,2584 381,2578 471,2572 561,2572 650,2572 740,2572 829,2560 919,2566 1008,2560 1098,2560 1187,2560 1277,2560 1366,2554 1456,2548 1545,2542 1635,2542 1724,2536 1814,2536 1903,2536 1993,2536 2083,2536 2172,2530 2262,2524 2351,2530 2441,2524 2530,2518 2620,2518 2709,2518 2799,2518 2888,2512 2978,2512 3067,2512 3157,2512 3246,2512 3336,2506 3425,2500 3515,2500 3605,2506"/>
                <TextEquiv>
                    <Unicode>nehne sie und nicht leicht, Jahr und verhört</Unicode>
                </TextEquiv>
            </TextLine>
            <TextLine id="tr_1_tl_14" custom="readingOrder {index:13;}">
                <Coords points="393,2750 1120,2842 1567,2725 3502,2720 3594,2608 2616,2537 1951,2658 1667,2553 393,2704"/>
                <Baseline points="417,2733 465,2733 555,2733 644,2733 734,2733 823,2727 913,2727 1002,2727 1092,2721 1181,2721 1271,2721 1360,2715 1450,2709 1539,2709 1629,2709 1718,2709 1808,2709 1898,2703 1987,2703 2077,2709 2166,2703 2256,2703 2345,2703 2435,2697 2524,2697 2614,2691 2703,2685 2793,2685 2882,2685 2972,2679 3061,2679 3151,2679 3240,2679 3330,2679 3419,2673 3509,2679 3599,2679"/>
                <TextEquiv>
                    <Unicode>wollte sich die Blume vor die Bruststecke.</Unicode>
                </TextEquiv>
            </TextLine>
            <TextLine id="tr_1_tl_15" custom="readingOrder {index:14;}">
                <Coords points="288,2942 3013,2942 3443,2883 3447,2716 2925,2808 2215,2720 965,2850 497,2783 293,2900"/>
                <Baseline points="310,2930 322,2930 411,2936 501,2930 590,2924 680,2924 769,2918 859,2912 949,2906 1038,2906 1128,2894 1217,2894 1307,2894 1396,2894 1486,2888 1575,2882 1665,2876 1754,2882 1844,2876 1933,2882 2023,2882 2112,2882 2202,2876 2291,2876 2381,2882 2470,2870 2560,2870 2650,2864 2739,2858 2829,2852 2918,2852 3008,2852 3097,2852 3187,2852 3276,2841 3366,2841 3455,2847"/>
                <TextEquiv>
                    <Unicode>Als sie einige Augenblick herumgenestelt</Unicode>
                </TextEquiv>
            </TextLine>
            <TextLine id="tr_1_tl_16" custom="readingOrder {index:15;}">
                <Coords points="376,3172 3519,3096 3552,2900 380,2984"/>
                <Baseline points="399,3097 429,3091 519,3091 608,3091 698,3091 787,3085 877,3079 966,3079 1056,3079 1145,3079 1235,3073 1325,3061 1414,3055 1504,3055 1593,3055 1683,3055 1772,3055 1862,3055 1951,3055 2041,3055 2130,3055 2220,3055 2309,3055 2399,3055 2488,3049 2578,3049 2667,3037 2757,3037 2847,3037 2936,3032 3026,3032 3115,3032 3205,3026 3294,3026 3384,3026 3473,3026 3563,3032"/>
                <TextEquiv>
                    <Unicode>hatte, ohne daß sich die Nalk befestigen wollt,</Unicode>
                </TextEquiv>
            </TextLine>
            <TextLine id="tr_1_tl_17" custom="readingOrder {index:16;}">
                <Coords points="364,3284 593,3364 1166,3284 1354,3414 1780,3251 3519,3301 3523,3042 2691,3167 2403,3063 1295,3067 857,3184 585,3122 364,3247"/>
                <Baseline points="387,3276 399,3276 489,3276 578,3270 668,3264 758,3264 847,3264 937,3258 1026,3264 1116,3258 1205,3252 1295,3246 1384,3246 1474,3240 1563,3240 1653,3240 1742,3240 1832,3240 1921,3234 2011,3234 2100,3234 2190,3234 2279,3228 2369,3228 2459,3223 2548,3223 2638,3217 2727,3217 2817,3217 2906,3217 2996,3217 3085,3211 3175,3211 3264,3205 3354,3205 3443,3199 3533,3199"/>
                <TextEquiv>
                    <Unicode>nahm sie Josef, und steckte, hieselbst der</Unicode>
                </TextEquiv>
            </TextLine>
            <TextLine id="tr_1_tl_18" custom="readingOrder {index:17;}">
                <Coords points="372,3506 3276,3452 3519,3414 3519,3301 2695,3230 1387,3364 995,3280 372,3431"/>
                <Baseline points="393,3479 483,3461 572,3455 662,3449 752,3443 841,3443 931,3443 1020,3437 1110,3431 1199,3431 1289,3425 1378,3425 1468,3419 1557,3419 1647,3419 1736,3414 1826,3414 1915,3408 2005,3408 2094,3402 2184,3402 2274,3402 2363,3396 2453,3396 2542,3396 2632,3390 2721,3390 2811,3384 2900,3384 2990,3384 3079,3384 3169,3384 3258,3378 3348,3378 3437,3372 3527,3378"/>
                <TextEquiv>
                    <Unicode>eröfen der Faug vor den Busan. Land</Unicode>
                </TextEquiv>
            </TextLine>
            <TextLine id="tr_1_tl_19" custom="readingOrder {index:18;}">
                <Coords points="322,3661 715,3636 1003,3761 1262,3619 2265,3598 2465,3707 2603,3590 3581,3610 3585,3393 2520,3493 806,3439 326,3598"/>
                <Baseline points="346,3640 370,3640 459,3628 549,3622 638,3622 728,3616 817,3610 907,3610 996,3610 1086,3616 1175,3616 1265,3605 1354,3605 1444,3593 1533,3593 1623,3587 1712,3587 1802,3593 1892,3587 1981,3587 2071,3581 2160,3581 2250,3575 2339,3575 2429,3581 2518,3575 2608,3581 2697,3581 2787,3569 2876,3569 2966,3563 3055,3569 3145,3563 3234,3563 3324,3563 3414,3557 3503,3557 3593,3551"/>
                <TextEquiv>
                    <Unicode>der Aussage welcher ihr die Stelke. Art suis zog die</Unicode>
                </TextEquiv>
            </TextLine>
            <TextLine id="tr_1_tl_20" custom="readingOrder {index:19;}">
                <Coords points="397,3870 3297,3828 3594,3761 3598,3619 3259,3564 2699,3727 1960,3598 1208,3627 999,3757 401,3690"/>
                <Baseline points="423,3807 471,3801 561,3801 650,3801 740,3796 829,3796 919,3796 1008,3790 1098,3790 1187,3784 1277,3778 1366,3778 1456,3778 1545,3778 1635,3772 1724,3772 1814,3772 1903,3766 1993,3760 2083,3760 2172,3760 2262,3766 2351,3766 2441,3766 2530,3766 2620,3766 2709,3760 2799,3760 2888,3754 2978,3748 3067,3742 3157,3742 3246,3742 3336,3736 3425,3736 3515,3736 3605,3730"/>
                <TextEquiv>
                    <Unicode>Störe in fürsten halten, und drehte sich</Unicode>
                </TextEquiv>
            </TextLine>
            <TextLine id="tr_1_tl_21" custom="readingOrder {index:20;}">
                <Coords points="430,4024 915,3995 1091,4108 1375,3999 1659,4066 1830,3953 2403,4045 2624,3936 3431,3957 3464,3757 2549,3903 1763,3773 1634,3861 1425,3786 1258,3920 928,3941 669,3815 435,3878"/>
                <Baseline points="453,3986 513,3986 602,3981 692,3981 781,3981 871,3981 960,3969 1050,3957 1139,3957 1229,3951 1319,3951 1408,3951 1498,3951 1587,3951 1677,3945 1766,3945 1856,3939 1945,3939 2035,3939 2124,3939 2214,3939 2303,3939 2393,3939 2482,3939 2572,3939 2661,3927 2751,3921 2841,3927 2930,3927 3020,3915 3109,3921 3199,3915 3288,3915 3378,3909 3467,3903"/>
                <TextEquiv>
                    <Unicode>um.“ Sie hin“ sagte er Sinn. Ich habt</Unicode>
                </TextEquiv>
            </TextLine>
            <TextLine id="tr_1_tl_22" custom="readingOrder {index:21;}">
                <Coords points="426,4221 3318,4145 3464,4116 3468,3949 2612,3936 2394,4058 1830,3953 1659,4066 1291,4003 1120,4095 924,3995 430,4024"/>
                <Baseline points="453,4142 519,4154 608,4148 698,4142 787,4136 877,4136 966,4124 1056,4124 1145,4124 1235,4118 1325,4118 1414,4112 1504,4112 1593,4106 1683,4106 1772,4106 1862,4106 1951,4106 2041,4112 2130,4112 2220,4112 2309,4112 2399,4106 2488,4106 2578,4106 2667,4100 2757,4094 2847,4094 2936,4088 3026,4088 3115,4094 3205,4094 3294,4094 3384,4082 3473,4076"/>
                <TextEquiv>
                    <Unicode>gehöfen erwiderter sehr unkauft du die</Unicode>
                </TextEquiv>
            </TextLine>
            <TextLine id="tr_1_tl_23" custom="readingOrder {index:22;}">
                <Coords points="455,4379 2599,4279 2791,4404 3005,4283 3493,4342 3661,4267 3665,4112 2996,4112 2766,4225 2537,4120 2169,4216 1822,4116 455,4233"/>
                <Baseline points="477,4315 537,4315 626,4315 716,4309 805,4309 895,4303 984,4303 1074,4303 1163,4303 1253,4297 1342,4297 1432,4291 1521,4285 1611,4291 1701,4291 1790,4291 1880,4285 1969,4285 2059,4279 2148,4279 2238,4273 2327,4273 2417,4273 2506,4273 2596,4273 2685,4267 2775,4267 2864,4267 2954,4267 3043,4267 3133,4261 3223,4255 3312,4261 3402,4261 3491,4255 3581,4255 3670,4255"/>
                <TextEquiv>
                    <Unicode>der ihr die Nelke angeboten. xyz</Unicode>
                </TextEquiv>
            </TextLine>
            <TextLine id="tr_1_tl_24" custom="readingOrder {index:23;}">
                <Coords points="472,4542 1170,4613 2006,4492 2491,4597 3230,4450 3564,4572 3665,4555 3669,4283 472,4396"/>
                <Baseline points="495,4500 543,4494 632,4494 722,4488 811,4488 901,4488 990,4482 1080,4482 1169,4482 1259,4482 1348,4482 1438,4476 1527,4470 1617,4464 1707,4464 1796,4464 1886,4458 1975,4458 2065,4458 2154,4452 2244,4452 2333,4446 2423,4446 2512,4446 2602,4446 2691,4446 2781,4446 2870,4440 2960,4440 3049,4440 3139,4440 3228,4446 3318,4452 3408,4452 3497,4458 3587,4464 3676,4470"/>
                <TextEquiv>
                    <Unicode>Falk, schuld, das ist Max Land sagte Stelle.</Unicode>
                </TextEquiv>
            </TextLine>
        </TextRegion>
        <TextRegion id="tr_2" custom="readingOrder {index:1;}">
            <Coords points="3706,558 7030,558 7030,4426 3706,4426"/>
            <TextLine id="tr_2_tl_1" custom="readingOrder {index:0;}">
                <Coords points="3715,832 4204,735 4488,882 5432,702 5930,790 6076,681 6627,648 6636,460 5850,380 5503,514 5069,464 4237,593 3732,460"/>
                <Baseline points="3742,752 3772,752 3861,758 3951,752 4040,752 4130,746 4219,740 4309,740 4398,734 4488,728 4577,728 4667,716 4756,716 4846,716 4936,704 5025,704 5115,704 5204,698 5294,692 5383,686 5473,680 5562,686 5652,680 5741,680 5831,674 5920,674 6010,668 6099,662 6189,656 6278,650 6368,644 6457,638 6547,626 6637,608"/>
                <TextEquiv>
                    <Unicode>Persönlich kann ich ihn nicht, nur vom Sichen aus.“</Unicode>
                </TextEquiv>
            </TextLine>
            <TextLine id="tr_2_tl_2" custom="readingOrder {index:1;}">
                <Coords points="6381,748 6477,731 6502,761 6519,744 6586,752 6640,727 6761,744 6799,568 6749,539 6552,644 6448,669 6402,652"/>
                <Baseline points="6410,746 6428,734 6517,710 6607,686 6696,674 6786,668"/>
                <TextEquiv>
                    <Unicode>schaft</Unicode>
                </TextEquiv>
            </TextLine>
            <TextLine id="tr_2_tl_3" custom="readingOrder {index:2;}">
                <Coords points="3698,986 5742,865 6088,944 6891,815 6899,648 6719,744 5328,710 4526,869 4187,740 3707,836"/>
                <Baseline points="3724,937 3772,937 3861,931 3951,931 4040,925 4130,919 4219,913 4309,907 4398,907 4488,901 4577,895 4667,889 4756,889 4846,889 4936,883 5025,883 5115,871 5204,865 5294,865 5383,859 5473,859 5562,859 5652,853 5741,853 5831,853 5920,847 6010,835 6099,829 6189,817 6278,811 6368,799 6457,799 6547,793 6637,793 6726,787 6816,781 6905,775"/>
                <TextEquiv>
                    <Unicode>Land war ein etwa vierzehnjähriger Bursch, eine welke</Unicode>
                </TextEquiv>
            </TextLine>
            <TextLine id="tr_2_tl_4" custom="readingOrder {index:3;}">
                <Coords points="3690,1145 5361,1145 5508,1049 5825,1132 6816,999 6820,873 3698,990"/>
                <Baseline points="3718,1116 3784,1110 3873,1104 3963,1098 4052,1092 4142,1086 4231,1086 4321,1074 4410,1068 4500,1062 4589,1062 4679,1062 4768,1062 4858,1062 4947,1056 5037,1056 5126,1050 5216,1044 5306,1038 5395,1038 5485,1032 5574,1026 5664,1026 5753,1020 5843,1014 5932,1008 6022,1002 6111,996 6201,996 6290,990 6380,990 6469,984 6559,978 6648,972 6738,966 6828,954"/>
                <TextEquiv>
                    <Unicode>in knopfloch und eine wuaderschrei Cragale. Der Aus¬</Unicode>
                </TextEquiv>
            </TextLine>
            <TextLine id="tr_2_tl_5" custom="readingOrder {index:4;}">
                <Coords points="3681,1295 6126,1191 6251,1270 6862,1162 6866,1078 6561,990 5825,1132 5508,1049 5307,1153 3686,1145"/>
                <Baseline points="3706,1295 3736,1295 3825,1283 3915,1283 4004,1271 4094,1259 4183,1253 4273,1241 4363,1235 4452,1235 4542,1235 4631,1241 4721,1241 4810,1241 4900,1235 4989,1229 5079,1229 5168,1223 5258,1217 5347,1211 5437,1205 5526,1205 5616,1199 5705,1199 5795,1193 5885,1187 5974,1187 6064,1175 6153,1169 6243,1163 6332,1163 6422,1151 6511,1151 6601,1145 6690,1145 6780,1139 6869,1145"/>
                <TextEquiv>
                    <Unicode>Druck seines Gesichtes war leer und geistlos.-</Unicode>
                </TextEquiv>
            </TextLine>
            <TextLine id="tr_2_tl_6" custom="readingOrder {index:5;}">
                <Coords points="3677,1488 6820,1400 6974,1362 6983,1195 5696,1208 5269,1325 4918,1237 3999,1412 3690,1304"/>
                <Baseline points="3706,1450 3766,1456 3855,1456 3945,1450 4034,1444 4124,1444 4213,1438 4303,1432 4392,1426 4482,1420 4571,1414 4661,1414 4750,1408 4840,1408 4930,1402 5019,1396 5109,1396 5198,1390 5288,1384 5377,1378 5467,1378 5556,1372 5646,1372 5735,1360 5825,1360 5914,1354 6004,1348 6093,1342 6183,1330 6272,1325 6362,1319 6452,1313 6541,1313 6631,1301 6720,1295 6810,1289 6899,1289 6989,1295"/>
                <TextEquiv>
                    <Unicode>Alle sahen jetzt auf die Gruppe, zu der jetzte auch Titsch</Unicode>
                </TextEquiv>
            </TextLine>
            <TextLine id="tr_2_tl_7" custom="readingOrder {index:6;}">
                <Coords points="3815,1433 4024,1362 4095,1383 4137,1358 4179,1396 4241,1396 4375,1329 4421,1346 4584,1312 4588,1249 4484,1279 4342,1262 4229,1304 4145,1254 4062,1316 3991,1287 3824,1295"/>
                <Baseline points="3843,1348 3879,1348 3969,1348 4058,1342 4148,1336 4237,1330 4327,1325 4416,1313 4506,1307 4595,1313"/>
                <TextEquiv>
                    <Unicode>Anson, 5 Freunde,</Unicode>
                </TextEquiv>
            </TextLine>
            <TextLine id="tr_2_tl_8" custom="readingOrder {index:7;}">
                <Coords points="3753,1663 6749,1550 6870,1404 5604,1396 4839,1454 4718,1554 3765,1471"/>
                <Baseline points="3778,1623 3837,1629 3927,1617 4016,1611 4106,1605 4195,1605 4285,1599 4374,1599 4464,1593 4554,1587 4643,1581 4733,1581 4822,1575 4912,1575 5001,1575 5091,1569 5180,1557 5270,1557 5359,1551 5449,1551 5538,1545 5628,1539 5717,1539 5807,1533 5896,1521 5986,1521 6075,1516 6165,1510 6255,1510 6344,1504 6434,1492 6523,1492 6613,1486 6702,1480 6792,1468 6881,1462"/>
                <TextEquiv>
                    <Unicode>Weichmann trat. Sie reichte Franz und dann dem</Unicode>
                </TextEquiv>
            </TextLine>
            <TextLine id="tr_2_tl_9" custom="readingOrder {index:8;}">
                <Coords points="3727,1872 5311,1834 5691,1717 6151,1809 6465,1680 6974,1705 6983,1559 6205,1542 5612,1684 5403,1571 4948,1672 4488,1605 3732,1759"/>
                <Baseline points="3754,1832 3766,1826 3855,1808 3945,1802 4034,1790 4124,1778 4213,1778 4303,1766 4392,1766 4482,1754 4571,1754 4661,1748 4750,1748 4840,1748 4930,1748 5019,1748 5109,1742 5198,1736 5288,1730 5377,1718 5467,1718 5556,1712 5646,1707 5735,1707 5825,1701 5914,1701 6004,1695 6093,1689 6183,1677 6272,1677 6362,1671 6452,1659 6541,1659 6631,1653 6720,1647 6810,1641 6899,1641 6989,1647"/>
                <TextEquiv>
                    <Unicode>jungen Kranzlein die Hand welcher ein paar</Unicode>
                </TextEquiv>
            </TextLine>
            <TextLine id="tr_2_tl_10" custom="readingOrder {index:9;}">
                <Coords points="3723,2006 6251,1956 7020,1880 7029,1717 3727,1876"/>
                <Baseline points="3748,1981 3807,1969 3897,1969 3986,1957 4076,1951 4166,1945 4255,1939 4345,1939 4434,1939 4524,1933 4613,1933 4703,1927 4792,1927 4882,1927 4971,1927 5061,1927 5150,1921 5240,1909 5329,1898 5419,1898 5508,1892 5598,1886 5688,1880 5777,1880 5867,1874 5956,1874 6046,1868 6135,1862 6225,1856 6314,1844 6404,1838 6493,1832 6583,1838 6672,1832 6762,1826 6851,1826 6941,1832 7030,1838"/>
                <TextEquiv>
                    <Unicode>Schritte wie zufällig abheits trat um dortweile.</Unicode>
                </TextEquiv>
            </TextLine>
            <TextLine id="tr_2_tl_11" custom="readingOrder {index:10;}">
                <Coords points="3715,2190 6197,2052 6699,2144 6991,2014 6999,1893 3723,2018"/>
                <Baseline points="3742,2160 3784,2160 3873,2154 3963,2154 4052,2142 4142,2136 4231,2130 4321,2130 4410,2124 4500,2118 4589,2118 4679,2112 4768,2112 4858,2106 4947,2100 5037,2100 5126,2094 5216,2088 5306,2077 5395,2077 5485,2065 5574,2065 5664,2059 5753,2059 5843,2053 5932,2053 6022,2047 6111,2041 6201,2035 6290,2029 6380,2023 6469,2023 6559,2011 6648,2005 6738,2005 6828,1999 6917,1993 7007,1999"/>
                <TextEquiv>
                    <Unicode>mit ist conservirte. Sonnung hatte mit einem flüchtig¬</Unicode>
                </TextEquiv>
            </TextLine>
            <TextLine id="tr_2_tl_12" custom="readingOrder {index:11;}">
                <Coords points="3719,2357 5662,2252 5884,2344 7008,2227 7016,2056 3727,2202"/>
                <Baseline points="3748,2321 3801,2321 3891,2315 3981,2321 4070,2315 4160,2309 4249,2303 4339,2297 4428,2291 4518,2291 4607,2285 4697,2285 4786,2279 4876,2279 4965,2274 5055,2268 5144,2262 5234,2256 5323,2250 5413,2250 5503,2244 5592,2238 5682,2232 5771,2232 5861,2232 5950,2226 6040,2220 6129,2214 6219,2208 6308,2202 6398,2196 6487,2190 6577,2184 6666,2184 6756,2178 6845,2172 6935,2172 7024,2166"/>
                <TextEquiv>
                    <Unicode>blick Arthur bemerkt und lächelte und wandt</Unicode>
                </TextEquiv>
            </TextLine>
            <TextLine id="tr_2_tl_13" custom="readingOrder {index:12;}">
                <Coords points="3719,2562 6439,2449 6962,2374 6970,2206 3727,2411"/>
                <Baseline points="3748,2506 3837,2506 3927,2494 4016,2488 4106,2488 4195,2482 4285,2476 4374,2470 4464,2465 4554,2465 4643,2459 4733,2453 4822,2453 4912,2447 5001,2441 5091,2435 5180,2429 5270,2423 5359,2423 5449,2417 5538,2417 5628,2411 5717,2411 5807,2411 5896,2393 5986,2393 6075,2387 6165,2381 6255,2381 6344,2381 6434,2369 6523,2369 6613,2363 6702,2357 6792,2345 6881,2339 6971,2339"/>
                <TextEquiv>
                    <Unicode>sich wieder um. Sie sprach mit Land</Unicode>
                </TextEquiv>
            </TextLine>
            <TextLine id="tr_2_tl_14" custom="readingOrder {index:13;}">
                <Coords points="3723,2712 5086,2758 5399,2612 6373,2562 6627,2654 6983,2541 6991,2407 3732,2557"/>
                <Baseline points="3748,2673 3772,2673 3861,2667 3951,2661 4040,2656 4130,2656 4219,2650 4309,2644 4398,2638 4488,2632 4577,2632 4667,2626 4756,2620 4846,2620 4936,2614 5025,2614 5115,2608 5204,2602 5294,2596 5383,2596 5473,2590 5562,2584 5652,2584 5741,2572 5831,2572 5920,2566 6010,2560 6099,2554 6189,2548 6278,2542 6368,2536 6457,2530 6547,2530 6637,2524 6726,2518 6816,2518 6905,2506 6995,2506"/>
                <TextEquiv>
                    <Unicode>der so geistreich nächelte, als es ihm nur möglich</Unicode>
                </TextEquiv>
            </TextLine>
            <TextLine id="tr_2_tl_15" custom="readingOrder {index:14;}">
                <Coords points="3719,2871 6097,2762 6281,2842 6435,2737 6874,2762 6970,2545 6632,2654 6176,2566 5645,2687 5374,2620 5094,2750 4287,2662 4062,2787 3723,2762"/>
                <Baseline points="3742,2847 3754,2847 3843,2841 3933,2835 4022,2829 4112,2829 4201,2823 4291,2817 4380,2811 4470,2805 4559,2799 4649,2799 4739,2793 4828,2793 4918,2787 5007,2781 5097,2775 5186,2769 5276,2769 5365,2763 5455,2763 5544,2757 5634,2751 5723,2745 5813,2739 5902,2733 5992,2727 6081,2727 6171,2721 6261,2715 6350,2709 6440,2709 6529,2703 6619,2703 6708,2697 6798,2697 6887,2685 6977,2679"/>
                <TextEquiv>
                    <Unicode>war. Faup schien von seinen Reden nicht sehr</Unicode>
                </TextEquiv>
            </TextLine>
            <TextLine id="tr_2_tl_16" custom="readingOrder {index:15;}">
                <Coords points="3727,3038 4542,3076 4797,2979 4935,3071 6197,2921 6711,3025 7016,2929 7024,2720 6276,2842 4751,2816 4484,2946 4296,2837 3736,2867"/>
                <Baseline points="3754,3014 3801,3014 3891,3014 3981,3008 4070,3002 4160,2996 4249,2996 4339,2984 4428,2978 4518,2978 4607,2978 4697,2972 4786,2966 4876,2960 4965,2960 5055,2954 5144,2948 5234,2948 5323,2948 5413,2942 5503,2936 5592,2930 5682,2924 5771,2918 5861,2918 5950,2912 6040,2912 6129,2906 6219,2900 6308,2894 6398,2894 6487,2888 6577,2888 6666,2876 6756,2864 6845,2864 6935,2864 7024,2864"/>
                <TextEquiv>
                    <Unicode>erbaut; die sie machte ein sehr gelangweiltes Gesicht</Unicode>
                </TextEquiv>
            </TextLine>
            <TextLine id="tr_2_tl_17" custom="readingOrder {index:16;}">
                <Coords points="3761,3251 4208,3180 4647,3280 4860,3159 5420,3247 6105,3101 6498,3197 7012,3084 7020,2929 3769,3109"/>
                <Baseline points="3790,3199 3801,3199 3891,3193 3981,3193 4070,3193 4160,3181 4249,3175 4339,3175 4428,3169 4518,3163 4607,3157 4697,3151 4786,3145 4876,3139 4965,3139 5055,3139 5144,3139 5234,3133 5323,3127 5413,3121 5503,3115 5592,3109 5682,3103 5771,3097 5861,3097 5950,3091 6040,3085 6129,3085 6219,3073 6308,3073 6398,3067 6487,3055 6577,3055 6666,3055 6756,3049 6845,3049 6935,3043 7024,3055"/>
                <TextEquiv>
                    <Unicode>klößlich aber heiterten sich ihre sügi auf; xxx das</Unicode>
                </TextEquiv>
            </TextLine>
            <TextLine id="tr_2_tl_18" custom="readingOrder {index:17;}">
                <Coords points="3757,3402 4471,3360 4689,3460 4852,3347 6924,3284 6987,3096 6648,3201 6105,3101 5449,3247 4902,3159 4647,3280 3765,3255"/>
                <Baseline points="3784,3360 3861,3360 3951,3360 4040,3360 4130,3354 4219,3354 4309,3348 4398,3348 4488,3348 4577,3342 4667,3336 4756,3324 4846,3324 4936,3324 5025,3318 5115,3318 5204,3318 5294,3312 5383,3306 5473,3300 5562,3294 5652,3288 5741,3276 5831,3276 5920,3270 6010,3264 6099,3258 6189,3258 6278,3252 6368,3246 6457,3240 6547,3240 6637,3234 6726,3234 6816,3228 6905,3228 6995,3228"/>
                <TextEquiv>
                    <Unicode>Mulchen machte ein paar Schritt vorwärts,</Unicode>
                </TextEquiv>
            </TextLine>
            <TextLine id="tr_2_tl_19" custom="readingOrder {index:18;}">
                <Coords points="3740,3594 4417,3636 4902,3514 5090,3623 5269,3510 5424,3602 5696,3473 6924,3456 6928,3351 5917,3289 4053,3489 3748,3402"/>
                <Baseline points="3766,3551 3801,3545 3891,3545 3981,3539 4070,3539 4160,3539 4249,3533 4339,3533 4428,3527 4518,3521 4607,3515 4697,3515 4786,3509 4876,3509 4965,3497 5055,3491 5144,3491 5234,3485 5323,3479 5413,3473 5503,3467 5592,3461 5682,3461 5771,3455 5861,3449 5950,3443 6040,3437 6129,3437 6219,3431 6308,3419 6398,3414 6487,3408 6577,3408 6666,3414 6756,3408 6845,3402 6935,3402"/>
                <TextEquiv>
                    <Unicode>um einem jungen schwarz gekleideten Mann</Unicode>
                </TextEquiv>
            </TextLine>
            <TextLine id="tr_2_tl_20" custom="readingOrder {index:19;}">
                <Coords points="3761,3744 6172,3694 6891,3619 6899,3485 5696,3473 5094,3627 4634,3531 4338,3656 3769,3573"/>
                <Baseline points="3784,3724 3861,3724 3951,3724 4040,3718 4130,3712 4219,3712 4309,3706 4398,3706 4488,3700 4577,3694 4667,3688 4756,3688 4846,3682 4936,3676 5025,3670 5115,3664 5204,3658 5294,3652 5383,3646 5473,3634 5562,3640 5652,3634 5741,3628 5831,3628 5920,3622 6010,3622 6099,3616 6189,3616 6278,3605 6368,3605 6457,3599 6547,3599 6637,3599 6726,3599 6816,3587 6905,3587"/>
                <TextEquiv>
                    <Unicode>mit einem sehr genialen Rembrandt. Gute die</Unicode>
                </TextEquiv>
            </TextLine>
            <TextLine id="tr_2_tl_21" custom="readingOrder {index:20;}">
                <Coords points="3761,3978 4392,3886 4613,3982 5261,3836 5905,3949 6306,3786 7004,3782 7008,3669 5620,3656 4601,3811 3773,3736"/>
                <Baseline points="3790,3903 3879,3897 3969,3897 4058,3891 4148,3891 4237,3885 4327,3879 4416,3873 4506,3873 4595,3867 4685,3861 4774,3855 4864,3849 4953,3843 5043,3837 5132,3837 5222,3831 5312,3825 5401,3819 5491,3825 5580,3819 5670,3807 5759,3807 5849,3801 5938,3801 6028,3801 6117,3796 6207,3790 6296,3784 6386,3772 6475,3772 6565,3766 6654,3766 6744,3766 6834,3760 6923,3754 7013,3754"/>
                <TextEquiv>
                    <Unicode>Hand zu reichen. Dieser Zünglig schüngenen</Unicode>
                </TextEquiv>
            </TextLine>
            <TextLine id="tr_2_tl_22" custom="readingOrder {index:21;}">
                <Coords points="3765,4074 4810,4137 6017,3974 6272,4053 6828,3978 6899,3849 6302,3790 3769,3987"/>
                <Baseline points="3790,4058 3861,4058 3951,4058 4040,4052 4130,4052 4219,4052 4309,4040 4398,4040 4488,4040 4577,4034 4667,4022 4756,4022 4846,4016 4936,4010 5025,4010 5115,4004 5204,3998 5294,3998 5383,3992 5473,3986 5562,3981 5652,3975 5741,3969 5831,3963 5920,3963 6010,3963 6099,3951 6189,3945 6278,3939 6368,3939 6457,3933 6547,3933 6637,3927 6726,3927 6816,3921 6905,3921"/>
                <TextEquiv>
                    <Unicode>vornehm aus, selbst sein Gesicht und seiniger</Unicode>
                </TextEquiv>
            </TextLine>
            <TextLine id="tr_2_tl_23" custom="readingOrder {index:22;}">
                <Coords points="3811,4358 4601,4216 5056,4304 5307,4183 6753,4225 7004,4158 7016,3961 6272,4053 6151,3970 5712,4129 5474,3999 4672,4158 4480,4053 3824,4095"/>
                <Baseline points="3843,4231 3885,4231 3975,4231 4064,4231 4154,4231 4243,4225 4333,4219 4422,4213 4512,4213 4601,4207 4691,4207 4780,4201 4870,4201 4959,4195 5049,4189 5138,4189 5228,4183 5317,4177 5407,4172 5497,4172 5586,4166 5676,4160 5765,4154 5855,4142 5944,4136 6034,4136 6123,4136 6213,4124 6302,4124 6392,4118 6481,4112 6571,4112 6660,4112 6750,4106 6839,4094 6929,4082 7019,4088"/>
                <TextEquiv>
                    <Unicode>Gestalt war sehr edel, und auch noch</Unicode>
                </TextEquiv>
            </TextLine>
            <TextLine id="tr_2_tl_24" custom="readingOrder {index:23;}">
                <Coords points="3828,4471 4404,4555 4826,4396 5650,4501 5788,4413 6782,4417 6816,4229 6322,4145 5512,4200 5332,4308 4872,4208 3832,4354"/>
                <Baseline points="3855,4416 3873,4416 3963,4416 4052,4416 4142,4416 4231,4410 4321,4404 4410,4398 4500,4398 4589,4392 4679,4380 4768,4380 4858,4380 4947,4374 5037,4363 5126,4363 5216,4368 5306,4357 5395,4357 5485,4345 5574,4345 5664,4345 5753,4339 5843,4333 5932,4327 6022,4321 6111,4315 6201,4309 6290,4303 6380,4303 6469,4291 6559,4291 6648,4297 6738,4291 6828,4291"/>
                <TextEquiv>
                    <Unicode>er sprach nur ganz kurze Zeit mit Faup¬</Unicode>
                </TextEquiv>
            </TextLine>
        </TextRegion>
    </Page>
</PcGts>
