7576 4792
472 266 1183 630 zuziehen:
459 570 3756 793 Was thust du denn über Mann“ rief Frau frem
476 750 3794 1008 und fluchtete schnell auf dem dunkeln Mann
587 965 1282 1102 Heuer.
549 1080 3756 1342 die Lange hab ich aus gelöscht, wie du siehst“ war
514 1231 3692 1441 die murrische Antwort. Das war heute ein
532 1398 3722 1668 verfluchter Tag" fuhr Fleck fort. "Nicht
467 1582 3679 1882 einmal in den Schlafrock bin ich gekommen.
459 1745 3842 2041 Und jetzt brennen wieder die Handfälgeben ist
459 1917 1200 2148 an.. Of
1586 1917 1977 2212 of
2049 1917 3867 2230 Dauerweiter noch einmal,
472 2092 2247 2337 Aben - lieber Mann
532 2281 3794 2585 Dauerwetter noch einmal, sag’ ich, daß mich
424 2452 1170 2671 in Ruh!“
476 2620 3859 2838 Und da standen die beiden in Fistern, die eine
459 2808 3764 3040 rief "Lieber Man, lieber Mann", der andre
454 2993 1016 3237 Fluchte
514 3156 3653 3434 Ja, ja, das ist der süße, sichte Ehestand!
476 3319 3773 3606 Was that just vermamt indel, der Verfechter des
420 3499 1865 3824 Zunppesellenthums?
1835 3687 3130 3902 Mais elle s'entraîne avec la
545 3880 3760 4167 Arthur Folke schlief inzwischen froh
493 4060 3734 4386 und sich wohle sehr gut und besaglich, sein
4073 214 7422 587 Vater hatte beschlossen ihn erst auf frische
4052 433 7314 707 That zu ertuygen, um gefahrtes Läu zum un¬
4017 630 5539 913 möglich zu machen.
4009 823 7422 1106 Arthur Träume schwiften zu Franz, erträumte
4206 973 4562 1110 -dass
4035 999 6294 1248 wie er sie küsste, kusste...
4005 1068 7349 1432 Aber das träumte er immer, jede Nachklag
4005 1316 7349 1604 er an ihren tippen.... im Traum!
6723 1462 7327 1608 Krärtige.
3992 1496 7297 1745 Und wodenn nicht geschehen, daß seine Präume
3987 1672 7310 1981 manchmal dirch aus nicht für moralisch
3992 1822 7357 2101 Erzässungen gepraffen schienen, - nein durchaus
4013 1994 7027 2260 nicht! Aber was thut das zur Sache?
4035 2247 7409 2504 Das war freilich nicht sehr moralisch. aber war
3962 2371 6860 2675 reiss, ob es ihr nicht ebenso ging?
4065 2542 7370 2847 Ihr, die jetzt eingeschlummert war bei der
4017 2705 7447 2967 mattflackernden Lange, das Gesicht ins Taschen
5239 2877 6491 3036 und aufsträumte xxx
3975 2881 7426 3198 Auch verpraten, doch was Tag I da neben ihr
3944 3087 5042 3374 für Blatt?
4005 3233 7435 3507 Ah, es ist das Jagetuch blatt Josef krausenis
4883 3417 5784 3571 im Weppel
4103 3413 7460 3739 daß er verloren hatte und das Fenz gelesen
6298 3589 7310 3812 mit eigenthätzen
4112 3606 7267 3927 hatte, nach etwas sie durch jene Thürspalt gelonicht
4022 3807 4991 4065 den 27. Jänner 1889
4082 3880 7426 4275 Heute war wieder einmal eine lustige Felici¬
