7656 4792
454 323 3686 702 muß ich gehen nach Haus, ich bin so wie so schon
122 462 384 746 Ich
484 541 3756 846 geblieben zu lang. Es muß schon sein gewiss
161 694 388 864 [in
484 772 1208 960 acht Uhr.
170 855 362 982 / w/
519 907 3651 1187 Punkt ¾ 9 sagte der vierzehjährige Junge.
100 920 393 1208 8
489 1012 3739 1413 Gott über die Welt" schön die alte keiles.
611 1200 3734 1566 3/9 auf 9!  Wie einem doch vergeht schnell
537 1392 3756 1736 die Zeit in so angenehmer Gesellschaft.
541 1584 2801 1906 Also ich empfehl mich bestens
441 1732 3817 2050 „Frau keiles, sag ich“ rief Madame Rock, indem
441 1928 3813 2194 sie die Freunde auf den Stuhl niederdruckte,
515 2063 3765 2443 "Frau Keiles" ich schwör Ihnen; Sie bleiben
157 1706 397 2378 8
489 2321 1732 2604 da zum Hauper.
550 2369 3678 2683 Aber, liebe Frau Flock, ich kann doch nicht
571 2648 3739 2914 bleiben da zum Sonner, wenn ich erst bin
515 2783 3800 3137 dageblieben zum Gouper oder vier Tagen¬
506 2962 3651 3294 "Frau Keiles, ich schwer Ihnen, Sie bleiben da¬
628 3150 3883 3455 Liebe Madame Flock, sehe Sie, wenn Sowollen,
532 3324 3835 3573 bleib ich da, bis zu Haus komt Ihr werter Herr
515 3494 3813 3843 Gemahl, aber ich schwier Ihnen, länger blick ich nicht
497 3712 3795 3957 da um alles in der Welt, damit ich nicht aus¬
519 3852 3760 4232 schau wie als ob ich wollt’ schmarotzen.
554 4044 3800 4384 „Frau keiles, wenn Sie nicht dableiten zum
5580 83 5763 345 59
4620 148 5021 423 bin ich
4022 209 7416 580 sonper beleidigt und mein Mann und die Zaunge
4022 454 7473 759 meine Tochter. Fany, nicht wahr, du bistelendigt,
4009 624 5772 929 Fonch, wo bist Du denn?
4031 781 7442 1086 Hier, mama rief taug ous einer schaltigen
4027 1025 7482 1278 Wusterei sch hervor, wohin sie sich mit dem jungen
4044 1126 7015 1453 Josef Kränz lein zurückgezogen hatte!
5671 1322 5942 1457 auch
3957 1313 6989 1614 „Nicht wahr, du bist belei digt, Taug?
4027 1514 5737 1762 Woräber denn, Maria?
4009 1653 7521 1963 No, warum hast du nicht zu gehört?. Die Frau Riele
3983 1845 7429 2142 will nicht dableiben zum Souper, und da frag ich dich,
3996 2020 6221 2330 Fanny, ob du bist nicht belnigt.
4018 2186 7360 2443 „Ja, ich bin sehr beleidigt, Frau koches“ sagte Fanny
4005 2351 7486 2674 nicht ohne ein leises Lächeln, indem Sie zugleich ihr
4048 2543 7477 2879 blick den Josefs traf, und beide ein wenig roth
4040 2761 4528 2984 wurden
4136 2884 7495 3211 Frau Stock enthistoß sich endlich Frau keines „ so
4040 3062 7490 3337 wahr Gott lebt, Sie haben mich gezwungen
4031 3263 7521 3534 Madame Flöck hatte doch nicht gehofft, daß sich
4044 3451 7486 3682 Die Freundin so schnell erweichen rassen wurde,
4048 3656 7416 3909 und machte jetzt ein etwas argarhifes Gr
4035 3760 7464 4096 sicht Nichts destowenions kamen die beiden
4088 3948 7421 4367 Frauen Schnell wieder in ein Gespräch.
