7288 4984
1439 513 3091 947 Zweites Kapitel.
229 1910 1489 2257 21/8
363 2015 2978 2378 " Ah. Falke! Auf Sin̄ig. "Endlich wieder da!
300 2219 2540 2503 " Servus, Sinnig erwiderte Arthur.
330 2361 3642 2707 „Wie kannst du denn heute her? So viel ich weiß, ist heute den
334 2595 1527 2887 Vater nicht im Club.
463 2741 3571 3062 Theurer Sinnig, es kommt mir auch nicht richtig vor. Er
355 2899 3550 3220 war heute so eigenthümlich freundlich, als er sagt.
334 3049 3533 3408 Na, du kannst heute in den Volksgarten gehen - es kommt
330 3283 2645 3596 mir, wie gesagt, nicht richtig vor.
375 3408 3616 3675 Servus, Salke sagte Steile, der eben mit Glub
325 3608 2824 3942 herangekommen war, „was machst du der“
313 3762 3646 4063 „Nun, ist das was so merkwürdiges, wenn ich da
317 3959 2728 4267 bin? - A propos, ist die Frau da?
488 4042 3696 4463 Sie kommt seit ein paar tagen nicht! war die Antwer
355 4313 3646 4663 Talke sah Sienig besorgt an. Das ist doch merkwürd
3729 405 6349 851 sagte er leise. Sie in schüttelt den Kopf
3696 538 6995 955 Wenn mich nicht alles täuscht' riefer aber gleich darauf.
3700 905 4968 1185 so kommt sie dr?!“
3746 989 6995 1389 Ohne ein Wort zu erwidern, aber mit sehr froher
3725 1155 6903 1535 miene, ging Urthur seiner Häden entgegen
3696 1377 6878 1694 und reichte ihr, die mit dem kleinen Fritz er¬
3800 1564 5418 1877 schienen war, die Hand.
3775 1710 6666 2023 „Nun, was sagst du dazu?“ Eragte sie
3900 1944 4997 2198 Mozu, 2 F aus?
3733 2027 6628 2398 „ daß die Geschichte herausgekommen ist.
3721 2186 6983 2565 Urther machte erschrocken, einen Schritt
3737 2403 5936 2711 zurück: Herausgekommen.
3754 2590 6941 2899 „Du weißt nicht? Ich habe von einem Papa
3742 2736 7029 3049 schog ein énormes Spektakel bekommen¬
3733 2895 7091 3316 "Ah nun versteh" ich, warum mein Vater mich
3821 3070 7129 3483 heute wieder in den Volksgarten gehen ließ.
3733 3249 7091 3642 um mich zu überfahren auf Urtheaus.)
3842 3466 7108 3829 Ich war auch sehr erstaunt, daß man mir
3775 3687 5331 3933 erlaubte, sagte Fau,
3821 3696 7095 4109 Wir müssen unbedingt für heute scheiden
3821 3904 7008 4292 meinte Arthur Fau, leb wohl — wo sch' ich dich
3821 4117 6724 4422 wieder? und wann? Ich bitte doch, schnell
