<?xml version="1.0" encoding="UTF-8" standalone="yes"?>
<PcGts xmlns="http://schema.primaresearch.org/PAGE/gts/pagecontent/2013-07-15" xmlns:xsi="http://www.w3.org/2001/XMLSchema-instance" xsi:schemaLocation="http://schema.primaresearch.org/PAGE/gts/pagecontent/2013-07-15 http://schema.primaresearch.org/PAGE/gts/pagecontent/2013-07-15/pagecontent.xsd">
    <Metadata>
        <Creator>prov=READ-COOP:name=TrHtr:version=2.1.0:model_id=51170:date=14_08_2023_23:19</Creator>
        <Created>2023-05-10T14:33:16.754+02:00</Created>
        <LastChange>2023-08-14T23:19:01.658+02:00</LastChange>
        <TranskribusMetadata docId="1428640" pageId="55421859" pageNr="86" tsid="132830481" status="IN_PROGRESS" userId="64420" imgUrl="https://files.transkribus.eu/Get?id=TTZMFECQKWWZGFPTTAAROOTW&amp;fileType=view" xmlUrl="https://files.transkribus.eu/Get?id=YSGACWEEMKLJNEODBBKSJQDR" imageId="44695940"/>
    </Metadata>
    <Page imageFilename="1428640_0086.jpg" imageWidth="7864" imageHeight="4824">
        <ReadingOrder>
            <OrderedGroup id="ro_1711818127601" caption="Regions reading order">
                <RegionRefIndexed index="0" regionRef="tr_1"/>
                <RegionRefIndexed index="1" regionRef="tr_2"/>
            </OrderedGroup>
        </ReadingOrder>
        <TextRegion id="tr_1" custom="readingOrder {index:0;}">
            <Coords points="250,391 4012,391 4012,4254 250,4254"/>
            <TextLine id="tr_1_tl_1" custom="readingOrder {index:0;}">
                <Coords points="675,565 1396,536 1637,641 1806,527 3945,523 3953,312 679,367"/>
                <Baseline points="698,531 734,537 823,531 913,537 1003,537 1092,537 1182,537 1271,537 1361,537 1450,531 1540,531 1629,531 1719,531 1809,525 1898,519 1988,519 2077,513 2167,513 2256,513 2346,507 2435,507 2525,495 2614,489 2704,495 2794,489 2883,483 2973,483 3062,477 3152,471 3241,471 3331,465 3420,459 3510,447 3600,447 3689,441 3779,441 3868,441 3958,447"/>
                <TextEquiv>
                    <Unicode>Laschen, einige kleine Lieder, die mir meine Leib¬</Unicode>
                </TextEquiv>
            </TextLine>
            <TextLine id="tr_1_tl_2" custom="readingOrder {index:1;}">
                <Coords points="629,835 1291,705 1515,827 1945,688 3687,705 3890,662 3898,485 637,595"/>
                <Baseline points="656,710 680,704 770,698 859,698 949,704 1038,698 1128,698 1217,704 1307,698 1397,698 1486,698 1576,698 1665,698 1755,698 1844,692 1934,686 2023,680 2113,680 2203,674 2292,674 2382,668 2471,668 2561,668 2650,668 2740,662 2829,656 2919,650 3009,650 3098,644 3188,638 3277,638 3367,632 3456,620 3546,614 3635,614 3725,608 3815,608 3904,614"/>
                <TextEquiv>
                    <Unicode>für sie eingegeben hat!“ Er schlug das Heft</Unicode>
                </TextEquiv>
            </TextLine>
            <TextLine id="tr_1_tl_3" custom="readingOrder {index:2;}">
                <Coords points="211,764 249,755 262,768 325,726 346,738 375,730 405,751 485,751 540,435 494,439 439,380 321,418 308,397 270,397"/>
                <Baseline points="250,662 340,644 429,626 519,620"/>
                <TextEquiv>
                    <Unicode>Ich</Unicode>
                </TextEquiv>
            </TextLine>
            <TextLine id="tr_1_tl_4" custom="readingOrder {index:3;}">
                <Coords points="616,983 1084,873 2417,983 3198,810 3687,920 3936,878 3945,700 3337,633 3113,764 2713,658 2249,785 1650,721 1519,827 1240,709 620,835"/>
                <Baseline points="644,871 728,871 817,865 907,865 997,865 1086,865 1176,871 1265,865 1355,865 1444,865 1534,865 1623,859 1713,859 1803,859 1892,853 1982,847 2071,841 2161,847 2250,835 2340,835 2429,835 2519,829 2609,829 2698,823 2788,823 2877,823 2967,823 3056,817 3146,811 3235,805 3325,800 3415,794 3504,794 3594,788 3683,782 3773,788 3862,794 3952,817"/>
                <TextEquiv>
                    <Unicode>auf. Dann bis er sich glötzlich auf die Leggen¬</Unicode>
                </TextEquiv>
            </TextLine>
            <TextLine id="tr_1_tl_5" custom="readingOrder {index:4;}">
                <Coords points="287,869 321,865 342,882 392,890 418,865 456,856 485,865 506,890 540,894 548,738 443,747 388,692 350,675 295,696"/>
                <Baseline points="316,805 376,805 465,800 555,794"/>
                <TextEquiv>
                    <Unicode>Yours</Unicode>
                </TextEquiv>
            </TextLine>
            <TextLine id="tr_1_tl_6" custom="readingOrder {index:5;}">
                <Coords points="270,1038 291,1042 342,1012 409,1038 468,996 523,1004 532,894 485,886 460,856 439,856 392,890 371,890 333,856 304,873 283,869"/>
                <Baseline points="298,979 358,973 447,967 537,961"/>
                <TextEquiv>
                    <Unicode>er</Unicode>
                </TextEquiv>
            </TextLine>
            <TextLine id="tr_1_tl_7" custom="readingOrder {index:6;}">
                <Coords points="633,1160 983,1050 1515,1126 1747,1042 1970,1135 2126,1034 2624,1118 2957,1008 3092,1097 3270,1042 3274,865 2852,941 2738,865 2333,987 1717,873 637,953"/>
                <Baseline points="662,1044 680,1050 770,1044 859,1044 949,1044 1038,1044 1128,1044 1217,1044 1307,1044 1397,1044 1486,1044 1576,1038 1665,1038 1755,1032 1844,1026 1934,1026 2023,1026 2113,1020 2203,1020 2292,1020 2382,1020 2471,1014 2561,1014 2650,1008 2740,1003 2829,997 2919,997 3009,997 3098,991 3188,985 3277,985"/>
                <TextEquiv>
                    <Unicode>"das ist wirklich Malheus" rief er aus.</Unicode>
                </TextEquiv>
            </TextLine>
            <TextLine id="tr_1_tl_8" custom="readingOrder {index:7;}">
                <Coords points="363,1245 384,1249 405,1232 468,1211 494,1185 498,1194 548,1190 570,1042 536,1042 515,1012 481,1017 447,1012 430,996 401,996"/>
                <Baseline points="400,1158 477,1146 567,1134"/>
                <TextEquiv>
                    <Unicode>Sr</Unicode>
                </TextEquiv>
            </TextLine>
            <TextLine id="tr_1_tl_9" custom="readingOrder {index:8;}">
                <Coords points="764,1266 2662,1190 2886,1245 3000,1211 3008,1025 2628,1118 2118,1038 1970,1135 1747,1046 1515,1131 768,1072"/>
                <Baseline points="788,1223 865,1223 955,1217 1044,1223 1134,1223 1223,1223 1313,1217 1403,1217 1492,1217 1582,1217 1671,1206 1761,1206 1850,1200 1940,1200 2029,1194 2119,1188 2209,1188 2298,1188 2388,1188 2477,1182 2567,1182 2656,1176 2746,1176 2835,1176 2925,1170 3015,1170"/>
                <TextEquiv>
                    <Unicode>Was denn? Herr Strohmüller?</Unicode>
                </TextEquiv>
            </TextLine>
            <TextLine id="tr_1_tl_10" custom="readingOrder {index:9;}">
                <Coords points="645,1489 3122,1358 3286,1451 3907,1350 3915,1152 3421,1274 2168,1198 650,1308"/>
                <Baseline points="668,1420 692,1420 782,1403 871,1403 961,1397 1050,1403 1140,1403 1229,1403 1319,1397 1408,1397 1498,1397 1588,1397 1677,1391 1767,1385 1856,1385 1946,1385 2035,1379 2125,1379 2214,1373 2304,1373 2394,1367 2483,1367 2573,1367 2662,1367 2752,1361 2841,1355 2931,1355 3020,1355 3110,1355 3200,1349 3289,1343 3379,1337 3468,1331 3558,1325 3647,1325 3737,1325 3826,1319 3916,1319"/>
                <TextEquiv>
                    <Unicode>Nun - daß es in diesem Zimmer gerade</Unicode>
                </TextEquiv>
            </TextLine>
            <TextLine id="tr_1_tl_11" custom="readingOrder {index:10;}">
                <Coords points="359,1561 392,1569 405,1557 439,1569 468,1548 472,1557 489,1548 510,1527 536,1531 565,1282 527,1282 498,1299 481,1282 430,1291 392,1278"/>
                <Baseline points="388,1516 459,1516 549,1498"/>
                <TextEquiv>
                    <Unicode>6</Unicode>
                </TextEquiv>
            </TextLine>
            <TextLine id="tr_1_tl_12" custom="readingOrder {index:11;}">
                <Coords points="705,1599 1443,1666 1915,1561 2367,1679 3004,1531 3822,1633 3919,1620 3923,1367 3151,1472 2586,1371 1725,1489 709,1434"/>
                <Baseline points="728,1582 794,1582 883,1576 973,1570 1062,1570 1152,1570 1241,1570 1331,1576 1420,1570 1510,1570 1600,1576 1689,1570 1779,1558 1868,1558 1958,1552 2047,1552 2137,1546 2226,1546 2316,1540 2406,1546 2495,1540 2585,1540 2674,1534 2764,1534 2853,1528 2943,1528 3032,1522 3122,1522 3212,1516 3301,1510 3391,1510 3480,1510 3570,1504 3659,1504 3749,1498 3838,1498 3928,1498"/>
                <TextEquiv>
                    <Unicode>Diekel ist, wenn ich Ihnen meine Gedichte</Unicode>
                </TextEquiv>
            </TextLine>
            <TextLine id="tr_1_tl_13" custom="readingOrder {index:12;}">
                <Coords points="367,1725 388,1725 422,1763 460,1747 485,1768 532,1768 553,1523 523,1519 481,1552 472,1557 468,1548 443,1565 380,1557"/>
                <Baseline points="394,1671 459,1671 549,1659"/>
                <TextEquiv>
                    <Unicode>Le</Unicode>
                </TextEquiv>
            </TextLine>
            <TextLine id="tr_1_tl_14" custom="readingOrder {index:13;}">
                <Coords points="721,1801 848,1759 966,1785 1105,1747 1257,1793 1367,1751 1510,1785 1599,1751 1725,1818 1839,1763 1844,1578 1776,1565 1603,1650 1489,1628 1434,1679 1080,1599 911,1671 726,1671"/>
                <Baseline points="746,1749 782,1749 871,1749 961,1743 1050,1743 1140,1743 1229,1743 1319,1743 1408,1743 1498,1737 1588,1737 1677,1731 1767,1731 1856,1725"/>
                <TextEquiv>
                    <Unicode>vorlesen will.</Unicode>
                </TextEquiv>
            </TextLine>
            <TextLine id="tr_1_tl_15" custom="readingOrder {index:14;}">
                <Coords points="726,1936 2995,1966 3877,1890 3881,1713 2974,1704 2502,1818 1932,1734 1692,1839 1367,1751 1029,1877 886,1755 730,1806"/>
                <Baseline points="752,1922 841,1916 931,1916 1020,1910 1110,1910 1200,1904 1289,1910 1379,1910 1468,1910 1558,1904 1647,1898 1737,1898 1826,1898 1916,1898 2006,1892 2095,1892 2185,1886 2274,1886 2364,1886 2453,1880 2543,1880 2632,1880 2722,1874 2812,1874 2901,1874 2991,1868 3080,1868 3170,1868 3259,1862 3349,1856 3438,1856 3528,1850 3618,1844 3707,1838 3797,1838 3886,1844"/>
                <TextEquiv>
                    <Unicode>Während sie sich bezwingen mußte, um nicht</Unicode>
                </TextEquiv>
            </TextLine>
            <TextLine id="tr_1_tl_16" custom="readingOrder {index:15;}">
                <Coords points="679,2114 1156,2097 1329,2206 2392,2063 3261,2147 3455,2033 3725,2109 3923,2038 3928,1915 3396,1865 2616,2000 2160,1903 1789,2012 1282,1920 932,2017 683,1928"/>
                <Baseline points="704,2095 794,2089 883,2083 973,2083 1062,2083 1152,2083 1241,2083 1331,2083 1420,2077 1510,2077 1600,2077 1689,2077 1779,2077 1868,2077 1958,2077 2047,2071 2137,2071 2226,2065 2316,2059 2406,2053 2495,2053 2585,2047 2674,2047 2764,2041 2853,2041 2943,2041 3032,2041 3122,2041 3212,2035 3301,2035 3391,2029 3480,2023 3570,2023 3659,2023 3749,2017 3838,2017 3928,2011"/>
                <TextEquiv>
                    <Unicode>laut aufzulachen, steckte er ärgerlich sein Heft</Unicode>
                </TextEquiv>
            </TextLine>
            <TextLine id="tr_1_tl_17" custom="readingOrder {index:16;}">
                <Coords points="591,2295 2797,2236 3392,2337 3881,2253 3885,2033 2856,2164 2493,2071 2156,2202 595,2164"/>
                <Baseline points="614,2268 662,2274 752,2274 841,2268 931,2268 1020,2262 1110,2262 1200,2262 1289,2256 1379,2256 1468,2256 1558,2256 1647,2256 1737,2250 1826,2250 1916,2250 2006,2244 2095,2244 2185,2238 2274,2238 2364,2238 2453,2238 2543,2232 2632,2232 2722,2232 2812,2232 2901,2226 2991,2226 3080,2220 3170,2220 3259,2214 3349,2209 3438,2203 3528,2203 3618,2203 3707,2197 3797,2197 3886,2203"/>
                <TextEquiv>
                    <Unicode>wieder ein: Mit einem Mal aber leuchtete</Unicode>
                </TextEquiv>
            </TextLine>
            <TextLine id="tr_1_tl_18" custom="readingOrder {index:17;}">
                <Coords points="346,2388 384,2400 422,2400 435,2388 456,2400 472,2392 485,2405 519,2405 544,2384 570,2388 578,2295 553,2287 532,2295 502,2278 443,2320 439,2312 426,2320 418,2312 384,2341 354,2329"/>
                <Baseline points="370,2388 400,2388 489,2370 579,2370"/>
                <TextEquiv>
                    <Unicode>an</Unicode>
                </TextEquiv>
            </TextLine>
            <TextLine id="tr_1_tl_19" custom="readingOrder {index:18;}">
                <Coords points="662,2523 3219,2468 3552,2405 3556,2316 1169,2270 662,2371"/>
                <Baseline points="686,2459 698,2453 788,2447 877,2447 967,2447 1056,2447 1146,2441 1235,2435 1325,2435 1414,2435 1504,2429 1594,2435 1683,2435 1773,2429 1862,2429 1952,2429 2041,2429 2131,2417 2220,2417 2310,2417 2400,2417 2489,2417 2579,2406 2668,2400 2758,2400 2847,2406 2937,2406 3026,2406 3116,2400 3206,2400 3295,2394 3385,2388 3474,2382 3564,2382"/>
                <TextEquiv>
                    <Unicode>rein Freudenstrahl aus seinen Augen.</Unicode>
                </TextEquiv>
            </TextLine>
            <TextLine id="tr_1_tl_20" custom="readingOrder {index:19;}">
                <Coords points="844,2675 3966,2645 3974,2443 848,2481"/>
                <Baseline points="865,2614 937,2614 1026,2614 1116,2620 1206,2620 1295,2614 1385,2614 1474,2614 1564,2620 1653,2614 1743,2614 1832,2609 1922,2603 2011,2597 2101,2597 2191,2591 2280,2585 2370,2591 2459,2585 2549,2579 2638,2579 2728,2585 2817,2579 2907,2573 2997,2573 3086,2573 3176,2573 3265,2573 3355,2567 3444,2567 3534,2567 3623,2561 3713,2561 3803,2561 3892,2561 3982,2573"/>
                <TextEquiv>
                    <Unicode>Ich habs gefunden, rief erplätzlich aus.</Unicode>
                </TextEquiv>
            </TextLine>
            <TextLine id="tr_1_tl_21" custom="readingOrder {index:20;}">
                <Coords points="759,2814 949,2852 1080,2818 1274,2886 1367,2822 1515,2886 1683,2827 1759,2898 1898,2793 1970,2805 1970,2683 1894,2654 1671,2759 1375,2679 1215,2772 759,2666"/>
                <Baseline points="782,2788 817,2794 907,2794 997,2794 1086,2794 1176,2800 1265,2794 1355,2800 1444,2794 1534,2800 1623,2794 1713,2794 1803,2782 1892,2776 1982,2776"/>
                <TextEquiv>
                    <Unicode>Min: fragte sie</Unicode>
                </TextEquiv>
            </TextLine>
            <TextLine id="tr_1_tl_22" custom="readingOrder {index:21;}">
                <Coords points="789,3092 2970,2940 3907,3038 3940,2784 793,2852"/>
                <Baseline points="817,2985 901,2979 991,2979 1080,2985 1170,2985 1259,2973 1349,2973 1438,2973 1528,2967 1617,2967 1707,2961 1797,2955 1886,2949 1976,2949 2065,2949 2155,2949 2244,2949 2334,2949 2423,2943 2513,2943 2603,2937 2692,2937 2782,2931 2871,2937 2961,2931 3050,2931 3140,2931 3229,2931 3319,2931 3409,2925 3498,2925 3588,2919 3677,2919 3767,2913 3856,2913 3946,2919"/>
                <TextEquiv>
                    <Unicode>Jah habe eine Kerze da, und etliche Zinshölz</Unicode>
                </TextEquiv>
            </TextLine>
            <TextLine id="tr_1_tl_23" custom="readingOrder {index:22;}">
                <Coords points="616,3219 2599,3122 2835,3236 3135,3109 3603,3194 3999,3143 3999,3004 2164,2957 2008,3059 1641,2970 1135,3130 620,3084"/>
                <Baseline points="638,3152 698,3152 788,3158 877,3152 967,3152 1056,3152 1146,3158 1235,3146 1325,3140 1414,3140 1504,3140 1594,3140 1683,3134 1773,3128 1862,3128 1952,3122 2041,3122 2131,3122 2220,3122 2310,3122 2400,3116 2489,3116 2579,3110 2668,3110 2758,3104 2847,3104 2937,3104 3026,3104 3116,3098 3206,3104 3295,3104 3385,3098 3474,3098 3564,3098 3653,3098 3743,3092 3832,3092 3922,3092 4012,3098"/>
                <TextEquiv>
                    <Unicode>eher. Mit diesen Worte zog er aus seiner</Unicode>
                </TextEquiv>
            </TextLine>
            <TextLine id="tr_1_tl_24" custom="readingOrder {index:23;}">
                <Coords points="709,3367 966,3451 1633,3324 2173,3447 2519,3299 3923,3350 4004,3151 3135,3105 2835,3236 2595,3122 2392,3215 1991,3135 1797,3248 713,3168"/>
                <Baseline points="734,3337 788,3337 877,3331 967,3331 1056,3331 1146,3325 1235,3325 1325,3319 1414,3313 1504,3319 1594,3313 1683,3313 1773,3313 1862,3307 1952,3307 2041,3301 2131,3301 2220,3301 2310,3295 2400,3295 2489,3295 2579,3289 2668,3289 2758,3289 2847,3289 2937,3283 3026,3283 3116,3277 3206,3283 3295,3277 3385,3277 3474,3277 3564,3271 3653,3271 3743,3271 3832,3277 3922,3277 4012,3283"/>
                <TextEquiv>
                    <Unicode>Tasche eine Wachskarze, und rieb ein Zündhölzchen</Unicode>
                </TextEquiv>
            </TextLine>
            <TextLine id="tr_1_tl_25" custom="readingOrder {index:24;}">
                <Coords points="658,3561 3911,3506 3911,3379 3603,3282 2211,3430 949,3451 662,3345"/>
                <Baseline points="680,3516 698,3516 788,3522 877,3516 967,3522 1056,3510 1146,3510 1235,3504 1325,3504 1414,3498 1504,3498 1594,3498 1683,3498 1773,3498 1862,3492 1952,3492 2041,3492 2131,3486 2220,3486 2310,3492 2400,3486 2489,3480 2579,3474 2668,3474 2758,3474 2847,3474 2937,3468 3026,3468 3116,3468 3206,3462 3295,3462 3385,3456 3474,3456 3564,3456 3653,3456 3743,3456 3832,3456 3922,3474"/>
                <TextEquiv>
                    <Unicode>an, indem er worauf er sogleich die Kerze</Unicode>
                </TextEquiv>
            </TextLine>
            <TextLine id="tr_1_tl_26" custom="readingOrder {index:25;}">
                <Coords points="717,3712 1017,3810 1903,3670 3054,3755 3497,3641 3810,3750 3982,3712 3987,3531 3274,3476 2848,3594 2535,3506 2223,3624 1544,3502 717,3628"/>
                <Baseline points="740,3689 764,3695 853,3695 943,3689 1032,3689 1122,3683 1211,3683 1301,3677 1391,3671 1480,3671 1570,3665 1659,3671 1749,3671 1838,3665 1928,3665 2017,3665 2107,3659 2197,3659 2286,3653 2376,3653 2465,3653 2555,3647 2644,3647 2734,3647 2823,3647 2913,3647 3003,3647 3092,3647 3182,3647 3271,3641 3361,3635 3450,3629 3540,3629 3629,3629 3719,3629 3809,3629 3898,3635 3988,3641"/>
                <TextEquiv>
                    <Unicode>anzündete. Dann und spielte ein selbstvergnügte</Unicode>
                </TextEquiv>
            </TextLine>
            <TextLine id="tr_1_tl_27" custom="readingOrder {index:26;}">
                <Coords points="738,3970 1000,3995 1160,3869 1704,3860 1886,3978 2396,3860 2400,3738 2025,3742 1945,3687 1776,3788 1557,3691 1375,3759 1156,3721 1017,3810 747,3721"/>
                <Baseline points="764,3862 794,3862 883,3862 973,3862 1062,3856 1152,3856 1241,3856 1331,3850 1420,3850 1510,3844 1600,3838 1689,3844 1779,3844 1868,3838 1958,3832 2047,3832 2137,3826 2226,3826 2316,3826 2406,3820"/>
                <TextEquiv>
                    <Unicode>Lächeln seine Lippen¬</Unicode>
                </TextEquiv>
            </TextLine>
            <TextLine id="tr_1_tl_28" custom="readingOrder {index:27;}">
                <Coords points="759,4105 2388,4020 3105,4105 3966,4012 3970,3810 3700,3894 2337,3839 1886,3978 1164,3869 983,4016 764,3970"/>
                <Baseline points="782,4083 835,4071 925,4053 1014,4047 1104,4041 1194,4035 1283,4035 1373,4035 1462,4035 1552,4029 1641,4029 1731,4029 1820,4029 1910,4023 2000,4018 2089,4018 2179,4018 2268,4018 2358,4018 2447,4012 2537,4006 2626,4006 2716,4006 2806,4006 2895,4006 2985,4000 3074,4000 3164,3994 3253,4000 3343,3994 3432,3988 3522,3988 3612,3982 3701,3976 3791,3976 3880,3976 3970,3976"/>
                <TextEquiv>
                    <Unicode>„Ich bin ein origineller Mensch“ sagte er dan</Unicode>
                </TextEquiv>
            </TextLine>
            <TextLine id="tr_1_tl_29" custom="readingOrder {index:28;}">
                <Coords points="899,4295 1552,4227 2042,4366 2308,4219 3088,4198 3835,4286 3835,4105 3599,4033 903,4109"/>
                <Baseline points="925,4244 979,4238 1068,4232 1158,4232 1247,4226 1337,4226 1426,4226 1516,4221 1606,4221 1695,4221 1785,4221 1874,4215 1964,4209 2053,4209 2143,4209 2232,4209 2322,4209 2412,4209 2501,4209 2591,4203 2680,4197 2770,4197 2859,4197 2949,4191 3038,4191 3128,4185 3217,4185 3307,4185 3397,4191 3486,4191 3576,4185 3665,4185 3755,4185 3844,4179"/>
                <TextEquiv>
                    <Unicode>Neben dem höchsten, schalte mirs, bin ich</Unicode>
                </TextEquiv>
            </TextLine>
        </TextRegion>
        <TextRegion id="tr_2" custom="readingOrder {index:1;}">
            <Coords points="4310,373 7713,373 7713,4248 4310,4248"/>
            <TextLine id="tr_2_tl_1" custom="readingOrder {index:0;}">
                <Coords points="4286,523 5957,586 6235,460 6885,548 7092,435 7628,456 7632,316 6062,253 4847,388 4577,295 4290,409"/>
                <Baseline points="4310,501 4322,501 4412,495 4501,495 4591,489 4680,489 4770,489 4859,489 4949,483 5038,483 5128,483 5218,477 5307,477 5397,477 5486,477 5576,471 5665,471 5755,471 5844,471 5934,465 6024,465 6113,459 6203,453 6292,453 6382,447 6471,453 6561,447 6650,447 6740,447 6830,447 6919,441 7009,435 7098,429 7188,423 7277,423 7367,423 7456,423 7546,423 7636,435"/>
                <TextEquiv>
                    <Unicode>doch immer so praktisch, diese notwendigin Dinge</Unicode>
                </TextEquiv>
            </TextLine>
            <TextLine id="tr_2_tl_2" custom="readingOrder {index:1;}">
                <Coords points="4295,700 7644,683 7674,502 4299,544"/>
                <Baseline points="4322,662 4364,662 4453,662 4543,662 4632,662 4722,656 4812,656 4901,650 4991,650 5080,650 5170,650 5259,644 5349,650 5438,638 5528,638 5618,638 5707,632 5797,638 5886,638 5976,632 6065,626 6155,620 6244,620 6334,620 6424,620 6513,614 6603,614 6692,614 6782,608 6871,608 6961,603 7050,597 7140,597 7230,597 7319,591 7409,591 7498,597 7588,603 7677,614"/>
                <TextEquiv>
                    <Unicode>bei mir zu haben. Also wenn Sie jetzt hören</Unicode>
                </TextEquiv>
            </TextLine>
            <TextLine id="tr_2_tl_3" custom="readingOrder {index:2;}">
                <Coords points="4312,886 6822,810 6822,721 6594,629 6016,747 5527,671 5138,755 5012,662 4316,755"/>
                <Baseline points="4334,841 4412,835 4501,835 4591,829 4680,829 4770,823 4859,817 4949,817 5038,823 5128,823 5218,817 5307,817 5397,811 5486,805 5576,805 5665,805 5755,805 5844,800 5934,800 6024,800 6113,794 6203,794 6292,788 6382,782 6471,782 6561,776 6650,776 6740,776 6830,776"/>
                <TextEquiv>
                    <Unicode>wollen? Er begann vorzulesen.</Unicode>
                </TextEquiv>
            </TextLine>
            <TextLine id="tr_2_tl_4" custom="readingOrder {index:3;}">
                <Coords points="4518,1021 5560,1000 5733,1110 6151,983 6640,1072 6792,991 7383,1025 7387,814 4522,878"/>
                <Baseline points="4543,1008 4615,1008 4704,1003 4794,1003 4883,1003 4973,997 5062,997 5152,991 5241,997 5331,991 5421,991 5510,991 5600,985 5689,985 5779,985 5868,979 5958,979 6047,973 6137,973 6227,967 6316,967 6406,961 6495,961 6585,961 6674,961 6764,961 6853,961 6943,955 7033,949 7122,949 7212,949 7301,949 7391,961"/>
                <TextEquiv>
                    <Unicode>Mein Kind, mich quälen bange Zweifel,</Unicode>
                </TextEquiv>
            </TextLine>
            <TextLine id="tr_2_tl_5" custom="readingOrder {index:4;}">
                <Coords points="4594,1198 5611,1198 5704,1270 5995,1177 7012,1181 7050,987 6636,1067 6290,979 5763,1110 5548,996 4598,1042"/>
                <Baseline points="4621,1188 4638,1182 4728,1182 4818,1188 4907,1182 4997,1176 5086,1176 5176,1176 5265,1176 5355,1176 5444,1170 5534,1164 5624,1164 5713,1158 5803,1158 5892,1152 5982,1146 6071,1146 6161,1140 6250,1140 6340,1134 6430,1134 6519,1140 6609,1134 6698,1134 6788,1128 6877,1128 6967,1128 7056,1122"/>
                <TextEquiv>
                    <Unicode>die niemals weichen aus der Brust,</Unicode>
                </TextEquiv>
            </TextLine>
            <TextLine id="tr_2_tl_6" custom="readingOrder {index:5;}">
                <Coords points="4527,1388 5362,1363 5518,1468 6159,1337 6577,1434 6889,1320 6889,1190 6720,1160 5712,1278 5543,1194 4531,1236"/>
                <Baseline points="4555,1361 4573,1361 4662,1355 4752,1355 4841,1355 4931,1355 5021,1355 5110,1355 5200,1349 5289,1355 5379,1355 5468,1349 5558,1349 5647,1343 5737,1343 5827,1337 5916,1337 6006,1331 6095,1331 6185,1331 6274,1331 6364,1325 6453,1325 6543,1325 6633,1319 6722,1319 6812,1313 6901,1307"/>
                <TextEquiv>
                    <Unicode>Bist du wohl Engel oder Teufel?</Unicode>
                </TextEquiv>
            </TextLine>
            <TextLine id="tr_2_tl_7" custom="readingOrder {index:6;}">
                <Coords points="4641,1641 5029,1565 5539,1671 6100,1531 6434,1628 6990,1493 7446,1569 7509,1316 6834,1455 6294,1333 5518,1468 5370,1363 4649,1430"/>
                <Baseline points="4668,1540 4740,1540 4829,1534 4919,1534 5009,1534 5098,1534 5188,1528 5277,1522 5367,1528 5456,1522 5546,1522 5635,1522 5725,1522 5815,1516 5904,1510 5994,1510 6083,1504 6173,1498 6262,1504 6352,1504 6441,1504 6531,1498 6621,1498 6710,1492 6800,1492 6889,1486 6979,1480 7068,1480 7158,1474 7247,1462 7337,1456 7427,1456 7516,1462"/>
                <TextEquiv>
                    <Unicode>Zum Schmerz geboren? Geborn zur tüß?</Unicode>
                </TextEquiv>
            </TextLine>
            <TextLine id="tr_2_tl_8" custom="readingOrder {index:7;}">
                <Coords points="4712,1928 4885,2008 5092,1882 5894,1974 6400,1856 6699,1924 7172,1848 7176,1679 4717,1755"/>
                <Baseline points="4740,1880 4764,1880 4853,1880 4943,1874 5032,1874 5122,1868 5212,1868 5301,1868 5391,1868 5480,1862 5570,1862 5659,1862 5749,1862 5838,1856 5928,1856 6018,1856 6107,1850 6197,1844 6286,1844 6376,1844 6465,1844 6555,1838 6644,1838 6734,1838 6824,1832 6913,1826 7003,1826 7092,1820 7182,1820"/>
                <TextEquiv>
                    <Unicode>Doch eines weiß ich, eins ist sicher!</Unicode>
                </TextEquiv>
            </TextLine>
            <TextLine id="tr_2_tl_9" custom="readingOrder {index:8;}">
                <Coords points="4733,2080 5400,2071 5560,2160 5683,2063 7028,2063 7075,1869 6661,1932 6109,1882 5902,1974 5084,1886 4733,2012"/>
                <Baseline points="4758,2059 4847,2059 4937,2053 5026,2053 5116,2047 5206,2047 5295,2041 5385,2041 5474,2041 5564,2035 5653,2035 5743,2035 5832,2029 5922,2023 6012,2029 6101,2029 6191,2029 6280,2017 6370,2017 6459,2011 6549,2011 6638,2011 6728,2006 6818,2000 6907,2000 6997,1994 7086,1988"/>
                <TextEquiv>
                    <Unicode>daß du mich niemals fast geliebt</Unicode>
                </TextEquiv>
            </TextLine>
            <TextLine id="tr_2_tl_10" custom="readingOrder {index:9;}">
                <Coords points="4780,2261 7649,2232 7695,2008 6830,2033 6649,2126 6071,2050 5590,2173 5446,2071 4784,2130"/>
                <Baseline points="4806,2238 4835,2232 4925,2232 5015,2226 5104,2226 5194,2226 5283,2220 5373,2214 5462,2209 5552,2209 5641,2214 5731,2220 5821,2220 5910,2209 6000,2209 6089,2209 6179,2209 6268,2209 6358,2203 6447,2203 6537,2197 6627,2191 6716,2191 6806,2197 6895,2197 6985,2191 7074,2185 7164,2185 7253,2179 7343,2167 7433,2167 7522,2167 7612,2167 7701,2173"/>
                <TextEquiv>
                    <Unicode>Und drei — - und drum — um dauerte</Unicode>
                </TextEquiv>
            </TextLine>
            <TextLine id="tr_2_tl_11" custom="readingOrder {index:10;}">
                <Coords points="4388,2438 5451,2523 6442,2392 7370,2434 7619,2396 7623,2215 4388,2337"/>
                <Baseline points="4412,2435 4495,2429 4585,2429 4674,2423 4764,2429 4853,2417 4943,2417 5032,2412 5122,2412 5212,2412 5301,2406 5391,2406 5480,2406 5570,2406 5659,2406 5749,2400 5838,2400 5928,2394 6018,2388 6107,2388 6197,2388 6286,2382 6376,2382 6465,2382 6555,2376 6644,2382 6734,2382 6824,2376 6913,2376 7003,2370 7092,2364 7182,2364 7271,2364 7361,2358 7450,2364 7540,2358 7630,2358"/>
                <TextEquiv>
                    <Unicode>Nun, und drün? fragte Talma scheinbar sehr</Unicode>
                </TextEquiv>
            </TextLine>
            <TextLine id="tr_2_tl_12" custom="readingOrder {index:11;}">
                <Coords points="4366,2704 4434,2721 4552,2624 4615,2654 4691,2607 4982,2658 5143,2603 5151,2476 5071,2426 4978,2485 4856,2460 4780,2498 4695,2455 4514,2502 4379,2468"/>
                <Baseline points="4394,2620 4435,2614 4525,2609 4615,2603 4704,2597 4794,2591 4883,2585 4973,2585 5062,2579 5152,2573"/>
                <TextEquiv>
                    <Unicode>gespannt.</Unicode>
                </TextEquiv>
            </TextLine>
            <TextLine id="tr_2_tl_13" custom="readingOrder {index:12;}">
                <Coords points="4413,2818 7395,2793 7644,2751 7649,2645 6965,2557 6737,2654 4691,2607 4413,2717"/>
                <Baseline points="4435,2788 4525,2782 4615,2776 4704,2776 4794,2770 4883,2764 4973,2764 5062,2770 5152,2764 5241,2764 5331,2758 5421,2752 5510,2752 5600,2746 5689,2746 5779,2740 5868,2740 5958,2746 6047,2746 6137,2740 6227,2734 6316,2734 6406,2734 6495,2734 6585,2740 6674,2728 6764,2728 6853,2716 6943,2716 7033,2716 7122,2710 7212,2710 7301,2710 7391,2704 7480,2704 7570,2698 7659,2704"/>
                <TextEquiv>
                    <Unicode>Marten Sie nur ein wenig – es ist mir ein</Unicode>
                </TextEquiv>
            </TextLine>
            <TextLine id="tr_2_tl_14" custom="readingOrder {index:13;}">
                <Coords points="6885,2936 6910,2940 6944,2924 6957,2928 6974,2915 7016,2949 7041,2945 7041,2746 7012,2746 6965,2717 6906,2776 6885,2776"/>
                <Baseline points="6907,2817 6997,2812 7050,2817"/>
                <TextEquiv>
                    <Unicode>1.</Unicode>
                </TextEquiv>
            </TextLine>
            <TextLine id="tr_2_tl_15" custom="readingOrder {index:14;}">
                <Coords points="4388,2970 4898,2962 5092,3067 5948,2932 6661,2957 6855,2919 6860,2742 6311,2843 5468,2763 5003,2856 4392,2831"/>
                <Baseline points="4412,2955 4447,2955 4537,2961 4626,2955 4716,2955 4806,2955 4895,2949 4985,2949 5074,2943 5164,2943 5253,2937 5343,2937 5432,2931 5522,2931 5612,2925 5701,2919 5791,2913 5880,2907 5970,2901 6059,2907 6149,2913 6238,2913 6328,2913 6418,2913 6507,2907 6597,2901 6686,2901 6776,2901 6865,2907"/>
                <TextEquiv>
                    <Unicode>klag auf das Wort gekomen</Unicode>
                </TextEquiv>
            </TextLine>
            <TextLine id="tr_2_tl_16" custom="readingOrder {index:15;}">
                <Coords points="6931,2966 6957,2970 7020,3050 7138,2970 7172,2987 7201,2962 7260,2974 7341,2953 7391,2991 7442,2991 7455,2852 7353,2839 7345,2822 7311,2835 7256,2805 7214,2835 7155,2801 7050,2869 7024,2839 6995,2856 6944,2839"/>
                <Baseline points="6955,2955 7015,2967 7104,2961 7194,2955 7283,2949 7373,2937 7462,2907"/>
                <TextEquiv>
                    <Unicode>für</Unicode>
                </TextEquiv>
            </TextLine>
            <TextLine id="tr_2_tl_17" custom="readingOrder {index:16;}">
                <Coords points="5877,3033 6024,2995 6054,3016 6168,3000 6252,3042 6307,3012 6391,3050 6472,3004 6657,3025 6657,2953 6594,2907 6518,2957 6455,2928 6379,2949 6345,2919 6248,2962 6067,2928 6012,2953 5986,2932 5877,2945"/>
                <Baseline points="5898,3015 5952,3009 6041,2991 6131,2991 6221,3003 6310,2997 6400,3003 6489,2985 6579,2985 6668,2985"/>
                <TextEquiv>
                    <Unicode>geben so gut.</Unicode>
                </TextEquiv>
            </TextLine>
            <TextLine id="tr_2_tl_18" custom="readingOrder {index:17;}">
                <Coords points="4430,3164 7695,3139 7699,2991 7488,2915 7054,3025 6813,2911 6408,3050 5792,2949 5092,3067 4434,2991"/>
                <Baseline points="4453,3116 4483,3128 4573,3128 4662,3128 4752,3128 4841,3122 4931,3122 5021,3122 5110,3122 5200,3116 5289,3110 5379,3110 5468,3110 5558,3104 5647,3098 5737,3098 5827,3092 5916,3092 6006,3086 6095,3086 6185,3092 6274,3092 6364,3092 6453,3092 6543,3086 6633,3080 6722,3074 6812,3068 6901,3068 6991,3074 7080,3074 7170,3068 7259,3068 7349,3068 7438,3062 7528,3056 7618,3056 7707,3068"/>
                <TextEquiv>
                    <Unicode>Sie können mir ja tüber ein andres vorlesen.</Unicode>
                </TextEquiv>
            </TextLine>
            <TextLine id="tr_2_tl_19" custom="readingOrder {index:18;}">
                <Coords points="4350,3438 5856,3308 6311,3388 6543,3274 7505,3316 7514,3130 4358,3177"/>
                <Baseline points="4376,3331 4388,3331 4477,3325 4567,3319 4656,3319 4746,3313 4835,3307 4925,3307 5015,3307 5104,3301 5194,3301 5283,3301 5373,3295 5462,3295 5552,3289 5641,3283 5731,3283 5821,3277 5910,3277 6000,3277 6089,3277 6179,3277 6268,3271 6358,3271 6447,3265 6537,3265 6627,3265 6716,3259 6806,3259 6895,3259 6985,3259 7074,3259 7164,3253 7253,3247 7343,3241 7433,3235 7522,3229"/>
                <TextEquiv>
                    <Unicode>" Sehen Sie, da ist der ganze Eindruck zerstört</Unicode>
                </TextEquiv>
            </TextLine>
            <TextLine id="tr_2_tl_20" custom="readingOrder {index:19;}">
                <Coords points="4345,3518 5046,3502 5303,3624 5974,3489 7649,3493 7699,3375 6539,3274 6324,3392 4350,3405"/>
                <Baseline points="4370,3510 4394,3510 4483,3504 4573,3504 4662,3498 4752,3492 4841,3492 4931,3486 5021,3486 5110,3486 5200,3480 5289,3480 5379,3480 5468,3480 5558,3474 5647,3468 5737,3468 5827,3462 5916,3462 6006,3456 6095,3456 6185,3450 6274,3450 6364,3444 6453,3444 6543,3444 6633,3444 6722,3438 6812,3438 6901,3444 6991,3444 7080,3444 7170,3432 7259,3426 7349,3426 7438,3420 7528,3420 7618,3426 7707,3438"/>
                <TextEquiv>
                    <Unicode>es wäre jetzt so schon gekommen — der Rede</Unicode>
                </TextEquiv>
            </TextLine>
            <TextLine id="tr_2_tl_21" custom="readingOrder {index:20;}">
                <Coords points="4337,3717 7653,3679 7682,3493 4341,3599"/>
                <Baseline points="4358,3713 4376,3707 4465,3689 4555,3677 4644,3677 4734,3671 4824,3665 4913,3659 5003,3665 5092,3659 5182,3659 5271,3653 5361,3653 5450,3647 5540,3641 5629,3647 5719,3641 5809,3641 5898,3641 5988,3635 6077,3635 6167,3629 6256,3623 6346,3623 6435,3623 6525,3623 6615,3618 6704,3618 6794,3618 6883,3618 6973,3618 7062,3612 7152,3612 7241,3606 7331,3606 7421,3600 7510,3600 7600,3600 7689,3606"/>
                <TextEquiv>
                    <Unicode>auf sicher war von einer Neuheit — aber</Unicode>
                </TextEquiv>
            </TextLine>
            <TextLine id="tr_2_tl_22" custom="readingOrder {index:21;}">
                <Coords points="4417,3923 4864,3869 5037,3987 5480,3839 6311,3835 6539,3961 6826,3852 7256,3928 7703,3860 7712,3624 7050,3734 6860,3637 5830,3750 5311,3666 4687,3793 4421,3700"/>
                <Baseline points="4441,3856 4489,3850 4579,3850 4668,3856 4758,3856 4847,3850 4937,3844 5026,3838 5116,3844 5206,3838 5295,3832 5385,3826 5474,3826 5564,3826 5653,3826 5743,3826 5832,3826 5922,3826 6012,3820 6101,3815 6191,3809 6280,3809 6370,3809 6459,3809 6549,3803 6638,3797 6728,3797 6818,3791 6907,3797 6997,3791 7086,3791 7176,3785 7265,3779 7355,3779 7444,3779 7534,3779 7624,3779 7713,3785"/>
                <TextEquiv>
                    <Unicode>ich was soll man da thun, ich kan mich nicht</Unicode>
                </TextEquiv>
            </TextLine>
            <TextLine id="tr_2_tl_23" custom="readingOrder {index:22;}">
                <Coords points="4409,4084 4451,4092 4501,4058 4590,4092 4636,4050 4742,4042 4818,4088 4868,4101 4906,4080 5025,4122 5033,3932 4940,3932 4864,3864 4763,3877 4560,3982 4476,3966 4413,3987"/>
                <Baseline points="4435,4047 4501,4041 4591,4035 4680,4029 4770,4029 4859,4029 4949,4023 5038,4023"/>
                <TextEquiv>
                    <Unicode>erinere</Unicode>
                </TextEquiv>
            </TextLine>
            <TextLine id="tr_2_tl_24" custom="readingOrder {index:23;}">
                <Coords points="4362,4333 5332,4215 7028,4223 7037,4033 4371,4088"/>
                <Baseline points="4388,4238 4447,4232 4537,4232 4626,4238 4716,4226 4806,4221 4895,4215 4985,4215 5074,4203 5164,4203 5253,4197 5343,4191 5432,4185 5522,4185 5612,4185 5701,4185 5791,4185 5880,4179 5970,4185 6059,4179 6149,4173 6238,4173 6328,4161 6418,4167 6507,4167 6597,4167 6686,4167 6776,4161 6865,4161 6955,4155 7044,4155"/>
                <TextEquiv>
                    <Unicode>Also lesen Sie mir ein andres vor.</Unicode>
                </TextEquiv>
            </TextLine>
        </TextRegion>
    </Page>
</PcGts>
