7368 4824
2179 251 2417 413 40
260 536 3681 936 erfüllte, und er in Folge dessen, manchmal seine Junger
319 787 3672 1047 mit ihrer Dangem Berührung brachte, sie viel¬
281 974 3651 1204 leicht auch vor der jünger Schwester in anderer
345 1179 3630 1464 Reise beantragte? Wer konnte es ihm verdenken
306 1315 3617 1613 wir seine grauen Augen oft mit innigen
353 1464 3655 1787 Vergnüge auf den übrigens noch nicht sehr
340 1634 3702 1923 entwicklten) Formen der Geliebten grühten, und
613 1808 1259 1945 Dieses = ihm
383 1787 3698 2106 die Glüten in er tiefre u tiefe Wunden branntni¬
387 2008 3664 2255 Aber eines Tages sollte es ihm übel ausgehen,
298 2145 3612 2421 als er seine zarten Jinger auf ihren Mangen
357 2289 3740 2613 Klavier spielen ließ. Denn - er sah, wie sie
345 2455 3630 2753 einen triumysirenden Blick auf die Schwester
430 2634 2651 2949 schaft der zu sagen schien.
655 2804 3625 3115 Siehst du den Narren.. Was hab’ ich dir
404 3008 1085 3306 gesagt.
498 3064 3736 3442 Sinnig, der diese Worte mit großer Schnellung
370 3298 3659 3561 keit herausbuchstabirt hatte; daß
387 3447 3578 3778 da er ja sich einiger Zeit gewesen, was
417 3604 3736 3932 in ihren Augen zu lesen, sah ein, daß seines
455 3791 3702 4072 Bleibens in diesem Hause xxx langer
494 3949 3719 4259 sei - in dortließ hiniger selbigen Stunde!
455 4127 3702 4438 Man jetzt, der gleiche Junge Mann hatte
460 4306 2000 4625 Unglück in der Stadt
5310 191 5574 396 41
3787 498 7042 851 Von der dritten, Passion" erfuhr selbst sein
3761 711 7034 983 intimer Freund "Arthur Falko" nur so
3749 864 7127 1221 viel, daß er in der letzten Zeit auf der Hoeße
3749 1038 6531 1413 manchmal einem Nädchen begegen.
3787 1200 7140 1528 der Erzähler dieser wahrheitsgetreuen
3800 1413 7068 1711 Geschichte ich kann übrigens. Daran gar
3787 1545 7072 1804 nichts besonders finden, und versichert
3795 1702 7187 2038 daß ihm das auch schon manchmal passirt ist.
3902 1859 7195 2187 So hätten wir denn nun die Kais ons des
3851 2085 6859 2362 bleichen Morig keine passieren lassen.
3876 2298 7174 2664 kommen wir denn wieder auf unsre Geschäft
3800 2566 7195 2838 zurück, in der wir stehen geblieben sein, als
3842 2676 7212 3008 Sinnig entrüstet ausrief: „Geh'weg. Ich bin nicht
3842 2842 7140 3213 so dumm, und wir uns zur Erläuterung
3859 3021 7123 3383 genötigt sagen, daß er jaß de seiner
3864 3183 7093 3523 dennoch vorhandenen ihn wohlbewe kann
3868 3408 5676 3659 dummheit genötigt sahen,
3923 3570 7174 3847 "die Joka kommt zu uns in unsre Nähe wenigstens
3953 3689 7119 3953 viel Steile. „Komm", Emil, warum gehen wir Er
3966 3927 5059 4208 nicht entgegen.
3949 4004 7136 4353 der auf solchen Weise verspottete wurde
4055 4204 7093 4570 zwar noch vöter; antwortet aber doch
