7528 5048
5363 185 5573 408 33
4527 544 5202 717 von neuem
3933 573 5004 927 fiel Sinne ich Wein
4032 733 7163 1054 der betheiligte soll erzählen" entschied hat,
589 618 3797 1050 in Correspondenzwischen - kung, die Geschichte
2125 869 2945 1038 grund genommen.
1886 898 2154 1030 mehr
589 869 3855 1207 ist sehr einfach, es ist nicht dort, aber für mich
3950 1009 4325 1273 gen.
3962 1009 7158 1450 „Nun“ began Folke, heute vor einem Jahr
626 1021 3884 1384 ist sie unendlich wichtig. Damals ist ein ganz
3946 1248 7039 1631 zog vis - a vis non uns die Familie Flock ein,
597 1215 3818 1582 neue Epeche in meinen Leben
663 1363 3793 1759 eingetreten; Ihr wisst, daß ich früher in jeder
3958 1396 7088 1816 bestehend aus Mann Weib, I Sprüßlinge
671 1545 3892 1903 Byrhäng sehr unordentlich war, nichts Carnte
3975 1553 7146 1965 mon lichen Geschlechts- und einem
696 1742 3818 2031 mit den Mädele allerlei Unfug samb
3999 1816 5857 2072 reigenden Mädchen.
4069 1919 7171 2232 Du kannst dir denke unterbrach Sie ich
601 1944 3913 2228 bis eben die Geschichte mit dem Reputiren und
675 2084 3793 2381 der Rosa dazu kam. Nun aber, lieber Folk¬
3999 2208 4975 2475 daß Arthur
4008 2253 7290 2636 "Üchweig einmal" brachtalte los, die brauchst
663 2162 3913 2636 könntast die mir Deine Sieber affaire erzählen
3991 2409 7241 2755 keinen Commentor zu meinen Worten
696 2492 1676 2739 Wa - was?
601 2587 3884 2916 In deine Liebesaffaire lieber Arthur. Es-kö¬
3999 2710 4967 2990 zu geben.“
4181 2764 7117 3106 haag dich nur nicht auf beschwichtigte Sxx
717 2718 3946 3060 Gewohl! Stelle dich nicht so unschuldig glaubt,
4148 2945 7175 3299 Wie gesagt "fuhr Arthur fort," das Mädchen
729 2949 3954 3204 ich weiß allein, das du sowas hast?! Die ganz
4053 3114 6536 3501 sieß kann, und war weizend:
783 3118 3983 3402 Schuh weiß, du hast so ein Techtel - Wechbel¬
4057 3283 7290 3695 u Sie hat keine große Nase eintärbrach der un¬
774 3270 3900 3629 Und gleiches mit gleichem - ich denke dir
713 3439 3970 3818 mein Achtensauf, folglich thu du dasselbe.
4098 3559 5746 3843 Beckekarlich Moriz
4119 3592 7307 4057 "das ist nicht wahr brauße & alte auf. Sie
816 3641 2566 3958 6o före began Talkn.
4090 3826 6759 4238 hat blonde Oup in, und - - und
5276 3851 5663 4008 daar
865 3802 3835 4102 daß mir erjählen warf Kng mn.
4189 3987 6730 4354 " Graue Augen" ergangter der andre.
865 4003 3987 4321 Was fällt dir ein, theurer Moriz, Wege
4131 4102 7418 4576 „ Meinwegen, so ist wunderschön, und
861 4246 2006 4502 or mir zu.
939 4345 3979 4683 Ich kann die Geschäft obgektiv erzählen.
