7144 4728
5068 147 5333 408 12
2080 181 2261 361 16
3631 408 6955 769 umfange der beiden war ein wohnblicher Unter¬
315 429 3547 714 sank – wie es den Studenten bedünken wollte.
3681 593 6858 933 schied. Denn während man Herrn Anna Straf
269 651 3551 941 und wir er seinen Collegen später erzählte. wie
5026 807 5325 920 war
3059 798 3572 950 ob es ehrten
3686 765 6955 1067 Müller, spindel der Türr, schien die bei weitem
273 819 3547 1114 wollen es dahingestellt sein lassen, für
3660 937 6879 1177 vorgulentere Baronin te daide linkenaus
273 996 3560 1290 die paar Augenblicke Vierten, in denen er sie wie
3366 1156 3534 1282 Dein
3644 1105 6955 1446 ihres Tag den schwächlich construirten Brust¬
286 1219 3560 1462 den Armee hielt und der Hauch ihres Otsxx
4350 1311 5051 1475 Tors Canzzas
3702 1303 6972 1584 kasten mit der Gewalt ihres mehr als übrig
265 1336 3547 1589 sich berührten, ischien er sich der Digste auf Gottes
3715 1517 6938 1782 Ausens fast einzudrücken zu wollen, in dem
311 1513 3522 1782 Erdboden zu sein. Als zu jenem innigsten Leid
3732 1618 6964 1950 sie sich gar zärtlich an ihn schwiegte, was Erzüglich
265 1681 3522 1929 wesen der Tanz beendet war, warfer sich
3707 1811 5980 2080 nicht allzu prazios ausnahm.
298 1862 3539 2152 wie ein Träumänder in den eine Sessel, ohne
3702 1984 7001 2253 die Baronin Adelaide Linkmans stand, wie schon
353 2034 3396 2341 von der sarkastischen Bemerkungen einiger
1975 2181 2543 2337 gerade
3686 2156 6997 2467 erwähnt, in zweidentigem Alter, und hatte eine
294 2206 3526 2492 nebenstehender, daß er mit ihr und mir mit
3711 2337 6993 2664 zweideutige Vergangenheit hinter sich. Als
265 2383 3522 2669 ihr gelangt habe zu hören. Jetzt längte zum großen
3719 2496 6901 2828 aber die sollte. Wie man manckeln,
311 2551 3492 2837 Gaudium etwelcher loser Vögel Herr Stroh¬
3715 2694 7010 3034 hätte sie vor Zeiten die Namen "Hausmeister¬
252 2732 3560 3017 müller und sein Schmerrbart küsste die Nase seiner
3711 2845 6980 3143 Adeländ geführt, und erst als der junge
294 2904 3517 3181 Dame, welche sowohl an Alter als an Schönheit
4455 3047 4883 3202 einst
3770 3064 4274 3198 tatte,
3698 3030 6884 3354 gehörte in gewissen Wirthshäuserweg
294 3076 3526 3375 ihm nicht nachstand. Die Freikschöße waren bey
6384 3185 6867 3324 gehabt
3690 3207 7018 3484 den bekanntesten Persönlichkeiten. Obw als der
282 3249 3450 3560 ihr in Form einer bauschigen Tümegen oor¬
4993 3379 6136 3526 Constantin
3719 3408 6997 3686 junge Baron Gritz Sinkmans sich gers sterb
353 3425 3488 3715 handen, auch sie hatte matin blaue Augen (dagegen
3631 3543 7010 3837 lich in sie verliebte, verließ sie diese dau Ebahn
357 3597 3543 3892 sehr dunkel gefärbte Augenbrauen, ja sogar
1748 3765 2198 3896 halt nicht
3673 3791 6951 4009 Sind trat in das zweite Stadmin ihres da¬
353 3778 3501 4064 der Schuarbart war vorhanden. Diese Dame war
1244 3925 1752 4068 Adelaid
2811 3967 2971 4093 am
3702 3955 6934 4274 seins, wo sie zwar ihre Liebe zu andern
265 3967 3471 4274 die xxx. Nur in ihrem Körperf¬
