7128 4920
243 525 3558 935 reichte ihr dann zum Abschied die Hand, in der
1153 833 1542 965 Geschich
269 790 3481 1085 sie die ihre lange hiegen ließ. Als er endlich von
252 961 3507 1320 ist angezeig entfernte, sah sie den jungen Worte
158 1170 3293 1512 mit einem sehr in zu Bluk an und...
329 1495 3579 1807 Arthur sagte eine unangenehme Stimme, und eine
286 1687 3562 2012 Hand legte sich schwer auf Falkes Schultern. Diese
290 1845 3554 2225 drehte sich um und mit Schrecken sah er, daß der Inha¬
325 2025 3558 2345 ter sowohl der unangenehmen Stimme als der
337 2213 3554 2507 schweren Hand, sein Vater, der Konseirat,
286 2366 3554 2635 der Präsident des Vereines Sudicitia sei. Sie ich
286 2537 3562 2913 hatte Gelegenheit, nachdem er mit den übrigen
269 2781 3575 3033 schleunigst die Fluchtergriffen, einige großartige
299 2892 3618 3221 Phrasse von dem Ende der Freundschaft, entsetzlich
184 3105 3613 3391 Strafe u. degl. los zulassen. Unbefangen Zuschauer
329 3242 3584 3622 hätten weder in des komsteirats noch in seine
337 3443 3635 3695 Schees Niem derartiges etwas gefunden, das
316 3669 3558 3904 des b Supps befürstungen hätte rechtfertigen
273 3797 3622 4071 können. Der Papa Salke, der Präsident von
299 3947 3622 4250 Indicitia ging verziegende und seit, starrer, theil¬
1798 4113 3097 4293 ge poele ein Rück gekreust.
355 4130 3562 4434 nahen Sloser Niener durch die Alleen, sein Sohn,
337 4288 3434 4681 machte eine resignirte seiner und falt die
3665 401 6834 794 seine Hände steckten gleichgültig in der Hohentartha¬
3665 675 6761 1064 Es sprach keiner ein Wort, so Hause angekommen
4352 884 5395 1042 der kurzleid Arbeits¬
3665 820 6838 1149 glig Falle in sein Feuer, das Urthur auf
3669 1055 6907 1367 seine Stube, der Kapleirat schrieb eifrig; Arthur
3656 1226 6646 1521 schlüsste den Kopf auf die Hände und sehren
3673 1448 4822 1717 Senster hinaus.
3742 1662 6941 2033 Mitternacht war und dunkel in den Zimmern der
3729 1939 6877 2281 Gräfin Einkmaus. Der große Saal war ganz ein
3695 2080 6915 2409 sam und verlassen; was in den kleines Gemücher
3707 2234 6864 2550 vorgnug, gesluus vor der Hand nichts an. - Dröfferte
3707 2409 6868 2738 sich die Thüre des Salons, ein Lichtstrahl fiel
3712 2593 6988 2926 vom den Vorzimmer auf den glatten Parquet,
3733 2768 6907 3127 boden das Graf Constantin tickmans (am Arne)
3733 2943 6919 3233 für Konstantzvoyolitomävin) war hereingetrete un¬
3720 3101 7013 3485 schloß eben die Thüre. Sie standen in der Denkelheit
3972 3182 4387 3306 Der Brief
3818 3297 6979 3673 So hat das Gericht nicht gelogen unermalt Con¬
3737 3426 6924 3801 Martin -, das so abenteuerlich von den lebend¬
3750 3605 6864 3989 der Liekmausiana minkelt. Lassen wir sie
3767 3772 7077 4126 ge währen ich thu am Ende auch, was ich will
3772 3951 6907 4297 Er wandte sich gegen die Orientälin, und nahe
3776 4177 7030 4493 Der Hand. "Patine, liebst die mich noch? Unkort auf
