7368 4856
118 388 3489 706 aller Tache Abend. Er steckte hiemit den
161 584 3433 919 Yaken wieder ein, indem er innerlich dem
166 788 3463 1076 unbekannten Schüler flüchte, der ihm mit
148 985 3468 1268 Hintan sitzung aller Ehrerbietung einen
179 1137 3258 1468 solchen Schabernack gespielt hatte.
253 1289 3550 1616 Er suchte nun in seiner unern Rocktasche,
209 1503 3520 1764 fond aber nur seinen Catalog, was ihn
222 1621 3346 1969 immer größre Erregung versetzte. Mit
270 1817 3450 2104 mehr und mehr Haß durchstoberte er
261 1960 3563 2265 seine Taschen, roter und roter wurde
261 2165 2958 2492 sein Gesicht, endlich rief er.
279 2326 3616 2627 "Also, da istas? And ließ et etwas
292 2544 2008 2840 auf den Tisch fallen.
279 2692 3611 3019 aller Augen richteten sich darauf; und alle
288 2875 3620 3119 blickten mit einem Male auf den Professor
288 3041 3603 3372 der nicht wußte, was das zu bedeuten hatte.
274 3215 3585 3511 "Socaccio" rief Loser mit Dennenstimmung
370 3398 3563 3716 Nun erst richtete Mäger seine Augen
331 3598 3559 3890 auf den Gegenstand, den er auf die
327 3733 3594 4095 Tisch hatte fallen lassen. Er stand
340 3951 1838 4182 da wie erstarrt.
436 4034 3585 4456 So sie d Sie also der erste sprach Salke
645 4334 971 4465 in
3668 192 7114 632 mit fester, scharfer Stimme, der die Gesetze der
3694 466 6983 793 ses Vereines auf unverantwortliche
3677 579 7140 985 Weise verachtet; der die Frechheit hat, dieses
3694 771 7096 1198 Erivolste aller Bücher in der Taschenherum¬
3738 963 7070 1368 zutragen, und dabei eine Schamhaftige
3698 1189 6900 1516 keit heuchelt, die der des "Josef zum
3690 1350 5829 1725 mindesten gleich kommt!
3742 1581 5049 1895 Also, Herr Präsident
3799 1621 7061 1986 Schweiz in Sie! Es ist klar, daß Sie läugnen wer¬
3716 1834 7144 2152 den; das liegt schon in der menschlichen Natur,
3716 2000 7075 2387 doch sei es. Vertheidigen Sie sich, ich will
4147 2078 4849 2230 dann darum
3729 2169 7144 2540 nicht ungerecht sein; - beginnen Sie, mein Herr¬
3738 2313 7183 2779 Dahin sehte er sich und warf einen wegwerfenden
6617 2561 7144 2797 ein wie
3755 2518 6643 2862 Flick auf Lager, der Da stand bl
5733 2670 6639 2871 beslagers werd
3746 2718 7122 3041 Marmorner Roloß, im Bild des JBmers¬
3746 2932 7188 3272 und nun folgendetmaßen zu sprechen begann.
3794 3049 7210 3433 dieser Locaccio gehört nicht nur, sondern einem
3877 3158 4121 3311 Also
3712 3237 7223 3637 meiner Schüler dem ich ihn heute confisciert habe.
3733 3441 7175 3803 Also der Thäter dieses Bracsios ist im Gym¬
3768 3576 7114 3938 nasiast, und die Thäter jenes Hakens sind
3742 3746 7227 4191 ebenfalls Gottvergessne Schüler des geiserlichen
3764 3964 7183 4448 göniglichen inhadtmischen Gymnasiums
