7656 4952
5685 191 5864 413 65
3998 304 7443 618 und ab, schüttelte mismutig den Kopf, und blieb dann
4045 522 7421 866 ein paar Sekündenbein dieser stehn, um seinen
505 470 1936 726 man erwacht war.
74 461 339 822 Je
552 509 3824 948 Und jetzt kamen die drei Brüder zur Par¬
4176 670 7465 1048 Himmerspajierxang endlich wieder von neuem aufzu¬
135 731 322 957 br
561 787 3715 1114 hereinperamt, erhitzt und lachend, mit
126 927 335 1118 /v
4098 918 4785 1148 nehmen.
583 961 3771 1235 den Ballen in der Hand, und schlugen
4015 1022 7443 1331 Öls man die liebenswürdige Reites blieb zum größten
566 1114 3828 1466 mit der größten Kraft die Thüre zu, daß
4098 1240 7452 1527 Verdruß des Herrn Flock noch immer da, indem und
579 1309 3276 1644 das ganze Haus wiederfallte
4093 1392 7469 1731 unterhielt sich mit der Frau des Hauses in animis
552 1496 3771 1831 Servus, Fanny, schrieen sie einer nach
4063 1531 7399 1875 tester Weise. Das höchst am Gesträch, das wir
600 1657 3854 1962 dem andern, der 13 jährige Rücklf, und die¬
4102 1727 7443 2036 aus Mitleid mit dem mäutschen Theil um srei
579 1875 3845 2140 einige Jahre jüngeren Schuis und Repi¬
4054 1870 7478 2245 ¬keher nicht anführen wollen, drehte sich um klei¬
596 2014 3837 2253 dann stürmten sie in das Zimmer, und
4128 2101 7486 2419 der, Hüte und der Gastizwollte sich eben in eine
596 2175 3906 2510 warfen die Hüte an den ersten besten Wieks
4119 2262 7499 2580 etwas weitlaufrige Erörterung über gelbe und
222 2179 387 2453 be
609 2397 2245 2667 * Wir sprechen heute u
4111 2449 7517 2697 Bänder in Allgemeinen und sowie auf über ihre
7012 2566 7434 2693 bracht
735 2545 3719 2836 Frau keiles ist bei Mama sagte Fang.
4159 2667 7473 2880 Verwendung bei Hütten einlassen, da tratige
609 2701 3902 2975 „So“ fragt, sagte Herr Flock“ - "nun lentes
4159 2775 7491 3149 Fannys lebenslüstige Brüder mit großem Geschre¬
244 2814 409 3088 7
570 2884 3972 3206 Fühterchen, wie sprachen noch nach dem Nachtmahl
4089 2958 7517 3302 und Samult herum und brachten die aerkündig¬
579 3058 3950 3376 Und damit schritt ging er mit gerauschnollen, große
4111 3171 7447 3497 ten freudig, daß ihnen das Nachtessen auf
561 3289 3854 3541 Schritten zur Thüre, die in das Zimmer führt, wo
1492 3432 1749 3576 kund,
4106 3354 5446 3680 dem Luße folge.
574 3419 3889 3680 Frau Keiles mit Madame Flock aber aufstanden, um
4146 3476 7504 3819 Man setzte sich zu Tische. Auch Famy kam, und
579 3615 3863 3893 dem eintretenden entgegengese. Derselbe reichte
4106 3641 7521 3980 ihr ältester Bruder Wilhelm, ein angehende
639 3758 3780 4002 beiden Frauen wie abwesend die Hand
4106 3841 7573 4180 Musiker von etwa siebzehn Jahren, Stiefsohn
692 3911 3889 4285 und erkundigte sich machversch nach dem Befrieden
4063 4072 7560 4433 und von der Familie wenig beachtet! Er war in etwas
2649 4111 3845 4293 bald rasch, bald langsam,
639 4206 3919 4485 der Frau keines. Dann ging er auch im Zimmer auf
