7400 4888
5319 140 5507 340 11
2278 249 2474 493 16
3766 253 7126 633 strenge Moralisten. Den die Veredung der Seeb¬
1405 380 2740 668 Meine Herren!
3783 441 7152 785 Lebensaufgabe ist, der sie Alles daran
1584 633 2121 764 einiger
886 489 1449 777 vielleicht
3788 633 7026 977 setzt, der Entartung des Menschen
201 567 3460 860 Wenn Sie xx in meinen Worten finden
231 803 3443 1108 was Ihnen auf den ersten Augenblick
3657 799 6114 1165 gef slechtes Einsalb zu thun.
292 912 3517 1270 frivel verkommen dürfte und deshalb
3748 1012 7139 1331 Wenn ich ein junges Mädchen mit einem Decolletirten
340 1130 3495 1427 den Zwecken dieses Vereinsnähl ent¬
3753 1126 7074 1466 Kleide sehe, um es ich beinahe bitter auf lachen; denn
371 1279 3482 1623 sprechend vorkommen dürfte, so mit's
3757 1274 7222 1671 was ist ein bittres Lachen andres, als ein unterdrückter
292 1453 3530 1807 ich Sie aufmerksam machen, daß diese
3748 1471 7039 1872 Weisen, über Dinge, an denen anders geaartete
3775 1649 7196 2038 Leute Gefallen finden? Dieß Sagt dieser halb
353 1632 3631 1986 Frioolität in Wahrheit mir nur scheinbar
1846 1824 2077 1942 Yours
1025 1850 1536 2016 inden sehr
3748 1846 7213 2151 entblößte Bösen nicht: „Ich bin nur deswegen
257 1794 3626 2156 ist, d. h. nicht Selbstpunk ist, sondern
249 1968 3618 2234 mir zum wirksamen Contraf der Moral, der
3735 1981 7244 2409 nicht ganz unverhüllt, weil es die Made verbietet!
275 2143 3513 2500 Sitte, der Reusschut der rt. Das Thema
3748 2217 7152 2553 Owin gerne möchten diese Mädchen, daß der man ganz in
3775 2330 7231 2658 Verzukung aufgeht, wenn er ihre allen, unverfüllten
310 2339 3648 2710 welches ich mir zum Vorwurf nehme, meine
301 2509 3657 2832 Herren ist die Besprechung der decolletirten
3744 2527 7109 2867 Reize bewundert. Und wenn wir nun anderseits das
6288 2684 7087 2841 einem Magi¬
358 2692 3548 3037 Kleider, freilich nicht vom Stand, ankl
3740 2684 7248 3046 Mauergeschwcht betrachten, wie wird bei ihm die Freilich¬
353 2854 3548 3138 eines Scheuders, auch nicht von dem
502 2919 777 3059 G.C.P.
3766 2884 7274 3225 keit geneigt, wenn er zum Reispiel an der Seite eine
323 3046 3596 3391 eines gegen Stufers, sondern vom dem
3814 3107 7261 3465 solchen jungen Dame im Tanz & dahinfliegt, und
5996 3207 6768 3386 da von
340 3212 3522 3539 eines Moralisten, dem die Verübung
3796 3247 7283 3652 seinen Augen - vielleicht, freilich aber selten
393 3408 3530 3718 des dem die Verschönerung der
3814 3456 7279 3779 unwillkürlich hinabsicht in den wagenden weißen
1104 3591 1807 3731 Hauptsache
1798 3574 3705 3919 bekommen den eines ganzen
3849 3604 7287 3971 tusan, da ja das Kind so selbst ganz anschießt,
358 3644 1868 3853 Kleider, auch nicht
371 3762 3687 3993 Stußers oder Wüstlings, dessen lusterer
3840 3853 5119 4119 leider leider!
358 3980 3604 4281 Auge an frechen Nacktseiten sein
3910 3923 7335 4359 Ich bin überzeugt, daß dieser Siefgermeine Herren
406 4146 3657 4499 Gefallen findet, sondern von dem um
