7560 4904
5375 130 5586 454 25
3883 365 7240 795 genehm ist - und - krksks auch dann die Geschichte
632 657 7151 1086 Meizen korwonder sie Nr. zu Folke gebreten, erzählen, auf welche einzelne Stellen an¬
568 584 1759 949 nicht erlappen.
3932 835 7102 1216 spielen Rickskskks." Er wäusgerte sich
584 1013 3794 1240 die miteinander eifrig über den Traum und
576 1143 5724 1459 das ouobrechte Nanckeg-vous sprachen. Wir und sich die beiden anderen.
3908 1232 5854 1573 ties vor" entscheid Sie ich,
543 1322 3859 1678 wollte Taug um 5 Uhr Abends bei den drei Baben
3924 1297 7240 1759 kurzen las. Er war ein lyvischer Expuß,
584 1508 3851 1776 treffen, ein Gasthaus, das inmüdten oo¬
3924 1549 7272 1905 „Heimweh“ betitelt, der nicht ganz neue Gedanken,
632 1703 3859 2035 Wiesen sind to grünbewaldeten Ferpen
3883 1703 7216 2051 in liebenwurde, anmütiger Weise behandelte.
697 1865 2732 2173 malorisch genug dalingt.
3916 1889 7232 2246 dann las er einige andre Gedichte, denen man
916 2043 1257 2181 thort.
576 2035 3819 2343 u auf man jetzt noch? Pragte Adolf Wegen
3916 2092 7256 2457 wirklich aufrichtiges lob und selbst bewind¬
673 2173 3162 2489 derhaus nicht. "widerke Falk¬
3940 2246 7321 2562 derung vollen mußtr. Nicht allein daß die Form
6518 2367 7167 2546 Et was
746 2278 3892 2684 kann, das freut mich. Ich wollte heutmehrores aus
4962 2465 5270 2603 gens
3948 2400 7362 2732 anauchmal eine ruhe erordentliche Ei war, wurde
5943 2546 6713 2716 man Ausdruck
2530 2530 3811 2765 araus seine Bericht
738 2570 2554 2862 euch sprechen.“ Dabei er¬
4192 2643 4743 2805 kamen.
3965 2554 7345 2894 worin so treffliche Gedanken, daß sie den beiden
2019 2684 3146 2870 keitig zu sammel ge¬
665 2700 3892 3065 tasva hin beschriebnes Briefpapino, das es jetzt jedelich
3932 2732 7321 3048 freunden, rückwunsch wach riefen, mit dem dritten
6908 2870 7354 3032 mußte
5586 2902 7281 3146 zuckerten. Freilich war
835 2886 2473 3186 forgham entfahrte
6778 3032 7329 3194 mit Mr
4021 2951 5546 3259 in nähere Verbindung
5359 3024 6713 3243 bedeuteten, erpetzet
4256 3121 5237 3300 in an mir maning,
673 2951 3892 3397 " Ihrer vllt wahrscheinlich wissen, was Sacht
4946 3146 7272 3446 Luf kömischaufehen, daß klagen
5010 3178 5205 3275 tors
6413 3227 6762 3373 in d
3981 3227 4856 3462 manches ziehen.
746 3227 3827 3575 das ist ein Gedicht - von - Adolf Keigens “Er
3989 3251 7256 3656 seine Gedichtete alle auf Briefpapiere zurlich
4005 3421 7305 3754 aufgeschrieben mit einzelnen Couverts verwahrt trü¬
608 3405 3875 3705 hielt in a, um den Eindruck zu beobachten, den
697 3559 3843 3875 seine Eröffnung auf Tage u Ein gesworf
4013 3592 7362 3948 aus welchen er die Papier so sorgsam und fein seiner
665 3762 3827 4062 „Du Dichtest also auch!“ fragte, ohne großes St
4013 3835 7248 4216 nahm, als nur möglich und sie auf dieselbe Weise wieder
730 3932 2684 4256 staunen zu äußern. Folke
4070 4046 4767 4281 einem legte.
713 4005 3867 4394 „Samohl, auch Ich wollte auch dieses körme
4013 4038 7354 4565 „Wirklich excellent“ sagte Sinnig, nach dem Wegen
4127 4224 4346 4402 31/5
851 4256 3908 4613 hier vorlesen - wenn es auch nicht mein
