6968 4728
590 724 1241 1013 Votre ami
212 785 411 1017 "
4671 330 5692 700 Biertes Capital
4606 472 6726 887 Eine Soie. Die tristokten
3540 960 5090 1282 Der Leser wird durch einübben
3507 1156 5053 1424 keiner Kühles mit vielen Personen,
3524 1363 4012 1632 bekannt.
3568 1676 3808 1986 8/4
3711 1823 6860 2091 die Spar war aus. Wagen um Wagen fuhr vor, aus der
3576 1973 6681 2250 erleuchteten Hallen traten du Herren, fest in
3605 2152 6876 2413 die Überzieher gehüllt und dann zeit weißen wolle.
4980 2307 6058 2462 Hals und Nacken
6062 2295 6864 2588 galantsalfen
3560 2376 5924 2669 nen Tüchern um den Kopf gebunden,
3568 2494 6823 2783 die Herrn den Dame in den Wagen steigen, und setzte
3613 2734 6880 2982 sich dann zu ihnen, der Portier schlug die Wagen
3625 2824 6876 3157 thüre zu, und fort wollte der Kutscher länke
3698 3007 6848 3328 Pferde stiegen dann zuletzt ein. Der Portier schlug
3686 3170 6876 3511 die Wagensher, zu und trieb die kutschiren,
3682 3393 5354 3698 schnell weiter zu fahren. —
3678 3528 6815 3857 Was in den einzelnen Wagen von beim nach
3658 3723 6803 4052 Hausef Fahren vorging, war freilich
3703 3849 6766 4215 sehr verschieden, in den einen wirklichen
