7288 4824
5241 183 5445 378 47
2245 228 2469 481 46
3752 432 7084 863 daß Sinnig in solcher Affairen dergleichen unbestimmte Ant¬
361 502 3606 884 heit sie zu kussen, ich habe heute Gelegenheit ge¬
361 735 3569 1071 habt; sie hat schon durch angespielt; sehr deutlich
3743 784 4968 1017 worten hebte.-
3764 884 6968 1204 Also Seraus sagte Arthur, da sie jetzt bei
311 955 1942 1253 hat sie drauf angespielt.
3752 1050 7043 1403 seiner Wohnung angelangt waren. „ Servus
1291 1116 1453 1266 me
307 1158 1224 1386 Wehr. denn?
3760 1228 5785 1594 Sinnig, auf Wiedersehen.
307 1311 3635 1577 Nun sie hat gesagt, sie siebe nur herzhafte küsse und
295 1423 3615 1755 nicht so sichs hinzuhauchte - kan sieht, sie ist keine
3768 1448 4328 1697 Noms."
336 1598 3523 1880 sehr partisch angelegte Natur, aber aber
349 1780 2424 2067 küssen hatt' ich sie doch können.
436 1930 3656 2216 Freilich, Falke; du benützt aber die Gelegenheit
4947 1780 5532 2166 6
324 2121 2673 2415 nicht, du bist ein großer Esel.
307 2258 3635 2594 „Ja, heufgte der andre, „ich die ein großer
403 2436 3627 2714 Esel, im sehr großer. Aber du wirst sehn, ich
3901 2415 5773 2722 1/12, 9/12, 10/32, u/11, 12/12
374 2610 3598 2851 küße sie doch noch, ich will sie küssen und
365 2764 3664 3079 ich wurde sie küssen, - die wirst sehen, Sinning,
353 2959 1776 3237 ich küß' so noch.
336 3125 1739 3415 „Nun, hoffen wird.“
502 3287 3677 3586 Ein Weile gingen die beiden schweig fam neben,
444 3461 1623 3702 einander her.
411 3598 3652 3872 "Du Sinnig" fing talke dann von muern aus, „hast
461 3785 2137 4026 die Pauline geküsst?
502 3943 3698 4241 Was fast du davon; ja ich hab’ sie geküsst; eigen¬
432 4117 3606 4370 flich nicht, daß heißt ja - ich weiss nicht mehr
423 4262 3664 4602 recht " Hier seins zur Erläuterung bemerkt,
