7544 4808
405 345 3751 664 Was hast du nicht gethan? Rede, rede sey ich dir
371 539 3001 793 „Nun, ich rede nichts“, schmollte sie.
328 685 3686 992 2 Was, keck willst sie noch werden, meine ver¬
328 871 3703 1160 liebte Tochter, keck mit ihrem Vater, und
371 1039 3716 1293 nicht antworten? Rede sag ich dir, Maden
379 1224 3682 1518 hollst du, mädel, oder ich sprach kein Wort nach
379 1397 3699 1638 mit dir und gab sich zum und gar in kein
379 1561 3759 1819 Institut - of ich will dich höres lehren!
466 1737 2100 2026 Willst du jetzt reden?
410 1901 3716 2194 „Rein, ich will nicht! Und je! grad jetzt will
366 2074 1091 2371 ich nicht.
388 2298 3626 2570 " Ah! Du gibst also ganz einfach dadurch zu
440 2427 3647 2729 daß Du kleines, 14jähriges Mädel eine
423 2613 3695 2837 kleinen 14 jähre Buben gekusst hast,
418 2776 3656 3061 auf Efterr Straße, vor der Volivkirche
371 2958 2341 3221 „Nim, das ist nicht wahr!
392 3152 3686 3462 aber du kenst den jegen Burschen?
560 3315 2289 3617 Freilich ken ich ihn
466 3419 3746 3815 Und du kleinert dring bist in den drinnen
431 3673 1944 3936 Jnge verliebt!!
401 3841 1992 4147 „Das weiss ich nicht!
526 3936 3669 4363 das ist dechtschen das höhere "brauß"
5583 168 5807 354 71
3936 323 7351 560 Hock auf, ich sie dir du thuft mir kein
3984 427 7372 763 Schritt mehr allein aus dem Haus und der
3949 621 7247 931 nächsten Tage bleibst Du ganz zu Haus.
4001 815 6596 1104 So, jetzt kannst du schlafen gehen!
4152 961 7402 1255 Also nicht einmal am ersten Mai die Land¬
3940 1151 7389 1444 tin kan ich machen?“ trohte sie mit erfall¬
3915 1375 5027 1625 nem Weinen.
4040 1388 7407 1789 Nun sag ich dir Dümmer Mädel. Um jetzt beste,
3979 1772 7385 1975 Marsch l. Ehrkehrte sich um, unbezug
5881 1832 6118 1966 Abe
3984 1867 4501 2009 smöhte er
3966 1841 7277 2156 und dem Zimmer. Draußen machte sich ihr Hr
3988 2026 7260 2315 pegreßtes geges Weg xxx in heißte
3992 2255 7411 2501 Thönen Luft, und schuldig zog sie aus dem Zimmer
3992 2384 7269 2608 in ihr Stüdchen, wo sie sich auf ein in Sesselt zur
3979 2608 7441 2889 Lange schleun ihr Gesicht ins Taschenkruch drückte zum
3979 2733 7372 3035 endlich so einzuschlafen, und sich in schon von
3979 2906 7066 3216 Gefilde hinübergeräumten. - - wahren)
3971 3070 7385 3320 Madamann Iren Fleck hatte sich xxx gegen
4005 3264 7394 3527 Auftrittes zwischen ihren Mann und ihrer Rechten
3975 3432 7342 3759 nur die Handt permen. Als sie sich aber
3984 3643 7437 3876 anschickte, diese Beschäftigung weiter fortzusehen
4001 3772 7355 4078 löschte der liebe Mann kurz angebünden die
3997 3984 7342 4337 Lange auf, um sich in das Schlafzimmer herück¬
