7160 4856
5127 140 5387 380 5
2062 276 2252 507 52
3659 400 6897 784 wandte durchaus nichts ein, als Arthur vorschläge
346 441 3453 858 Eben will sie in den für das Abendcon¬
3671 619 6872 1006 um noch sichres vor etwaigen unliebsamen
346 714 3531 1044 Carl abgegrangten Raum eintreten, als
3663 800 6893 1143 Ergegnungen zu sein, in den gegenüberliegenden
322 920 3457 1221 sie Talmia mit den beiden Herren be¬
3680 961 6922 1349 Rathausgärk zu gehen. Wir müssen, da wir
301 1060 3580 1357 merkt und alle einlädt, mit ihr in das
3680 1172 6922 1473 dem Zusammentreffen der beiden jegen Seuk¬
342 1221 3436 1576 Caffahans zu gehen. Rühle, schnell
3675 1324 6872 1700 nicht beivohnten, was mit den. begnügen,
396 1411 3585 1708 gefasst, zahlt ebenfalls das Entr'e und
3675 1518 6699 1766 was wir jetzt zu hören bekommen.
412 1580 3399 1906 steigt nach", fühlt aber, wie ihm bei
3688 1671 6860 1943 „Nun, du kannst seher sein, daß ich für die Brühl
408 1745 3482 2054 einem Furchtbar verständlichen und oer¬
3708 1848 6901 2190 stimmen werde. Aber wo treffen wir uns?
371 1926 3568 2252 ständnis in einem Blick, der zwischen Herrn
3708 2054 5230 2376 So fragte Arthur.
367 2120 3572 2421 Norbert und Fräulein Talma gewechselt
3729 2186 6885 2487 „Bei den drei Raben! Meinst du nichts Uns
412 2298 3477 2603 wird, das Blut siedendheits in den
3803 2430 4892 2718 wie viel Uhr?
396 2483 1444 2706 Ropf strigh.
3712 2529 6951 2879 Wir sprechen noch; falls es dies vor dem ersten
478 2632 3502 2945 Sie frisch die Musikkapelle spielte eben
3725 2735 6922 3073 Mai nicht geschehen sollte, und das ist leider
462 2817 3432 3139 einen frischen Marsch, bei dem es
3741 2879 6761 3205 o - der verdämte Wagen - sehr leicht
437 2986 3527 3308 einem u. willkührlich froh und leicht ums
3712 3118 4261 3370 möglich.
441 3143 3618 3420 Herz ward. Aber es hätte dieses Marsches
3746 3296 4789 3601 Owih, Arthur.
392 3316 3556 3626 sich er nicht bedurft, um Arthur Folke
3737 3321 6880 3766 „Nun so schreib ich dir hatt. Omen wird
491 3498 3626 3836 glücklich zu machen, der an Fangs Seite
3729 3564 6868 3944 Das schön sie, wenn wir statt mit den
454 3671 3576 3989 in der sogenauten "hinteren" Allie zwohl¬
3737 3746 7050 4080 Collegen, exp. Collegium zu gehen, gesamm¬
2949 3840 3461 4001 Bjährige
450 3857 3626 4174 gemul dahinschritt. Der kleine Fritz war
3737 3935 6043 4323 die Landgärtinn machen werden.
450 4038 3576 4364 freilich einem sehr formeller Beschützer und
