7384 4872
2019 290 2291 601 18
6237 290 6899 635 für immer
3717 419 7085 869 Mein Antrag ist, daß Herr Grohmüller Schrift führer
233 579 3449 903 Statuten dieses Vereines wieder zu schrieben hat?
3752 735 5784 1020 des Verwis Sudicitia sei.
350 808 3640 1128 Ich stimme begann Herr Wiedenbier, in dem er beseglich
3726 912 5226 1271 "Er sei es, er seins!
294 977 3579 1266 die Füsse übereinander schlug, „ich stimme für- nun
3877 1016 7054 1331 Gleiches mit Gleichen" flötete der Pört. Ich stimme,
5840 1180 6052 1297 zum
3765 1202 7002 1543 Dass Herr Kanzleirat Falle Präsidenten
277 1193 1517 1444 für den Herrn
255 1344 1932 1625 „Nun, für wen? Für wei?
3799 1409 4984 1720 gewählt wird."
251 1478 3540 1802 Für wen anders, geehrte Versammlung, als für
3821 1461 7201 1854 Sehr gut, wie nehmen es an! Herr Kanfirrat Salle
264 1703 3570 1902 denjenigen, der, - wie gesagt, für denjenigen
3791 1772 4975 2058 sei Präsident.
268 1837 3073 2079 der sich schon früher abgegeben hat.
3778 1707 7180 2192 Der Aus erkorene verbrugte sich kalt, als sie das
389 1984 3635 2287 Nun womit hab abgegeben hat 'riefen alle
3799 2040 6864 2360 ganz selbst verständlich, und sprach dann
3769 2213 7175 2559 Die Sitzung ist geschlossen. Nächsten Mittwoch finden
294 2183 1738 2460 mehrere ungeduldig
294 2304 3618 2637 " Ah! Ich habe noch nicht gesagt, womit er sich
3791 2390 5982 2650 wir uns wieder hier zusammen.
251 2485 3678 2792 abgegeben hat? Nun mit Schriftstellere. „Erleichtert
3795 2477 7141 2805 beidiesen Worten der Erlösungersoten sich
6808 2650 6985 2766 in
5589 2641 6773 2818 von einanderten,
3769 2706 6769 3004 alle, verabschiedeten sich und xyz for¬
6804 2715 7015 2905 .
346 2680 3648 2957 that der vielgeplagte Mann einen Othemzug,
5312 2831 6298 2991 die beiden Freunde
354 2818 3454 3147 und that schürfte mit besagen sein Bier¬
3817 2823 7206 3147 Loser und Strehmüller, schingen mit zusammen. Draaf
359 2983 3691 3251 Herr Strohmüller - Herr Strafmüller "ging es
3778 3017 7162 3302 war der Mond aufgegangen, und sahmstleidig
5200 3186 5792 3333 geschlein.
3808 3147 7240 3467 auf die Mauer sinab, die mit dem am erhebenen
4651 3242 5014 3363 paar
333 3155 2395 3432 nurmelnd durch die Reihen, ge¬
346 3289 3601 3635 diesem gab es keinen Stühins Herz, so oft
3774 3354 7253 3722 Gefühle fortgingen stolzirten, dir ganze Tenschheit
363 3449 3657 3812 man ihn an seine verunglückte Schriftstellerlauftahn
3804 3484 6933 3864 besser Zmachen wollen. genutzt zu haben
359 3627 3670 3925 erinnerte; doch jetzt mit diesem schmeichelhaften
5982 3631 7283 3908 zeln, der sicher in
3869 3735 6000 4029 So gest es der Menschen! Der ein
5982 3821 6384 3985 verblickt
281 3799 3631 4093 Antrag beehrt, ergoss sich liebliche Röthe über
3929 3808 7288 4171 sich den Mittelpunkt des Seins steht, hält sich leicht
372 3990 3622 4322 sein prätisches, bleiches Antlitz, und im kaum
3964 3981 7262 4310 für etwas Grages, der Himmel aber, der die ganze,
363 4167 3531 4418 wirkliches Lächeln verklärte seine malan¬
4720 4210 5204 4361 den treht,
3882 4184 7167 4556 Welt sieht, sind wie der einzelne darin ver¬
346 4344 1375 4642 cholischen Züge.
4258 4400 5537 4629 21/9, 23/9. 25/9.26/9, 5/10, 6/10
