4648 5608
997 702 4159 935 Wenn sie sich wunderten, so müsste sie auch ins Narrenhaus sperren.-
698 735 943 976 Sie:
711 927 1172 1122 Er: Ja.
989 1072 1969 1280 Nicht ja! Es ist so.
698 1109 939 1284 Sie:
1010 1184 2256 1425 Darum sagt' ich eben: “Ja“.
715 1271 906 1438 Er:
1006 1296 4263 1637 (setzt sich auf und betrachtet ihn, wie er eben seine Weste zuknöpft)
723 1384 956 1620 Sie:
997 1558 1425 1770 Egoist!-
1006 1679 3760 1878 Warum findest du denn plötzlich, dass ich ein Egoist bin! -
1014 1762 4113 2019 Ach Gott! - Ein Mann! - Ich bin eben nur immer die Dumme, die das
748 1882 951 2032 Sie:
1030 1982 3249 2231 noch nicht weghat, wie man Euch behandeln juss!
1026 2161 2751 2377 Das kommt mir auch manchmal so vor! -
748 2190 918 2393 Er:
1022 2244 4367 2547 Herzlos! Kalt! Dürr! Vertrocknet! (schüttelt sich. Sie legt sich wieder
756 2360 968 2555 Sie:
1026 2447 3735 2697 nieder und vergräbt sich bis unter die Nase in die Decke)
1051 2609 4205 2830 (ist vollkommen angekleidet und stellt sich vor sie hin) Also warum
752 2672 951 2884 Er:
1039 2796 2526 3021 bin ich eigentlich ein Egoist?
1035 2996 1886 3170 Prag mich nicht!
765 2987 989 3187 Sie:
1064 3050 4217 3320 Du willst mir nicht sagen, warum ich ein Egoist bin? - Weil ick eine
765 3170 943 3328 Er:
1051 3278 3611 3465 Orange gegessen habe?- Weil ich dich jetzt verlassen?-
781 3424 3997 3623 Sie: Du bist das roheste, was mir in meinem Leben vorgekommen ist! -
1076 3557 4363 3810 (nimmt eine Eigarette aus seinem Etui und brennt sie sich an dem Licht
789 3619 956 3843 Er:
1064 3715 2925 3960 auf dem Nachtküstchen an) Pah, Schatz!-
802 3935 1924 4122 Sie: (antwortet nicht)
789 4018 3307 4275 Er: (geht langsam bis zur Tür. Bei der Tür) Adieu!-
798 4251 1612 4462 Sie: Du!...Du! -
794 4396 1820 4616 Er: Was willst du?
798 4575 1724 4757 Sie: So komm doch!
814 4666 3611 4957 Er: (geht ziemlich langsam zu ihr, die Eigarette im Mund)
819 4874 2169 5148 Sie: Gib die Eigarette weg!
