4520 5592
1248 257 2491 518 1 1/4 1 1/2 1 1 1 4/2.
892 297 1149 554 G.H.
2293 315 3347 550 4 1/2 1/4.
1725 482 2113 590 - 5 -
554 464 3969 833 Sie: Es verletzt mich durchaus nicht. Ich sage dir ja bereits seit zwei
833 734 2437 973 Stunden, dass du weggehen sollst.
847 797 3176 1126 Dass ich es kann, nicht dass Ich es soll!
559 910 761 1122 Er:
577 951 3933 1243 Sie: Nun, warum gehst du nicht? warum bist du nich schon längst fort?
851 1153 4122 1442 warum liegt du denn nicht schon eine Stunde 1ng in deinem geliebten
856 1410 1861 1631 Bett und schnarchst?
878 1505 3928 1734 (ganz nahe) Kind - du siehst, wie schwer ich mich von dir trenne!
590 1595 770 1752 Er?
860 1671 4032 1955 Es kostet mich ja jedesmal eine Überwindung, einen Kampf... ich kann
860 1766 4045 2032 dir gar nicht sagen, wie mir dabei zu Mute ist, wenn ich aus diesem
883 1973 4041 2198 duftenden, halbdunklen Zimmer, aus deinen Armen fort muss, hinunter
883 2086 4000 2374 auf die Strasse, in die Nacht, in in die Einsamkeit - ach Schatz, ich
887 2280 3000 2550 sage dir, es ist geradezu ein Seelenschmerz.
896 2482 2897 2694 Schön. Ich versteh dann nur Eines nicht...
608 2554 838 2744 Sie:
919 2667 1383 2870 Was denn?
622 2726 784 2865 Er:
937 2726 3262 3018 Dass du dich so sehr nach diesem Schmerze sehnst.-
631 2874 847 3041 Sie:
906 2960 4045 3217 Ich sehne mich ja nicht nach ihm; ich nehme ihn auf mich, weil ich
626 3063 793 3194 Er:
910 3090 4145 3343 nicht anders kann. Es muss ja zu irgend einer Stunde geschieden sein,
906 3275 1797 3505 das ist doch klar.
924 3397 4050 3640 Zu irgend einer Stunde, ja... Aber warum denn gerade um halb zwei?-
640 3514 860 3681 Sie:
937 3563 3960 3771 Aber schau!! - Ich bitt dich!... Du bist wirklich... nein, du bist
667 3681 856 3820 Erö
937 3730 4050 3969 wirklich manchmal - (zürtlich) Ich hab ja doch versucht, es dir so
937 3910 4014 4109 deutlich zu machen, nicht wahr?— Ich bin ja nun leider einmal ein
946 4036 3284 4253 Mensch, der einen Beruf hat - ich muss arbeiten! -
964 4158 3906 4424 (nervös, sich von ihm losmachend) Nun -so geh arbeiten...Geh! -
680 4266 892 4451 Sie:
964 4311 4217 4591 (sicht sie mehr traurig und ärgerlich an und sagt resigniert) Adieu!
662 4428 842 4685 Er:
978 4541 2041 4798 (er steht langsam auf)
685 4658 4307 4951 Sie: (höhnisch, mehr vor sich hin) Arbeiten!.... Es ist ja gar nicht wahr...
1009 4883 2311 5136 Du gehst einfach schlafen.-
