4504 5496
3952 231 4129 375 ƒ
1819 222 2210 387 - 2 -
3281 181 3663 482 P.S.
3042 255 3207 465 J. A.
992 461 4207 696 (sich von ihr losmachend) Na, da ist ja nichts zu machen! Pah,Kind! -
700 609 869 729 Er:
1000 724 1684 897 (herb) A-dieu!
700 757 914 873 Sie:
1000 762 4133 1029 Du...Schatz! Du...das ist ja kindisch!... (er ist über ihr Gesicht
704 926 869 1033 Er:
1000 976 4215 1181 gebeugt, das er mit seinem Atem streift) Kindisch! - - Das musst du
992 1136 2918 1379 doch endlich einmal begreifen. Nicht?...
1000 1309 3190 1486 Halt ich dich denn? - Ich versteh dich nicht!
716 1404 930 1527 Sie:
1029 1367 4339 1700 Du bist beleidigt, ich merk's ja. Du meinst, ick hab dich nicht lieb...
712 1564 901 1708 Er:
1008 1589 4157 1807 Ich bete dich ja an! - Schau...das musst du doch begreifen, nicht
1004 1729 4219 1968 wahr?— Man kann jemanden wahnsinnig lieben und muss doch um acht Uhr
1008 1959 2293 2161 früh aufstehn; nicht wahr?
1013 2124 2787 2354 Na so geh' nur, es ist ja gleich acht.
741 2194 951 2309 Sie:
1033 2268 4166 2457 (mit unvergleichlicher Milde) Ich habe ja nicht behauptet, dass es
741 2375 914 2462 Er:
1066 2408 4277 2606 gleich acht ist. Aber bevor es acht wird, muss ich nämlich ein wenig
1074 2647 1910 2816 geschlafen haben.
1083 2762 3256 2980 Du hättest auch schon um zehn weggehen können.
757 2811 963 2964 Sie:
1099 2848 4223 3104 (w.o.) Es war für mich durchaus kein Grund, um zehn wegzugehen; es
762 3005 926 3095 Er:
1124 3005 4359 3244 genügt, wenn ich um halb zwei weggehe, oder auch um zwei. Denn... Du
2404 3277 2589 3367 Monsieur
1153 3260 2198 3412 Schatz, hörst du.?-
1136 3474 1453 3577 Jat...
766 3462 976 3577 Sie:
1148 3478 4240 3717 Siehst du, wenn ich un zwei weggehe, komme ich um halb drei nach-
770 3643 939 3733 Er:
1148 3659 4388 3894 hause; nicht wahr?..Denn ich hab noch nie einen Wagen um zwei in der
1148 3849 4145 4059 Nähe deines Hauses gefunden; ich muss also immer zu Fuss gehen.
1157 4083 2264 4277 Oh, das sind Strapazen.
778 4059 1000 4236 Sie:
1165 4050 4223 4376 Ich sage ja nicht, dass das Strapazen sind...fällt mir gar nicht
774 4273 951 4380 Er:
1161 4301 4256 4520 ein - obwohl ich dein Gesicht sehen möchte, wenn du jetzt auf die
1173 4590 2470 4730 Strasse hinaus mis stest!...
1173 4668 4310 4890 Für dich?... Für dich?... Ach, das tät ich wohl noch manches andere!
803 4717 1013 4894 Sie:
1161 4800 4384 5014 Ich wahrhaftig auch! Aber ich wollte nur sagen: um halb drei bin ich
803 4878 988 5038 Er:
1128 5001 4380 5166 erst zu Hause. Bis ich mich dann niederlege, ein paar Seiten gelesen
