4520 5576
1644 285 1839 549 P.S.
1872 236 2266 582 - 3 -
891 513 3825 696 habe, das Licht auslösche, wird es doch regelmæs sig halb vier.
928 675 3243 867 Dass du eine Stunde zum Lichtauslöschen brauchst!
598 618 818 899 Sie:
944 810 4215 1062 (mild wie immer) Zum Lichtauslöschen brauch ich nur eine Sekunde, aber,
598 875 765 1103 Er:
940 976 2698 1176 wie ich eben sagte, ich lese vorher -
928 1050 4008 1335 Ich möchte nur wissen, was du den ganzen Tag tust, dass du in der
610 1221 814 1367 Sie:
940 1326 2201 1505 Nacht Bücher lesen musst?
952 1412 4036 1672 Ich sage ja nicht, dass ich sie lesen muss; aber ich bin es so-
635 1469 793 1709 er:
940 1623 3975 1802 gewöhnt,- sonst schlaf ich überhaupt nicht ein... Da wird es ein
940 1725 4061 1957 halb vier. Und um halb acht - da hilft nun einmal nichts - um halb
952 1896 4097 2144 acht muss ich wieder heraus. Du siehst ein, dass ich da nicht recht
968 2095 2543 2307 frisch zum Arbeiten kommen kann.-
960 2193 4036 2433 Ja - ich weiss nicht, du tust, als wenn ich dich davon abhielte? -
627 2295 842 2490 Sie:
964 2315 4179 2588 Hab ich dich gebeten zu bleiben? Du hättest mir ja auch abschreiben
964 2580 4040 2750 können, du hättest dich schon um acht Uhr zu Hause schlafen legen
981 2734 2201 2934 können... bitte. bitte.-
976 2816 3975 3076 Schau, es ist wahrhaftig nicht notwendig, mich misszuverstehen -
651 2946 814 3104 Er:
981 2954 4138 3251 nein! - Ich sag' auch nicht — dass man nicht zuweilen mit vier oder
981 3170 3991 3393 fünf Stunden Schlafen genug hat; aber, Kind, erinnere dich doch;
981 3349 3438 3585 gestern war's fünf, wie ich von dir weggegangen bin.
985 3524 4207 3731 Hab ich dich vielleicht gestern zurückgehalten?— Und im übrigen hast
671 3552 887 3743 Sie:
997 3646 4264 3894 du dich einfach verschlafen! Ja! von eins bis fünf hast du geschlafe
993 3833 4203 4069 so ruhig!- Das heisst, ruhig kann ich nicht sagen, denn du hast
1001 4040 1615 4232 geschnarcht.
1009 4175 2832 4374 Das ist ein Unsinn. Ich schnarche nie,
663 4227 863 4398 Er:
1017 4325 4240 4541 Na ja, du hast's gut, du schläfst dabei, da kannet du's nicht hören.-
684 4354 907 4561 Sie:
997 4435 4236 4687 Ich versichere dich, du schnarchst.... 30... hörst du? (sie schnareht)
