4600 5560
2890 231 3084 474 G.C.F.P.
449 247 638 474 f
2273 325 2466 515 V. P.
3751 251 3961 581 ¬
1902 436 2153 589 10 —
955 704 4056 922 und Hut genommen, zündet er ein kleines Wachskerzchen an, betritt
959 898 4225 1075 das X Stiegenhaus, geht die Treppen hinunter. Er läutet beim Fortier;
1523 1029 1684 1124 taulo
963 1042 4278 1231 dieser ist und öffnet erst nach dreimaligem Läuten. Auf der Stras-
968 1219 4093 1375 se liegt der Schnee fusshoch, da die Schneeschaufler erst um sechs
972 1355 4138 1581 Uhr früh kommen. Weit und breit kein Wagen. Er hat seine Überschuhe
968 1528 4183 1713 oben vergessen, weil er das immer tut, und hat sehr dünne Lackschuhe
968 1651 4262 1894 an, weil sie ihn sonst nicht lieben würde) Der Teufel soll mich holen,
968 1845 4159 2034 wenn ich morgen um eine Minute später als Mitternacht weggehe. (er
980 2018 4183 2211 erinnert sich eben, dass er das die letzten vier Wochen allnächtlich
984 2178 4134 2359 auf derselben Stelle zwischen drei und sechs Uhr morgens gesagt hat
968 2331 4076 2503 und spaziert lächeln weiter. Nach dreiviertel Stunden ist er vor
984 2470 4163 2664 seinem Tor angelangt; es fällt ihm ein, dass auch sein Portier taub
972 2627 4220 2829 ist, und dass er eine Viertelstunde wird läuten müssen.- Da merkt er,
980 2804 4155 3039 dass das Tor schon geöffnet ist.- Ein Lächeln des Glücks zieht über
984 2965 1680 3162 sein Antlitz).
