4520 5592
3243 252 3417 417 „
1663 256 2405 569 3-6-
1367 269 1541 521 P.
556 469 3964 781 Er: (sehr ruhig) Jetzt... ja! - Aber ich tue das ausschliesslich, um des
777 569 4072 964 Morgens erwachen zu können;— ich verbinde keinen anderen Zweck damit.-
812 794 4111 1085 Ich tue es nicht, um ein besonderes Vergnügen zu haben - nein. Ich tue
816 938 4016 1242 es auch nicht, um dich zu beleidigen. Ich unterwerfe mich einer all-
834 1107 3990 1437 gemeinen menschlichen Notwendigkeit; einem Naturgesetzt.- Begreifet
838 1385 1268 1598 du das?
868 1450 3043 1736 (schaut mit grossen Augen zur Zimmerdecke auf)
873 1576 4055 1910 Ich gebe dir mein Wort: es wäre mir tausendmal lieber, wenn ich hier
625 1619 825 1763 Sie:
868 1745 4042 2049 bis zum Morgen bleiben könnte;- aber ich kann unmöglich die Naturge-
634 1771 812 1932 Er:
873 1997 1702 2205 setze umstossen.-
682 1962 4107 2379 Sie: Oh, es gibt Männer, die mehr getan haben, wenn sie wirklich liebten.
899 2197 4263 2522 Das ist ein Irrtum, mein Schatz. Man ist für Weiber in den Tod gegangen,
890 2362 4198 2644 bisweilen, ; aber man hat noch nie ein Naturgesetz für sie umgestossen,
686 2409 864 2540 Er:
916 2600 2040 2839 das geht nämlich nicht!
686 2683 4181 2982 Sie: Also in den Tod gehen würdest du für nicht? Dein Leben wü rderst du mir
942 2969 1381 3152 opfern? -
712 3087 1971 3304 Er: (bedeutende Bewegung)
712 3108 4194 3486 Sie: über eine Stunde deines Schlafs, ein bisschen von deiner Bequemlich-
1012 3404 2418 3642 keit bin ich dir nicht wert?!
1016 3473 2965 3790 (etwas verdüstert) Aber um Gotteswillen -
742 3647 916 3807 Er:
1046 3707 2349 3946 O, du bist ja so falsch!...
1051 3729 4293 4094 Falsch! - Ja, sag mir nur - Ich möchte wissen, wie du zu diesem Worte
764 3777 985 3972 Sie:
1042 3951 4254 4250 komst! Mit demselben Rechte könntest du mir sagen, dass ich die Ge-
760 3942 942 4207 Er:
1046 4163 3681 4398 wohnheit habe, kleinen Kindern die Ohren abzuschneiden!
1068 4354 2535 4593 Die Ohren! Oh, du bist brutal!
1068 4419 4359 4771 Brutal! - Ich brutal! - Ah! Ah! (er steht auf und beginnt sich an¬
781 4467 1025 4602 Sie:
790 4649 1003 4858 Er:
1116 4706 1667 4897 zukleiden)
807 4749 4220 5062 Sie: Das kannet du mir eben doch nicht abstreiten, dass du brutal bist.
