4600 5576
3462 272 3788 453 1.°
3879 267 4196 521 P.S.
1880 313 2130 585 9 —
680 657 2828 915 Er: (legt die Eigarette auf die Lichttasse)
693 784 4173 1042 Sie: (öffnet die Arme und zieht ihn zu sich herab, umarmt ihn lang, lang)
956 1065 1867 1287 Hast du mich lieb?
680 1210 1994 1423 Er: (einfach) wahnsinnig.
693 1373 2057 1554 Sie: Wann kommst du morgen?
698 1532 2130 1745 Er: Na, wann willst du denn?
698 1686 1726 1876 Sie: Wann du kannst.
702 1776 4173 2007 Er: Du weiset ja - von sechs Uhr abends an steh ich zu deiner Verfügung.
707 1985 2021 2243 Sie: Also um sechs Uhr.
376 2007 666 2234 le recit et
979 2211 1210 2365 Ja.—
689 2202 870 2402 Er:
711 2311 1917 2538 Sie: Hast du mich lieb?-
974 2528 1214 2701 Ja.—
711 2538 897 2655 r:
988 2619 2080 2864 Wie lieb hast du mich?
707 2673 924 2832 sie:
716 2791 2302 3013 Er: Wahnsinnig! - Also adieu! -
725 2895 4078 3199 Sie: Na-er kann's schon nicht mehr erwarten!- Gib mir noch einen Kuss!
716 3131 4178 3353 Er: (küsst sie) Pah! - (nimmt die Eigarette und geht. Wie er bei der Tür
1001 3308 1228 3503 ist)
716 3435 1278 3670 Sie: Du! -
716 3620 1486 3797 Er: Was denn?
711 3720 2161 3978 Sie: Komm noch einen Moment!-
716 3933 1672 4137 Er: (zu ihr) Nun?
734 4055 3530 4296 Sie: Wirst du mir morgen auch wieder so bald davonlaufen? -
734 4246 1337 4454 Er: Nein.-
725 4404 3176 4613 Sie: Wirst du mich morgen wieder so roh behandeln?
1015 4554 1296 4731 Nein.
716 4545 920 4753 Er:
725 4708 4368 4867 Sie: (ind m sie ihn heftig umarmt) Geh, geh! - (sie hüllt sich in die Decke)
1024 4848 4264 5116 (geht rasch; schliesst die Tür. Er ist im Vorzimmer. Nachdem er Pelz
734 4871 911 5125 Er:
