4536 5528
3655 215 3853 377 J. :
1897 579 2368 713 Halb Zwei
1973 767 2287 884 1 Akt
2081 946 2287 1036 von
1677 1058 3207 1189 Arthur Schnitzler
1812 1224 2691 1354 (aus dem Nachlass)
2054 1319 2399 1431 (1891?)
740 1529 4225 1682 (Es ist nachts, halb zwei Uhr.4 Bei ihr. Ein duftendes Zimmer, das beinahe
740 1709 4346 1830 ganz im Dunkel liegt. Nur die Ampel, ein mildes Licht.- Auf dem Nachtkästchen
727 1861 4270 2014 eine kleine Standuhr und eine Wachskerze in kleinem Leuchter, ziemlich tief
736 1982 4234 2184 herabgebrannt. Daneben liegt eine angeschnittene Birne und Zigaretten.- Er
745 2193 4037 2301 und Sie wachen eben beide nach leichtem Schlummer auf. Aber sie wissen
727 2364 2453 2485 nicht, dass sie geschlummert haben.-
758 2476 2216 2646 Er: (sehr sanft) Du...Kind...
745 2669 996 2772 Sie:
1045 2660 1583 2776 (küsst ihn)
1036 2803 4162 2929 (küsst sie wieder).... Du...Kind. nun.... nun muss ich ja doch geh'n.
745 2843 901 2942 Er:
1045 2978 3696 3095 (plötzlich ganz fremd, kühl) Bitte, ich halte Dich nicht.
753 2996 951 3090 Sie:
1045 3135 3924 3261 (sehr mild) - Ich weiss, ich weiss; ich sag dir's ja auch nur.
740 3166 901 3261 Er:
1032 3283 2956 3449 Nun ja, ich halte Dich ja nicht. Geh nur!
740 3319 951 3418 Sie:
1036 3444 4315 3570 (antwortet nich, macht aber keine Miene fortzugehen, Schweigen. Etwas
736 3485 906 3579 Er:
1063 3601 3709 3718 seufzend) Na ja, ich muss ja doch gehn, es hilft nichts.
1063 3776 1987 3906 Nun, bitte, bittel-
740 3763 955 3897 Sie:
1090 3929 3265 4050 (nahe zu ihr) Schau... du bist wieder gereizt.
727 3947 910 4054 Er:
1139 4077 1727 4216 (gross) Ich?
736 4104 960 4216 Sie:
1072 4229 4095 4400 (immer mild) Es ist halb zwei! Morgen muss ich um acht aufstehn!
740 4283 933 4373 Er:
1117 4418 2000 4557 Na ja, so geh nun.
722 4418 955 4534 Sie:
1117 4552 4189 4723 (an ihren Lippen) Glaub mir, ich möchte lieber hier bleiben...bei
740 4557 906 4687 Er:
1108 4705 4328 4880 dir...ah, das ist jagso gut- aber leider, lelder, leider! - (bleibt
1103 4866 2628 5010 bei ihr und drückt sie an sich)
727 5073 964 5207 Sie:
1108 5082 2539 5265 (ihn küssend) Ah! — (Umarmung)
