4648 5576
1405 264 1799 438 „ „
2659 284 2846 512 4
1336 394 1669 536 "  "
1998 378 2274 581 4 -
1023 528 3013 812 Wenn du glaubst, dass das sehr schön ist -
1035 743 4121 991 Ah, das ist eine Erfindung von dir! - Ich kenne Dich! - Du willst
694 804 881 1015 Er:
1035 873 4251 1129 mir das Schlafen verleiden, Oh, gewiss, gevi s! noch niemand hat mir
1031 1027 4076 1295 gesagt, dass ich schnarche... Und im übrigen,... das von eins bis
1039 1226 2420 1474 fünf - das ist auch so eine -
1052 1409 2582 1628 Na, ich lüge, wie gewöhnlich...
723 1478 942 1620 Sie:
1056 1478 4060 1790 Ich sagte nicht: Lüge.- Aber wenn du mich nur ein bisschen lieb
719 1604 905 1823 Er:
1052 1652 4279 1933 hättest, würdest du dich vielleicht daran erinnern, dass wir um drei
1076 1876 2148 2099 Uhr wach gewesen sind.
1060 1977 3252 2233 Ich allerdings;- du warst es nicht besonders.-
743 2054 970 2270 Sie:
1088 2103 4328 2444 Gleichviel...geschlafen... weisst du - ruhig in meinem Bette geschla-
755 2306 926 2464 Er:
1072 2310 4316 2566 fen hab ich gestern von halb sieben bis acht. Du wirst zugeben, dass
1084 2501 2245 2720 das nicht sehr viel ist,
1112 2659 2911 2903 Du hast von eines bis acht geschlafen.
784 2724 978 2899 Sie:
1096 2785 4137 3041 Wenn du mir also schon die Zeit bis fünf abstreitest - das wirst
775 2883 946 3086 Er:
1112 2935 4255 3187 du doch einsehen, dass ich, um von hier nach Hause zu kommen, nach
1116 3053 4344 3386 sein musste.- Es war auch ein solcher Schneesturm, dass ich im Nach-
1100 3289 2907 3500 hausegehen unmöglich schlafen konnte.-
1129 3443 3289 3691 Zuweilen tust du das auch im Nachhaus gehen?
800 3524 1011 3695 Sie:
1137 3488 4393 3808 (lächelnd) Na, das ist schon wahr, dass ich manchmal im Halbschlummer
796 3650 987 3849 Er:
1137 3800 2115 4003 nach Hause spaziere.
1173 3853 4409 4129 Du bist eigentlich ein sonderbarere Mensch - du tust überhaupt nichts
820 3979 1043 4170 Sie:
1157 4113 1795 4328 als schlafen.
1161 4214 2517 4474 (erhebt sich ein wenig)...
812 4222 1007 4507 Er:
1173 4324 4312 4620 Du schläfst bei mir, du Schläfte bei dir, du schlüfst auf dem Weg -
800 4462 1080 4701 Sie:
1181 4547 4287 4766 (resigniert) Na... gut...da verlangst du wohl nicht, dass ich mich
832 4657 1031 4811 Er:
1165 4681 4137 4982 verteidige. Es verletzt dich, dass ich es überhaupt übe mich
1161 4900 2477 5189 bringe, von dir wegzugehen.
