4536 5608
336 283 541 483 P.S.
1781 426 2031 635 7 —
917 852 2924 1085 Da hilft dir deine ganze Falschheit nicht.
938 1036 1716 1241 Du hast recht...
647 1052 839 1253 Er:
946 1167 1953 1388 Gewiss hab ich recht!
655 1233 885 1388 Sie:
942 1339 2031 1552 Das sagt' ich ja eben.-
659 1360 835 1552 Er:
942 1425 4115 1654 Nun, so darf ich es doch selber sagen? Oder stört es dich, wenn ich
676 1503 876 1732 Sie:
946 1605 4099 1867 reden?- Möchtest du schon schlummern, während du dir die Schuhe zu-
975 1847 1429 1982 schnürst?
975 1941 2363 2191 Das ist leider nicht möglich.
688 1921 848 2187 Er:
983 1986 3878 2346 Wer weiss? Für dich? Du bist ja ein förmlicher Kunstschläfer.-
680 2179 909 2371 Sie:
987 2273 2518 2514 (pfeift ganz leise vor sich hin)
995 2379 4193 2662 Du würdest mir einen Gefallen erweisen, wenn du jetzt nicht sängest.
708 2494 934 2678 Sie:
987 2543 4279 2830 Ich hab nicht gesungen, ich habe nur gepfiffen; wenn man das überhaupt
704 2633 876 2842 Er:
991 2740 1957 2973 pfeifen nennen kann.
1007 2838 3497 3108 Nein, wahrhaftig, das kann man nicht pfeifen nennen!-
713 2924 962 3137 Sie:
1020 3030 3514 3256 Sag, wo hast du denn eigentlich das Obst hingestellt?
729 3149 905 3288 Er:
733 3243 1761 3464 Sie: Was willst du?-
1020 3321 4210 3571 Ach, da ist es ja! - Du erlaubst. (er nimmt eine Orange von dem Auf-
733 3411 913 3669 Er:
1032 3497 3817 3763 satz, der auf einem kleinen Tischchen steht und schält sie)
758 3722 2936 3943 Sie: Zum Essen hast du natürlich noch Zeit. -
1036 3759 4161 4111 Du entschuldigst, liebes Kind, es ist eigentlich nur Durst... (geht
741 3923 913 4144 Er:
1077 4013 3051 4263 zu ihr und gibt ihr ein Stück der Orange)
1069 4075 4320 4365 (indem sie das Crungenstückchen in den Mund nimmt) Schlafen...essen...
762 4181 1036 4443 Sie:
1106 4324 3067 4562 du wärst eigentlich der richtige Ehemann!
1097 4525 1691 4722 das Kindest du?
794 4554 979 4722 Er:
1118 4541 4189 4865 Ja, so hab ich mir immer die Ehemänner vorgestellt!- Das Unglaub-
778 4713 1020 4853 Sie:
1118 4762 4144 5053 lich ist nur - dass sich die dann wundern, wenn man sie betrügt.
794 4922 3931 5225 Er: Ach Gott, sie wundern sich gar nicht - sie ärgern sich nur.
