3304 4072
976 344 2013 583 Darf ich ihn nicht
790 525 2208 724 Seraphine: Du wirst ja auch
2420 525 2512 732 nt
780 669 2181 882 nach Amerika reisen müssen.
756 827 2596 1047 auch noch gar nicht wahr. Und du wir
746 987 2717 1213 dir einen mrlaub nehmen für zwei oder
740 1131 2546 1331 drei Tage mit irgend einer Ausrede
717 1276 2830 1522 Max: Nun versteh ich dich gar nicht mehr.
719 1433 2651 1667 Seraphine: Eine kostbare Ausrede wäre
711 1575 2701 1830 es zum Beispiel, um dein Kind zu sehen.
698 1740 1200 1935 Max: Wie?
680 1903 2594 2124 Seraphine: Das Kind von einer deiner
672 2061 1208 2223 Geliebten
667 2174 1512 2391 Max: Seraphine -
656 2360 1814 2552 Seraphine: Unser Kind.
646 2525 2339 2746 Max: Seraphine - Und du willst -
633 2651 2473 2893 nun habe ich sogar ein Recht darauf
633 2827 2103 3058 gewissermassen die Pflicht -
593 2974 2496 3205 Seraphine: Still doch. Haft du viel.
614 3155 2664 3392 leicht Lust mir die Ehre wiederzugeben?
604 3281 1352 3465 Max: Seraphine
593 3468 2570 3701 Seraphine: Du hast mir geschworen heu
617 3615 1410 3814 noch abzureisen.
