<?xml version="1.0" encoding="UTF-8" standalone="yes"?>
<PcGts xmlns="http://schema.primaresearch.org/PAGE/gts/pagecontent/2013-07-15" xmlns:xsi="http://www.w3.org/2001/XMLSchema-instance" xsi:schemaLocation="http://schema.primaresearch.org/PAGE/gts/pagecontent/2013-07-15 http://schema.primaresearch.org/PAGE/gts/pagecontent/2013-07-15/pagecontent.xsd">
    <Metadata>
        <Creator>prov=READ-COOP:name=TrHtr:version=2.1.0:model_id=51170:date=30_07_2023_00:26</Creator>
        <Created>2023-05-10T13:15:34.546+02:00</Created>
        <LastChange>2023-07-30T00:26:04.258+02:00</LastChange>
        <TranskribusMetadata docId="1428571" pageId="55411443" pageNr="242" tsid="131471897" status="IN_PROGRESS" userId="64420" imgUrl="https://files.transkribus.eu/Get?id=FTSOZRMXZCEMHWBKSVIXKUDN&amp;fileType=view" xmlUrl="https://files.transkribus.eu/Get?id=OHAKOUUWFTFOPYIBDZQTLNDX" imageId="44685586"/>
    </Metadata>
    <Page imageFilename="1428571_0242.jpg" imageWidth="3224" imageHeight="4008">
        <ReadingOrder>
            <OrderedGroup id="ro_1711793007551" caption="Regions reading order">
                <RegionRefIndexed index="0" regionRef="tr_2"/>
                <RegionRefIndexed index="1" regionRef="tr_1"/>
            </OrderedGroup>
        </ReadingOrder>
        <TextRegion id="tr_2" custom="readingOrder {index:0;}">
            <Coords points="585,439 2649,439 2649,1586 585,1586"/>
            <TextLine id="tr_2_tl_1" custom="readingOrder {index:0;}">
                <Coords points="1002,509 1239,503 1291,532 1394,501 1502,537 1680,503 1830,545 1985,539 1985,398 1939,387 1748,385 1569,336 1301,392 1002,336"/>
                <Baseline points="1015,492 1060,489 1105,489 1149,492 1194,495 1239,495 1284,492 1329,492 1373,495 1418,495 1463,495 1508,498 1553,495 1597,492 1642,492 1687,492 1732,495 1777,492 1821,495 1866,495 1911,495 1956,489 1992,492"/>
                <TextEquiv>
                    <Unicode>zum Zufall oder Bes-</Unicode>
                </TextEquiv>
            </TextLine>
            <TextLine id="tr_2_tl_2" custom="readingOrder {index:1;}">
                <Coords points="702,674 743,694 878,653 989,707 1071,671 1172,702 1355,669 1396,697 1435,671 1546,681 1546,542 1518,532 1456,578 1252,576 1151,503 852,534 702,501"/>
                <Baseline points="716,642 761,639 806,639 851,639 895,642 940,645 985,645 1030,645 1075,645 1119,645 1164,645 1209,645 1254,648 1299,648 1343,645 1388,645 1433,645 1478,648 1523,645 1553,648"/>
                <TextEquiv>
                    <Unicode>ellen. Ich wusste</Unicode>
                </TextEquiv>
            </TextLine>
            <TextLine id="tr_2_tl_3" custom="readingOrder {index:2;}">
                <Coords points="1652,676 1745,692 1766,681 1807,705 1858,700 1908,671 1962,692 2003,676 2034,692 2055,676 2093,687 2114,681 2114,599 2057,568 2031,578 1995,550 1902,537 1791,578 1735,576 1688,620 1652,617"/>
                <Baseline points="1666,657 1669,657 1714,651 1759,654 1803,654 1848,651 1893,651 1938,648 1983,651 2027,651 2072,651 2117,645"/>
                <TextEquiv>
                    <Unicode>,dass du</Unicode>
                </TextEquiv>
            </TextLine>
            <TextLine id="tr_2_tl_4" custom="readingOrder {index:3;}">
                <Coords points="601,803 2132,844 2199,831 2199,676 989,707 878,653 601,728"/>
                <Baseline points="615,791 660,791 704,791 749,794 794,794 839,794 884,794 928,797 973,797 1018,800 1063,803 1108,803 1152,803 1197,803 1242,803 1287,803 1332,800 1376,803 1421,800 1466,797 1511,800 1556,803 1600,806 1645,803 1690,806 1735,806 1780,809 1824,806 1869,803 1914,806 1959,806 2004,806 2048,803 2066,803 2072,800 2117,800 2162,800 2204,809"/>
                <TextEquiv>
                    <Unicode>men musst. Auch der Tag war mir</Unicode>
                </TextEquiv>
            </TextLine>
            <TextLine id="tr_2_tl_5" custom="readingOrder {index:4;}">
                <Coords points="596,968 710,968 759,1009 841,976 883,983 875,803 844,800 787,829 725,800 702,813 663,803 635,821 591,811"/>
                <Baseline points="609,937 654,943 698,943 743,946 788,946 833,949 878,949 890,952"/>
                <TextEquiv>
                    <Unicode>kannt</Unicode>
                </TextEquiv>
            </TextLine>
            <TextLine id="tr_2_tl_6" custom="readingOrder {index:5;}">
                <Coords points="586,1120 989,1174 1213,1107 2300,1123 2514,1193 2512,996 2321,965 586,1012"/>
                <Baseline points="600,1096 645,1099 689,1099 734,1102 779,1102 824,1105 869,1102 913,1102 958,1102 1003,1102 1048,1102 1093,1105 1137,1105 1182,1105 1227,1108 1272,1105 1317,1108 1361,1105 1406,1105 1451,1108 1496,1108 1541,1108 1585,1108 1630,1111 1675,1111 1720,1111 1765,1113 1809,1113 1854,1113 1899,1111 1944,1113 1989,1113 2033,1116 2078,1116 2123,1116 2168,1116 2213,1116 2257,1116 2302,1116 2347,1116 2392,1116 2437,1113 2481,1116 2517,1116"/>
                <TextEquiv>
                    <Unicode>Seraphine:Freilich wusstest du, nur ha</Unicode>
                </TextEquiv>
            </TextLine>
            <TextLine id="tr_2_tl_7" custom="readingOrder {index:6;}">
                <Coords points="589,1288 2643,1288 2643,1203 2457,1180 1600,1198 1218,1107 1069,1190 942,1133 589,1159"/>
                <Baseline points="603,1248 648,1251 692,1251 737,1254 782,1254 827,1254 872,1254 916,1257 961,1257 1006,1257 1051,1260 1096,1260 1140,1257 1185,1260 1230,1263 1275,1263 1320,1263 1364,1266 1409,1266 1454,1266 1499,1263 1544,1263 1588,1263 1633,1266 1678,1263 1723,1263 1768,1266 1812,1266 1857,1263 1902,1263 1947,1263 1992,1266 2036,1269 2081,1269 2126,1269 2171,1272 2216,1272 2260,1275 2305,1275 2350,1275 2395,1275 2440,1272 2484,1272 2529,1269 2574,1269 2619,1266 2649,1263"/>
                <TextEquiv>
                    <Unicode>test du vergessen.Gewiss ist es so.Aber</Unicode>
                </TextEquiv>
            </TextLine>
            <TextLine id="tr_2_tl_8" custom="readingOrder {index:7;}">
                <Coords points="586,1443 2571,1446 2571,1309 2455,1285 586,1278"/>
                <Baseline points="600,1403 645,1406 689,1409 734,1406 779,1406 824,1409 869,1412 913,1412 958,1409 1003,1409 1048,1412 1093,1412 1137,1412 1182,1412 1227,1415 1272,1415 1317,1415 1361,1418 1406,1415 1451,1415 1496,1418 1541,1415 1585,1418 1630,1418 1675,1418 1720,1418 1765,1418 1809,1418 1854,1418 1899,1418 1944,1418 1989,1418 2033,1421 2078,1421 2123,1421 2168,1421 2213,1424 2257,1421 2302,1421 2347,1424 2392,1421 2437,1421 2481,1421 2526,1418 2571,1412 2574,1415"/>
                <TextEquiv>
                    <Unicode>du bist so traurig.Judith -? Sie reist</Unicode>
                </TextEquiv>
            </TextLine>
            <TextLine id="tr_2_tl_9" custom="readingOrder {index:8;}">
                <Coords points="573,1582 2323,1626 2408,1611 2406,1458 1526,1456 1133,1526 756,1427 570,1489"/>
                <Baseline points="585,1553 630,1556 674,1558 719,1561 764,1558 809,1558 854,1561 898,1561 943,1561 988,1561 1033,1564 1078,1564 1122,1564 1167,1561 1212,1564 1257,1564 1302,1567 1346,1567 1391,1570 1436,1573 1481,1573 1526,1573 1570,1573 1615,1573 1660,1573 1705,1573 1750,1573 1794,1573 1839,1573 1884,1573 1929,1573 1974,1573 2018,1573 2063,1573 2108,1576 2153,1576 2198,1573 2242,1573 2287,1573 2332,1573 2377,1573 2416,1573"/>
                <TextEquiv>
                    <Unicode>mit Arduin ab. Ja, darum. Und Aurolie</Unicode>
                </TextEquiv>
            </TextLine>
        </TextRegion>
        <TextRegion id="tr_1" custom="readingOrder {index:1;}">
            <Coords points="561,1661 2625,1661 2625,3593 561,3593"/>
            <TextLine id="tr_1_tl_1" custom="readingOrder {index:0;}">
                <Coords points="573,1760 2574,1750 2530,1580 1825,1631 570,1580"/>
                <Baseline points="588,1711 633,1711 677,1711 722,1711 767,1714 812,1714 857,1714 901,1717 946,1714 991,1714 1036,1714 1081,1714 1125,1714 1170,1717 1215,1717 1260,1717 1305,1717 1349,1723 1394,1723 1439,1723 1484,1723 1529,1723 1573,1726 1618,1723 1663,1723 1708,1723 1753,1726 1797,1726 1842,1726 1887,1726 1932,1726 1977,1726 2021,1726 2066,1726 2111,1726 2156,1729 2201,1729 2245,1729 2290,1729 2335,1732 2380,1735 2425,1735 2469,1732 2514,1732 2559,1735 2580,1738"/>
                <TextEquiv>
                    <Unicode>wird doch die Baronin von Falkenir. Nun</Unicode>
                </TextEquiv>
            </TextLine>
            <TextLine id="tr_1_tl_2" custom="readingOrder {index:1;}">
                <Coords points="589,1877 2199,1900 2199,1773 2099,1727 1988,1778 1866,1729 1776,1773 996,1719 589,1773"/>
                <Baseline points="603,1863 648,1866 692,1869 737,1869 782,1866 827,1869 872,1869 916,1869 961,1869 1006,1869 1051,1869 1096,1869 1140,1869 1185,1869 1230,1872 1275,1872 1320,1872 1364,1875 1409,1875 1454,1878 1499,1875 1544,1875 1588,1875 1633,1875 1678,1875 1723,1875 1768,1878 1812,1878 1857,1878 1902,1875 1947,1878 1992,1878 2036,1878 2081,1878 2126,1881 2171,1884 2204,1884"/>
                <TextEquiv>
                    <Unicode>es findet sich schon was Neues.</Unicode>
                </TextEquiv>
            </TextLine>
            <TextLine id="tr_1_tl_3" custom="readingOrder {index:2;}">
                <Coords points="565,2080 1528,2029 2442,2080 2424,1864 1858,1933 1766,1889 1616,1951 1327,1882 563,1905"/>
                <Baseline points="579,2018 624,2021 668,2021 713,2021 758,2024 803,2021 848,2024 892,2024 937,2024 982,2024 1027,2024 1072,2027 1116,2024 1161,2024 1206,2024 1251,2024 1296,2024 1340,2024 1385,2024 1430,2027 1475,2027 1520,2027 1564,2027 1609,2030 1654,2030 1699,2030 1744,2033 1788,2033 1833,2036 1878,2039 1923,2039 1968,2036 2012,2036 2057,2036 2102,2036 2147,2033 2192,2036 2236,2033 2281,2033 2326,2033 2371,2036 2416,2039 2449,2039"/>
                <TextEquiv>
                    <Unicode>Max: Jetzt bin ich allein, Seraphine.</Unicode>
                </TextEquiv>
            </TextLine>
            <TextLine id="tr_1_tl_4" custom="readingOrder {index:3;}">
                <Coords points="570,2186 2584,2202 2581,2101 2442,2062 2176,2124 568,2078"/>
                <Baseline points="585,2177 630,2174 674,2174 719,2177 764,2180 809,2180 854,2183 898,2183 943,2183 988,2183 1033,2180 1078,2177 1122,2177 1167,2177 1212,2180 1257,2180 1302,2180 1346,2180 1391,2183 1436,2183 1481,2183 1526,2183 1570,2183 1615,2183 1660,2186 1705,2183 1750,2186 1794,2186 1839,2186 1884,2189 1929,2189 1974,2189 2018,2189 2063,2189 2108,2189 2153,2189 2198,2189 2242,2189 2287,2189 2332,2192 2377,2195 2422,2198 2466,2195 2511,2195 2556,2192 2589,2189"/>
                <TextEquiv>
                    <Unicode>Seraphine: Und man wäre nicht abgneigt</Unicode>
                </TextEquiv>
            </TextLine>
            <TextLine id="tr_1_tl_5" custom="readingOrder {index:4;}">
                <Coords points="570,2344 2194,2364 2194,2235 2060,2197 1254,2207 1151,2269 570,2230"/>
                <Baseline points="585,2326 630,2323 674,2326 719,2329 764,2329 809,2332 854,2332 898,2335 943,2332 988,2332 1033,2332 1078,2332 1122,2335 1167,2335 1212,2335 1257,2338 1302,2338 1346,2338 1391,2338 1436,2338 1481,2338 1526,2338 1570,2338 1615,2341 1660,2338 1705,2338 1750,2338 1794,2338 1839,2341 1884,2341 1929,2344 1974,2344 2018,2344 2063,2341 2108,2341 2153,2341 2198,2341 2201,2341"/>
                <TextEquiv>
                    <Unicode>wie? Da es sich geradeso trifft</Unicode>
                </TextEquiv>
            </TextLine>
            <TextLine id="tr_1_tl_6" custom="readingOrder {index:5;}">
                <Coords points="568,2506 2424,2540 2377,2367 1032,2395 565,2339"/>
                <Baseline points="579,2478 624,2478 668,2481 713,2481 758,2484 803,2487 848,2487 892,2487 937,2487 982,2487 1027,2487 1072,2487 1116,2487 1161,2490 1206,2487 1251,2490 1296,2490 1340,2487 1385,2487 1430,2487 1475,2490 1520,2493 1564,2493 1609,2493 1654,2493 1699,2496 1744,2496 1788,2496 1833,2493 1878,2493 1923,2496 1968,2499 2012,2499 2057,2502 2102,2502 2147,2502 2192,2502 2236,2502 2281,2499 2326,2499 2371,2502 2416,2502 2428,2502"/>
                <TextEquiv>
                    <Unicode>leicht nach dem vonzert heute,Schatz</Unicode>
                </TextEquiv>
            </TextLine>
            <TextLine id="tr_1_tl_7" custom="readingOrder {index:6;}">
                <Coords points="547,2697 1193,2643 1621,2715 1791,2656 2615,2749 2579,2514 545,2532"/>
                <Baseline points="561,2640 606,2643 651,2640 695,2643 740,2640 785,2640 830,2637 875,2640 919,2640 964,2643 1009,2643 1054,2643 1099,2643 1143,2643 1188,2643 1233,2643 1278,2646 1323,2646 1367,2649 1412,2649 1457,2649 1502,2649 1547,2649 1591,2649 1636,2649 1681,2652 1726,2649 1771,2649 1815,2652 1860,2649 1905,2649 1950,2649 1995,2652 2039,2652 2084,2652 2129,2655 2174,2652 2219,2652 2263,2652 2308,2652 2353,2655 2398,2652 2443,2652 2487,2652 2532,2652 2577,2652 2622,2655 2625,2652"/>
                <TextEquiv>
                    <Unicode>Max: Sprich nicht so. Oder du hast meinen</Unicode>
                </TextEquiv>
            </TextLine>
            <TextLine id="tr_1_tl_8" custom="readingOrder {index:7;}">
                <Coords points="547,2829 1771,2829 1768,2700 1489,2744 1340,2692 1205,2731 976,2648 545,2700"/>
                <Baseline points="561,2792 606,2789 651,2789 695,2792 740,2792 785,2795 830,2795 875,2795 919,2798 964,2798 1009,2798 1054,2801 1099,2801 1143,2798 1188,2795 1233,2798 1278,2798 1323,2798 1367,2798 1412,2801 1457,2801 1502,2801 1547,2801 1591,2801 1636,2804 1681,2804 1726,2807 1771,2810 1774,2810"/>
                <TextEquiv>
                    <Unicode>Brief nicht verstanden.</Unicode>
                </TextEquiv>
            </TextLine>
            <TextLine id="tr_1_tl_9" custom="readingOrder {index:8;}">
                <Coords points="550,2992 2615,2999 2612,2839 2380,2772 2140,2847 1964,2785 1608,2855 547,2826"/>
                <Baseline points="564,2944 609,2944 654,2950 698,2953 743,2953 788,2950 833,2953 878,2950 922,2950 967,2953 1012,2950 1057,2953 1102,2950 1146,2953 1191,2953 1236,2956 1281,2962 1326,2959 1370,2959 1415,2959 1460,2959 1505,2956 1550,2956 1594,2956 1639,2956 1684,2959 1729,2959 1774,2959 1818,2959 1863,2959 1908,2962 1953,2962 1998,2962 2042,2962 2087,2962 2132,2962 2177,2962 2222,2962 2266,2965 2311,2965 2356,2965 2401,2965 2446,2965 2490,2965 2535,2962 2580,2962 2622,2962"/>
                <TextEquiv>
                    <Unicode>Seraphine: Wie gut habe ich ihn verstan.</Unicode>
                </TextEquiv>
            </TextLine>
            <TextLine id="tr_1_tl_10" custom="readingOrder {index:9;}">
                <Coords points="563,3110 2568,3136 2568,2992 2437,2979 563,2999"/>
                <Baseline points="576,3097 621,3100 666,3103 710,3106 755,3106 800,3106 845,3109 890,3109 934,3109 979,3109 1024,3106 1069,3109 1113,3109 1158,3109 1203,3109 1248,3112 1293,3112 1337,3112 1382,3112 1427,3112 1472,3112 1517,3112 1561,3112 1606,3115 1651,3115 1696,3115 1741,3115 1785,3115 1830,3115 1875,3117 1920,3117 1965,3117 2009,3117 2054,3117 2099,3117 2144,3115 2189,3117 2233,3117 2278,3117 2323,3117 2368,3117 2413,3117 2457,3117 2502,3120 2547,3123 2574,3123"/>
                <TextEquiv>
                    <Unicode>den.Einer von uns musste ihn schreiben.</Unicode>
                </TextEquiv>
            </TextLine>
            <TextLine id="tr_1_tl_11" custom="readingOrder {index:10;}">
                <Coords points="547,3289 2493,3296 2491,3123 547,3152"/>
                <Baseline points="561,3258 606,3258 651,3258 695,3258 740,3261 785,3261 830,3261 875,3261 919,3261 964,3261 1009,3261 1054,3261 1099,3258 1143,3261 1188,3264 1233,3264 1278,3264 1323,3264 1367,3267 1412,3267 1457,3267 1502,3267 1547,3267 1591,3267 1636,3267 1681,3267 1726,3270 1771,3270 1815,3270 1860,3270 1905,3267 1950,3270 1995,3270 2039,3270 2084,3270 2129,3273 2174,3273 2219,3276 2263,3276 2308,3273 2353,3276 2398,3276 2443,3276 2487,3273 2499,3270"/>
                <TextEquiv>
                    <Unicode>Du hattest es vielleicht ein wenig zu</Unicode>
                </TextEquiv>
            </TextLine>
            <TextLine id="tr_1_tl_12" custom="readingOrder {index:11;}">
                <Coords points="594,3420 1742,3482 2284,3428 2284,3294 2228,3289 594,3289"/>
                <Baseline points="609,3410 654,3410 698,3416 743,3419 788,3419 833,3422 878,3419 922,3419 967,3419 1012,3419 1057,3422 1102,3419 1146,3419 1191,3419 1236,3419 1281,3422 1326,3422 1370,3425 1415,3425 1460,3425 1505,3425 1550,3425 1594,3425 1639,3425 1684,3425 1729,3428 1774,3428 1818,3425 1863,3428 1908,3428 1953,3425 1998,3425 2042,3422 2087,3422 2132,3425 2177,3422 2222,3425 2266,3428 2290,3428"/>
                <TextEquiv>
                    <Unicode>eilig mit diesem Brief, aber es w</Unicode>
                </TextEquiv>
            </TextLine>
            <TextLine id="tr_1_tl_13" custom="readingOrder {index:12;}">
                <Coords points="573,3598 718,3642 1035,3583 1471,3671 1760,3593 2101,3611 2078,3428 1905,3485 573,3428"/>
                <Baseline points="588,3574 633,3574 677,3577 722,3574 767,3574 812,3574 857,3574 901,3574 946,3574 991,3574 1036,3574 1081,3574 1125,3574 1170,3571 1215,3574 1260,3577 1305,3577 1349,3577 1394,3577 1439,3577 1484,3580 1529,3583 1573,3580 1618,3580 1663,3580 1708,3583 1753,3583 1797,3580 1842,3580 1887,3580 1932,3583 1977,3580 2021,3583 2066,3577 2108,3577"/>
                <TextEquiv>
                    <Unicode>ganz recht, dass du ihn schrieb</Unicode>
                </TextEquiv>
            </TextLine>
        </TextRegion>
    </Page>
</PcGts>
