3512 4392
2757 289 2912 544 10
563 467 2430 762 Zur zweiten Szene des zweifen Aktes.
579 706 2025 952 Gesellschaft bei Westerhaus.
2290 725 2436 877 G.F.P.
579 834 2940 1067 Oberflächliches Gespräch über das bevorstehen
585 980 2495 1198 de Verby,über Sommeraufenthalt u.s.w.
579 1145 3005 1353 Haben sie gehört? Max v. Reisenberg soll die Ba-
2489 1226 2806 1341 Leuite
2492 1316 2819 1453 are to be
588 1285 2427 1540 ronin Jurelie heiraten. Millionen.
607 1447 2925 1708 solche Leute haben glück. Er ist ein unnützer
1235 1537 2816 1724 Beginn: Peter hiemit de alle gut is – in
1294 1637 2225 1811 mied hier nur tülle cha
607 1661 980 1839 Mensch.
616 1724 3117 1948 Sagen Sie nichts Böses über ihn.Judith liebt ihn
644 1885 2959 2113 (Das Schicksal von Westerhaus hängt von einem
632 2091 1792 2290 letzten Börsencoup ab).
622 2215 2946 2402 Jemand: Ich hab den Max eigentlich ganz gern.
616 2352 2959 2545 Zu Ambros: Sie sind sein Freund,Sie müssen es
644 2495 2592 2732 ja wissen, ob er Jurelie heiraten wird.
638 2669 2393 2865 Ambros ist keines Menschen Freund,
632 2781 3124 3049 Sagen sie, Westerhaus, woher haben sie immer diese
632 3021 1139 3177 Zigarren?
638 3124 2253 3317 Sie werden nur für ihn gemacht.
641 3229 2974 3491 Und nachher werden die indianerinnen geköpft.
653 3413 2943 3637 Wer von Ihnen ist jetzt der Liebhaber meiner
669 3631 949 3827 grau?
