6840 4360
4443 529 6367 755 (Fabri: So muss ich's mit mir selbst
4464 710 5488 901 ausma chan. (Pause)
4471 846 6412 1052 Aurelie : Wollen wir’s sein lassen für
4453 1040 4922 1213 heute?
4398 1150 5999 1364 Fabri: Sie sind übel gelaunt.
4471 1314 6321 1503 Aurelie: Wahrhaftig nein, so gut ge-
4476 1510 5201 1649 launt als je.
4471 1581 6369 1787 Fabri: (wie in Erleuchtung, den Blick
4481 1760 6417 1966 in ihren Augen) Dies wäre - ein Schim-
4469 1908 6339 2130 mer - (am Bild,wieder zögernd) nein -
4481 2067 6359 2236 vorbei. So bleibt es ein vergebliches
5649 2175 5876 2271 gestalt
4476 2213 6427 2422 Bemühen.) Wie soll man schaffen, wo man
4466 2409 5131 2558 nicht kennt.
4481 2507 6286 2744 Aurelie: Ist mich zu kennen gar so
4496 2706 4889 2872 schwer?
5015 2671 5430 2885 in dort
4489 2827 6329 3034 Fabri: Was könnt es für ein Bildnis
4486 2945 6515 3177 werden,herrlicher,als irgad ein anderes,
4474 3119 6045 3331 das ich, das andere je gemalt.
5007 3200 6382 3326 Ich hab thum ihm kist gesetzt
4489 3318 6332 3499 Aurelie: sie sehn, dass ich geduldig
4486 3411 6422 3610 bin.Keine Frist ist Ihnen zubemessen.
4496 3582 5800 3804 Versuchen Sie nur weiter.
