6776 4392
6030 311 6288 555 103.
4354 494 5424 669 West erhaus - Judith.
4364 635 6324 856 Judith: Was auf die ser ganzen Welt ist
4378 788 6256 1027 so viel wert. Dazu bleibt doch immer
4374 958 4938 1151 noch Zeit?
4371 1073 6276 1316 Westerhaus: Immer nicht.Jetzt ist sie
4376 1284 4554 1442 da.
4364 1374 6266 1586 Judith: Warum? Einmal warst du schon
4378 1537 6324 1754 so weit. Ich weiss es. Wenn ich auch bei
4378 1730 5656 1910 nah ein Kind war damals.
4366 1846 6312 2048 West erhaus: (blickt nah rückwärts, als
4366 2002 5456 2201 hörte er ein Geräusch)
4361 2158 6222 2335 Judith: (zieht die Portière vor die
4374 2308 6271 2513 Türe) Sie trinken Kaffee, sie rauchen.
4359 2454 6295 2676 Du kannst ruhig mit mir reden. Es kommt
4378 2617 4804 2805 niemadd.
4374 2763 5334 2936 westerhaus: Kind.
4361 2931 6315 3118 Judith:rs wird auch diesmal wieder an-
4378 3077 5023 3250 ders werden.
4378 3233 5276 3423 West erhaus: Nein.
4359 3335 6315 3566 Judith: was gilt die Wette? Heut über
4374 3522 6222 3724 ein Jahr bist du wieder ein reicher
4371 3654 6232 3877 Mann, selbst wenn du heut ein Bettler
