3560 4456
2754 359 2942 520 160
763 511 2890 747 os, Max. Der Direktor kommt mit Fenz und
2078 682 2825 873 vie bedoeige :
1859 701 2011 879 .H.F.P.
1063 831 2935 1015 Ich hoffe, die Zimmer werden sie zu-
934 992 2874 1206 stellen. Herrlicher Blick.
2731 1138 2858 1306 G.F.P.
979 1125 2693 1351 ofs Meer, Ich liebe das Meer.
1005 1287 2977 1493 Ist es möglich - Max?
562 1468 2984 1671 Fenz: Herr Ambros Doehl,Sie waren so freund-
559 1574 2990 1781 lich die Zimmer für uns reservieren zu lassen,
556 1788 2790 1975 Dirkktor: Das Interesse ist allgemein. Der
465 1933 3061 2192 S Sal ist ausverkauft, Dürfen wir Sessel aufs Po-
569 2091 1309 2308 dium stellen?
562 2240 3026 2457 Fenz: Sie hat gestern in Kopenhagen einen Rie-
559 2382 2903 2557 senerfolg gehabt. Auch Bekannte. D ### Freiherr
559 2586 1222 2757 von Falkenir
983 2686 1516 2799 mé... Talheur
575 2680 2327 2938 Ambros: gr hielt sich drüben auf?
585 2851 2677 3106 Seraphine: Mein Begleiter war furchtbar,
595 3013 2971 3242 Seraphine: Man sollte einen ständigen Beglei-
1248 3171 2912 3381 leicht wahr, Max, wir spracheneinmal
714 3249 873 3394 e ee
1299 3443 2980 3708 zur Verfügung. Wollen sie, dass
1047 3498 1193 3692 ste
1351 3675 1561 3856 tbe?
