6872 4552
5926 501 6139 676 123
4314 681 6187 946 Julia: Ja, ich selbst.Fluchtverdacht.
4331 824 6297 1082 es war alles vorbereitet.Auch von mir.
4331 986 6350 1254 Was, ich bin schlau? Gib Acht, wir werden
4347 1197 5043 1392 gleich hören.
4342 1272 6129 1550 Judith: Ich habe schon gehört. Aber
4349 1457 5879 1652 ich wollte dich nicht stören.
4352 1557 6242 1785 Julia: Verhaftet? Nun,was den kst du?
4362 1700 6365 1955 So viel bekannt ist hat er etwa in ein-
4387 1890 6307 2123 einhalb Millionen unterschlagen. Unter
4394 1978 6407 2251 fünf Jahren kommt er nicht weg. Und wem
4407 2226 5656 2409 er wieder herauskommt, -
4404 2323 6355 2586 Judith: Er ist schon wieder herausge -
4409 2521 5984 2739 kommen. Er ht sich erschossen.
4427 2707 5315 2867 Julia: Du sagst -
4439 2839 5541 3045 Judith: Die Wahrheit.
4447 2964 6304 3170 Julia: Also frei - für immer - keine
4459 3110 6259 3335 Angst mehr - frei - Gott sei Dank!
4454 3200 6435 3515 : Ich will keine Nacht mehr unter
4497 3277 4835 3370 Judithä
4469 3440 5636 3630 diesem Dache schlafen.
4472 3515 6482 3773 Jurich: Keine Sorge, mein Schwesterchen
4482 3693 6367 3933 schlaf ruhig. Ich werde nicht zuhause
