3544 4024
132 224 643 468 18/8.1921.
1134 485 1737 623 Dritter Akt.
264 570 2914 821 Halbinsel,parkartige Anlagen, kleine Villen (Hotel). Eine
267 728 2354 982 Anhöhe, das Meer unsichtbar,frühester Morgen.
1384 943 1526 1124 1.
283 1065 2136 1342 Max.Judith aus der kleinen Villa links.
320 1160 2848 1460 Sie haben sich an der englischen Küste getroffen vor
405 1365 2812 1615 etwa drei Tagen.Sie hat die letzten zwei Monate in
2888 1368 3118 1592 &c.
363 1493 2927 1770 London Gesangastudien gemacht. Wie verabredet hatxxxx
2479 1628 3122 1790 wilde from us2
369 1701 2934 1948 sie Max in einem bestimmten Moment gerufen.
415 1836 2944 2067 Max war indessen in Wien, hat nichts getan,auch nichta
425 2011 2367 2268 um seine finanzielle Situation zu retten.
445 2152 2963 2360 Judith' Nun scheiden. Drei Nächte war ich mit dir, ich
494 2274 2940 2515 wollte nicht einmal, dass du mich hieherbegleitest,
448 2485 1790 2729 hier beginnt mein Schicksal.
468 2621 2993 2828 Um übrigen hüllt sie sich in Geheimnis. Max ahnt noch
465 2802 1398 3009 nichts von Arduin.)
461 2930 2967 3168 Max fleht sie an, dass sie bei ihm bleibe,wird heftig
481 3052 2571 3319 Judith: Schon spielst du dich als Herrn auf.
491 3168 2911 3481 Hier erwart ich einen, der jung, schön und reich ist.
458 3336 2690 3596 Wie dumm, dass du Aurelie nicht geheiratet hast,
468 3527 2967 3867 Und was ists eigentlich mit deiner braven Seraphine
