6840 4360
3569 414 4099 600 28. 1. 1916.
4400 595 5060 740 Zweiter Akt.
4423 768 5075 886 Erste Scene."
4418 911 5073 1044 Bei Aurelie.
4418 989 6393 1177 Blick auf den Garten,Balkon,Türe offen
4423 1195 5642 1335 rechts und links Türan.
4423 1300 5745 1488 Aurelie.Fabri, sie malend.
4438 1478 6177 1637 Fabri: Wo denken Sie hin,Aurelie?
3740 1539 4327 1684 1. deux sieurs
4435 1616 6403 1782 Aurelie: (Ich weiss es nicht] Doch dacht
3745 1659 4267 1862 des Foutes
4440 1792 6385 1940 ich's später einmal auf Ihrem Bild zu
4435 1923 5996 2134 lesen. Das mitt ich später einen¬
4920 1943 6308 2154 M in mein Finsil u nach König
4428 2091 6240 2302 Fabri: Ich glaube, mein Pinsel kann
4440 2226 6385 2384 Ihrer Seele nicht nach. Wo flieht sie
4460 2367 6325 2585 hin? Wo flattert sie? Wohin verliert
4458 2580 4972 2751 sie sich?
4458 2656 6453 2892 Aurelie: Das Licht ist vielleicht nicht
4470 2904 4694 3030 gut.
4458 2964 6353 3215 Fabri: Das Licht wäre so übel nicht,
4453 3085 6473 3346 ein wenig blass wie dieser Himmel stet
4483 3301 6064 3489 ist, doch ohne Lüge wie das Sn.
4478 3426 5904 3697 ne nicht das Licht! Ich kon
4463 3609 5931 3813 weiter. Nun müh ich mich tag
