3624 4808
2385 706 3004 917 I. Iwanl
1031 772 2260 1028 Andern in Enfang dabei
2558 1045 3216 1208 sert, ugut ind
803 1076 2433 1291 Aurelie, Falkenir.
2523 1132 3326 1308 Segen etc, in T. A.
817 1281 3288 1419 Aurelie: 1st es dein Ernst? Weisst du,was ich bin?
405 1267 782 1436 his mippers
381 1391 716 1537 du-del
817 1423 3115 1609 Falkenir: Bin ichs nicht, der dich dahin gebracht
360 1495 765 1713 theile
1893 1558 2686 1675 Mr Raubt on her -?
786 1571 1025 1717 ha t?
1717 1634 3385 1803 Amtr. huit Juni.  Et. - verlet uit- namen
879 1717 2333 1897 Aurei ie' Wirst du es ertragen?
2499 1762 3274 1928 in me it will have
744 1869 2880 2070 Falkenir: Wär ich sonst da' Ich frage nichts,
2478 1963 3150 2101 Wufahre in Paris.
2461 2056 3264 2219 W:llenlleit uit mit
737 2059 2250 2184 Aurelie' Du sollst aber fragen.
727 2188 2343 2378 Falkenir: Du wirst mir erzählen.
2378 2243 2648 2392 spar les
703 2319 3278 2523 Aurolie' Das wäre zu spät. (Ich kann deine Gattin nicht
675 2492 1291 2672 mehr sein. )
713 2651 3361 2793 Falkenir: Komm zu dir,Aurelie. Wenn ich vergessen kann
671 2804 3454 2997 [Aurelie] Du glaubst das nur,erst musst du drei Proben best
1914 2914 2994 3060 Let dieu tes ou plus -
730 2997 959 3126 hen.
2156 3029 3039 3177 den unserm
668 3077 2793 3288 Falkenir: Immer im Märchen... Lass hören.. »
668 3243 3254 3472 Aurelie Nicht so. Sie werden zufällig an dieh heran)
678 3420 3323 3641 treten. Lass uns im Park spazieren gehen,erzähl mir von
665 3558 1409 3776 deinen Reisen.
900 3724 3354 3866 Ist holl durch “Ich frage wahls”. Ihnen ein haer? “Siam
948 3835 1918 4053 Jepurin! – Tils t glant
1149 3925 2766 4192 Lapart St als und die ver¬
1523 4102 3105 4309 at her it der gute erlassen.
1346 4240 2589 4455 mifet veut ct
