7005 4360
4780 269 5881 446 Une des konnts me
5507 401 6092 527 gette vom
6272 398 6438 540 59
4463 477 6475 720 das mag wahr sein. Aber vor allem sind
4450 622 5383 820 Sie leichtsinnig.
4424 791 6319 1028 Max: Man muss den Sorgen (und
4445 949 6285 1107 Schmerzen nicht entgegenlaufen. Man
4429 1068 6361 1302 begegnet ihnen immer auf halbem Wege.
4376 1207 6435 1458 (Also weiter -Vielleicht finden Sie doch
4403 1392 5251 1587 was Gutesan mir.
4408 1542 6338 1740 Seraphine: Nicht viel. Höchstens, dass
4395 1700 6058 1909 man Ihnen nicht böse sein kann.
4363 1830 6264 2035 Max: (Wenn Sie so denken) ist das wohl
4360 2017 6042 2191 mehr eine Eigenschaft von Ihnen.
4366 2149 6303 2365 Seraphine: Oh nein,Anderen könnte ich
4355 2323 6182 2499 auch böse sein.Zum Beispiel, wennich
5489 2462 6438 2576 and that. - I am here
4342 2439 6232 2657 einen sehr lieb hätte, dem könnte ich
5573 2602 6451 2747 ere der ist uns
4337 2623 6459 2847 wohl auch sehr böse sein. Ihnen gewiss
4316 2729 6314 3003 nicht) Aber nun haben wir genug geplau¬
4326 2937 6256 3116 dert fürs erste Mal. Es ist spät,Gute
4305 3053 4666 3187 Nacht.
5138 3077 6103 3287 ... troh... ich verpunden
4276 3208 6148 3430 Max: Wohin denn? (Was lookt Sie?) Sie
4300 3366 6121 3580 sehen doch wahrhaftig nicht aus, als
4281 3501 6019 3765 wenn Sie auf Abenteuer ausgingen.
