3624 4792
2902 986 3034 1137 15
1619 1121 1787 1273 11.
669 1286 1467 1499 Ambros und Max.
675 1399 3273 1664 Ambros: (Jetzt versteh ich den Zusammenhang. Sie haben
2013 1515 2659 1625 si unis ont de
682 1574 3264 1774 Judith hiehergebracht. Nun habe ich eine Bitte an Sie.
685 1725 3147 1906 Reisen Sie ab. Lassen Sie sich nicht mehr sehen. Es
695 1835 3283 2078 gilt ein Unheil zu verhüten. Falkenir ist da. Er wird
698 2052 2110 2236 Ihren Anblick nicht ertragen.
698 2194 2808 2372 Max: Wofür halten Sie mich? Soll ich fliehen“
704 2352 3125 2556 Ambros: Nicht auf Sie kommt es an. AmiAurelie und
704 2453 3215 2679 Falkonir. Hier kommt vielleicht Ihre Rettung. Ihrel
698 2659 2026 2873 Seraphine,überlass ich ihn.
721 2782 3276 3050 Der Direktor kommt wieder,erfürchtet,dass das Konzert
717 2982 2184 3186 nicht wird stattfinden können.
1073 3063 3386 3293 the Begleite kind night, has - wll begled
1347 3273 2717 3474 Viellicht hier aus Scheepen
2129 3403 3325 3603 Andie Talhem Mme
