3656 4776
891 826 3244 1097 Max' Ich will nur dich, ich will dein Kammerdiener
901 1028 2789 1246 sein, xx dein Begleiter auf Kunstreisen.
904 1147 3412 1437 Judith' Dazu hast du nicht genug Talent- Verführe du
916 1309 3403 1524 nur weiter. Von jetzt an sind wir nur gute Bekannte.
922 1458 3378 1695 Warum hast du dein Geld nicht von Westerhaus weggen
975 1661 2281 1907 nommen, wie ich dir geraten.
935 1745 2833 2035 Von Juliens Schicksal weiss man nichts.)
957 1935 3172 2203 Judith: Wie hab ich Julian geliebt,wie hav ich
947 2150 1885 2353 Westerhaus geliebt.
957 2266 3219 2505 Sie steigt auf die Anhöhe. Ist das Schiff schon
1013 2384 3300 2627 sichtbar? Leb wohl, ich will jetzt noch schlafen.
1007 2555 3088 2780 Es ist aus. Ich darf nicht mit einem Fehler
1019 2758 1948 3004 beginnen. Sie geht.
1100 2904 2418 3104 Ich brauche fürdig sein. Amt
1131 2998 3260 3247 men. Warum gerade hier? - Art, Ambass Drchl
1175 3182 2272 3325 ter ist doit weit seit!
1119 3269 2736 3462 So du kommt doit zu der rückliche
1505 3422 1764 3587 Amilie.
1328 3524 3029 3696 Es nach Nellert zu rückt notreuig
1312 3643 3088 3802 daß er im phimen zusammen sein
1265 3743 3166 3961 Spal nacht angekennen.. Ihn diese Siede hat at den
1421 3902 3188 4029 nicht, sieken sollen sich wollte. An allen
1462 4026 2166 4132 his ankunnen
1546 4029 2914 4266 H to be in hagern kunden
