3624 4776
2735 941 2859 1102 22
668 1056 3029 1323 Falkenir^ Wir wollen fliehen. Irgendwohin,wo dich
677 1235 3105 1451 niemand kennt. Wir wollen von allen diesen Me. schen
674 1436 2926 1590 nichts mehr wissen. Wir wollen allein sein. All
659 1569 3096 1742 dies wird vergehen. Mach dich bereit, ich will auch
2091 1700 2871 1882 Oden: Esqr  C
671 1760 1836 1924 Ambros nicht mehr sehen.
2121 1775 3156 1967 nacht - - dann selbe
668 1897 1648 2079 Aurelie Also, flieh!
671 2091 2801 2273 Falkenir' Ja. Und wir werden glücklich sein.
677 2197 2422 2434 Aurelie: Wir werden glücklich sein.
734 2349 3062 2589 (2), wie plücke, die hast die Proben bestem¬
1023 2498 2431 2707 (the Run it in the public)
1083 2643 2559 2856 Sie. Wynbel die mir
1117 2807 2252 3020 Et : - Verserter die mir
935 2999 2923 3178 felst mit: es, hin fliebe - es neue auch
953 3126 2868 3351 Welt. his hann eines ouvrages:
1008 3296 2898 3505 Ein neu Leben fürgt an. - Mes. Curte
1014 3454 1751 3612 Grysa - Stattes.
1196 3612 2853 3779 Sagterl die fliebe? Wann, leit flieb
1090 3721 2489 3912 die -:. wenn ich aber nicht mit!
1132 3854 2088 3976 h ich u. auch verblich:
1366 3882 2340 4122 Richt  .
1138 4067 2458 4285 I - als ich triderve mit
1190 4197 1554 4389 einst.
