6744 4664
840 830 2079 1098 sodos tiw bals ow. d0 :
1016 978 2193 1191 xxxadieh xxx xxx
447 1157 2180 1377 irnad - fielge ein ein hnü.axi xxx
356 1321 2095 1590 Ihm einen meld xxx dal :enings
503 1478 1452 1715 Monsieur M. Décembre mais
279 1675 1619 1893 mle door mehres nie jede
487 1797 1712 2045 ab und jeden xxx. xxx
330 1928 1457 2233 In A. mert xxx xxx
407 2204 1574 2550 se maiim a/s.am ae ii
306 2515 1707 2861 tim Jok adell xxx
3571 622 4004 832 17.12.1916.
4305 771 4640 920 Ambros
4275 869 5046 1082 Stettue - Max.
4291 1045 5488 1226 Ambros: Also auch sie?
4289 1191 5645 1388 Max: Was fällt Ihnen ein?
4297 1276 6293 1526 Ambros: Lehren sie mich Blicke kennen.
4307 1523 6264 1683 Wollen Sie diskret sein? Das ist eine
4270 1582 6253 1835 Tugend zweiter Ordnung,wenn sie nicht
4294 1784 6315 2026 ein Raffinnement mehr ist. Und auch sie
4283 1981 5054 2151 zu verlassen -
4259 1989 6400 2305 Max: Eine seltsame Geschichte. Ich hätte
4307 2295 5932 2454 eigentlich mit ihr fort sollen.
4291 2348 6365 2614 Ambros: Mit ihr? Als Begleiter gar? Wäre
4302 2558 5886 2776 am Ende auch ein Beruf gewesen.
4299 2733 6174 2959 Max: Aber ich bekam Angst hängen zu
4291 2890 4812 3071 bleiben.
4278 3010 6373 3209 Ambros: Sie können hier ein sonderbares
4299 3143 6320 3371 Fest feiern. Sie werden noch eine Ihrer
4291 3318 5429 3547 Geliebten hier sehen.
4281 3496 5014 3698 Max: Aurel ie?
4259 3661 4927 3861 Ambros: Ja.
4291 3744 5873 4001 Max: Sie ist hier? Mit Fabri?
4291 3948 5929 4196 Ambros: Fabri - wo ist das -.
