6824 4632
4734 489 6267 709 Anton 14 jent die Blick 235
6452 545 6624 690 rag
6424 649 6656 762 Yours
4822 618 6333 752 habe das Rest The Verwegung gekosten
5549 715 6549 853 I have not in the
4771 699 5558 897 ung. - Reirahlen
4101 709 4706 903 Ambros. Max.
5546 799 5772 875 a de
6057 777 6643 925 dazuen 1 eher
4085 840 6609 1056 Max: (gegen den Garten zu) Welch ein wriede,
6301 969 6543 1069 met
6380 1028 6678 1169 Myn!
4094 1041 4405 1216 hier.
4094 1119 6355 1348 Ambros: Sieht wohl auch nur so an.Freilich,
5505 1267 5900 1361 in his
4101 1310 6273 1492 friedlich als dort, von wo hier herkommen,
4082 1480 6279 1643 Max: Man ist vielleicht ein Narr. Aber das
4097 1605 6508 1815 Leben ist so interessant.
5624 1652 6430 1799 décret. de la sel..
4097 1734 6452 1994 Ambros: Sie haben es gut. Alles nur sehen, sich
4104 1903 6383 2122 dran freuen oder auch dran leiden, aber doch
4101 2075 6342 2298 nicht es zwingen wollen. Halten - in Rahmen
4113 2235 4518 2458 fassen.
4110 2392 5408 2618 Max: Sie reisen morgen? -
4113 2508 6508 2765 Ambros: Allerdings weiss ich noch nicht wohin.
4113 2662 6402 2869 Jedenfalls bin ich am fünfzehnten September
4326 2828 4596 2937 Gillelly
5496 2828 6361 3025 mich der Prinz
4123 2859 5427 3050 in Moll e. Für diesen Tag
4110 2994 6471 3226 auf sei u Schiff geboten. Wo mag er jetzt sein.
4091 3169 4677 3364 Max: Hier.
4123 3276 5888 3517 Ambros: Wo haben Sie ihn gesehen?
5960 3317 6678 3605 hier kunde sert?
4104 3467 5677 3709 Max: Bei Aurolie. (jetzt erst)
6016 3508 6618 3662 renant rien
4110 3624 5862 3865 Ambros: Wie? (Sie mit selbst)
6370 3630 6621 3796 seit
4304 3737 6593 3975 I is in the pluble. Ist vesser: "Iil deur telleur
4251 3925 6536 4079 insinnig! – (Er dar eine kleine schiebt, das es gesicht
