6936 4392
605 824 1207 1078 Tewes Teil
680 1092 2020 1297 fiev gebelw doa cedadme
666 1271 2043 1501 .edole7 mehr xxxmim Jnseja d
1346 1403 1798 1602 . (ailleur
542 1654 1697 1876 . baedA medeO (bnemmod
513 1821 1688 2028 xxx durch mit xxx.
524 1965 1896 2204 Jnois effs noim dl jdad.n
2026 2011 2193 2207 ab
542 2492 2308 2818 .neffen zu stöw niem ab sie dol:
507 2740 2619 2942 sindpüft xxxxx dela).###ldäwaa edxxd dol
582 2919 2011 3138 mal mani. Ihm haab. Es nicht
726 3066 1631 3279 Teld.ilmedla¬
1389 3907 1579 4068 . Ida
4155 519 5157 740 Aurelie.-Falkenir.
4195 689 6267 905 Aurelie: Wie lange waren diese drei Mo-
4195 827 6200 1046 nate, mein Freund. So lange hab ich Ihre
4186 954 6105 1170 Stimme nicht gehört. Wollen sie mich
4195 1135 5544 1357 nobhlänger warten lassen?
4201 1328 5973 1507 Falkenir: Ich danke Ihnen,Aurelie.
5820 1351 6350 1498 d'Mertis,
4192 1435 6301 1657 Aurelie: (kopfschüttelnd) (Dank - ein schö-
4201 1573 6235 1821 nes Wort. Klingt's nicht ein wenig lau?
4184 1732 6195 1933 Ich weiss ein schöneres Ich bin glück-
4198 1936 4503 2095 lich.
4210 1985 6526 2227 Fol. ke nir: Aurolie! Da. (Hann kein)
4990 2170 5486 2279 The Unisat is a
4184 2155 6212 2394 Aurelie: Es war ein wenig töricht, dass
4198 2325 6321 2559 ich die Mitternachtsstunde heute erwarten
4186 2495 6290 2688 musste.) Längst hätt' ich Sie gerufen. Aber
4198 2628 6321 2858 man durfte den beiden Kindern nicht ihre
4195 2778 6321 3022 Märchenfreude und ihr Märchenleid verder-
4210 2979 4673 3195 ben.
4215 3120 6221 3319 Falkenir: Wussten Sie's schon lang vor
4207 3259 4996 3481 dieser Stunde?
4224 3434 6224 3671 Aurelt: Ich glaube, ich wusstes schon,
4227 3544 6333 3769 als ich damals vom Ball der Fürstin nach
4215 3740 6270 3956 Hause fuhr.Aber da mir so viel Zeit ge-
