6824 4376
6139 338 6323 655 89
4574 575 6423 806 rahri: Aurolie,Sie hatten Recht,das
4561 732 6504 973 Licht in diesem Raum und dieser Raum
4558 866 6423 1140 Hier kann's mir nie gelingen. Jedoch
4544 1023 6507 1271 bei mir, in meinem Garten, im Freien, die
4534 1190 6487 1414 Sonne selbst und Sonnenflecken - ja -
4534 1321 6494 1572 auf deinen Wangen,deinem Haar,aufdei-
4521 1468 6246 1715 nem Nacken, deiner weissen Brust -
4012 1628 4410 1883 Nicht die
4521 1645 6350 1846 Aurelie: So sind Sie ganz verrückt?
4521 1819 6356 1996 Fabri:Dein Bild - esmuss werden. Du
3842 1826 4397 1980 In Thicar Jacob
3825 1933 4330 2070 in ju nil.
4517 1973 6443 2210 bist es mir, du bist es der Menschheit
3758 2046 4364 2183 ouche frais un
4497 2100 4992 2300 schuldig.
3735 2140 4120 2270 de même
3852 2244 4270 2391 de Reine
4487 2237 6296 2481 Aurelie: Haben Sie immer das erste
3862 2344 4344 2548 shee toie
4484 2421 6437 2611 Bild vernichtet?, wenn eine Frau Ihnen
3745 2561 6433 2752 Un welchem gefiel? Und ist Ihnen das zweite immer
3762 2678 4996 2882 weil der unter gelungen?
3882 2866 4330 3006 gelävge.
4461 2832 6336 3070 Fabri: (ruhiger als früher) Das Ihre
3715 3006 4263 3183 Sie woort
4461 3016 5484 3217 würde mir geliugen.
3742 3126 4297 3310 nicht verkurzigen
4454 3163 5778 3344 Aurelie: Und wenn nicht -
4454 3330 6286 3521 Fabri: So hätten Sie sich eben ber-
4451 3454 6387 3718 schenkt. Hätten nur glücklich gemacht.
4420 3645 6333 3849 Ist das so wenig? Und warum nicht, Au¬
