6920 4200
3774 197 6444 583 solle to wei cis hil gueld
748 267 3292 650 I met theb. p en
401 362 608 636 21
882 506 3176 805 I have épouse for
3735 509 6339 791 sie wenn er wil Bilder in the
4951 650 6131 826 reuil N'ebe, tué.
819 685 3138 1005 dée Celteméere s'asse fêtée vie
3767 699 6409 959 heraalen xxx wie gewäldig
4863 885 5531 1033 Kolle der
762 917 3060 1226 lauen in cidie fafll is d
3844 907 5850 1230 J'ai ce Schlafhegul male.
3788 1167 6564 1507 Ach Syne K. Erleh. L. Freund
2881 1251 3057 1381 1a
801 1170 2818 1465 hane gibt sill.
5903 1304 6290 1490 aient
808 1406 3064 1666 Witers had    to be
3819 1395 6367 1676 nebr hein A f gewil i
3844 1592 6262 1915 auf Restelling (Wie Sie)
787 1644 2857 1950 scherter... wo hatt will....
882 1810 3117 2129 or de meave Reglerte jeb
3890 1796 6592 2186 in une Ateli bemit rolle, pare tr nulle
924 2045 2579 2389 besied befehlt.....
3869 2027 6469 2347 etc, &c the jaue ist.  Et it was
805 2175 3408 2477 M.C. Nov. Keiter in hatt will..
3869 2228 6430 2607 with auf Nestell.) (I do him
900 2428 3338 2772 Syne Cet pourspil bel cet es avril
3918 2491 6451 2762 A.r.... (Si cand elok. Syc.)..    tre hab
970 2653 3282 2948 es doch auf ein Jouel gelebt. unter
3946 2741 6363 3060 die seit in vennen. Ver 100 jat
984 2832 3190 3141 Wlden...
3851 2909 6680 3282 utl hi it (allends) & Ch angerhuef.
1061 3046 2878 3313 eue compte feil utet.
3988 3183 6574 3500 Vielleicht hatt wie
952 3278 2959 3588 Wihi. fys. beist Jysa
4023 3394 6384 3651 I have in a
1023 3507 3366 3816 willem elle hi vu volle de cus
4220 3616 4614 3742 dam  -
4174 3602 6037 3893 "icht weis Talant gehabt."
1121 3689 3106 3918 do is a uns forlentill & ult
