<?xml version="1.0" encoding="UTF-8" standalone="yes"?>
<PcGts xmlns="http://schema.primaresearch.org/PAGE/gts/pagecontent/2013-07-15" xmlns:xsi="http://www.w3.org/2001/XMLSchema-instance" xsi:schemaLocation="http://schema.primaresearch.org/PAGE/gts/pagecontent/2013-07-15 http://schema.primaresearch.org/PAGE/gts/pagecontent/2013-07-15/pagecontent.xsd">
    <Metadata>
        <Creator>prov=READ-COOP:name=TrHtr:version=2.1.0:model_id=51170:date=30_07_2023_00:25</Creator>
        <Created>2023-05-10T13:15:17.113+02:00</Created>
        <LastChange>2023-07-30T00:25:29.084+02:00</LastChange>
        <TranskribusMetadata docId="1428571" pageId="55410627" pageNr="119" tsid="131471773" status="IN_PROGRESS" userId="64420" imgUrl="https://files.transkribus.eu/Get?id=TJABMTOYYMCOKHMZQRWGKUNL&amp;fileType=view" xmlUrl="https://files.transkribus.eu/Get?id=LYHXJSTOGZPPEQWKXUPOWTIJ" imageId="44684770"/>
    </Metadata>
    <Page imageFilename="1428571_0119.jpg" imageWidth="6824" imageHeight="4392">
        <ReadingOrder>
            <OrderedGroup id="ro_1711792837368" caption="Regions reading order">
                <RegionRefIndexed index="0" regionRef="tr_2"/>
                <RegionRefIndexed index="1" regionRef="tr_1"/>
            </OrderedGroup>
        </ReadingOrder>
        <TextRegion id="tr_2" custom="readingOrder {index:0;}">
            <Coords points="554,624 3073,624 3073,3035 554,3035"/>
            <TextLine id="tr_2_tl_1" custom="readingOrder {index:0;}">
                <Coords points="536,772 3033,721 3068,589 2287,617 1789,523 1559,624 539,586"/>
                <Baseline points="554,751 566,745 656,739 745,733 835,733 924,733 1014,733 1103,728 1193,728 1282,722 1372,722 1462,722 1551,716 1641,710 1730,710 1820,704 1909,704 1999,698 2088,698 2178,692 2267,692 2357,686 2446,680 2536,680 2625,674 2715,674 2804,674 2894,674 2983,674 3073,686"/>
                <TextEquiv>
                    <Unicode>Judith: bringen Sie Ihrem Freund auf dem Weg bei,</Unicode>
                </TextEquiv>
            </TextLine>
            <TextLine id="tr_2_tl_2" custom="readingOrder {index:1;}">
                <Coords points="542,917 690,901 800,954 923,904 1055,939 1150,891 1418,923 1581,873 1632,904 1638,750 1373,747 1178,810 1080,775 967,832 674,765 545,794"/>
                <Baseline points="560,901 566,895 656,889 745,889 835,883 924,883 1014,877 1103,877 1193,877 1282,871 1372,865 1462,865 1551,865 1641,871"/>
                <TextEquiv>
                    <Unicode>dass er ruiniert ist.</Unicode>
                </TextEquiv>
            </TextLine>
            <TextLine id="tr_2_tl_3" custom="readingOrder {index:2;}">
                <Coords points="536,1077 2731,1033 2734,863 2451,920 2013,850 1890,920 1707,844 806,961 539,910"/>
                <Baseline points="554,1050 590,1044 680,1044 769,1038 859,1038 948,1032 1038,1032 1127,1026 1217,1026 1306,1020 1396,1020 1485,1020 1575,1014 1664,1014 1754,1008 1843,1008 1933,1008 2022,1002 2112,996 2201,996 2291,990 2380,990 2470,984 2560,984 2649,984 2739,990"/>
                <TextEquiv>
                    <Unicode>Die Gesellschaft entfernt sich allmählich.</Unicode>
                </TextEquiv>
            </TextLine>
            <TextLine id="tr_2_tl_4" custom="readingOrder {index:3;}">
                <Coords points="536,1232 621,1203 756,1241 876,1200 1062,1235 1112,1197 1273,1213 1342,1178 1455,1206 1458,1065 1140,1112 854,1065 750,1109 539,1099"/>
                <Baseline points="554,1199 566,1199 656,1193 745,1187 835,1187 924,1181 1014,1181 1103,1181 1193,1175 1282,1175 1372,1175 1462,1175"/>
                <TextEquiv>
                    <Unicode>Judith und Julia</Unicode>
                </TextEquiv>
            </TextLine>
            <TextLine id="tr_2_tl_5" custom="readingOrder {index:4;}">
                <Coords points="548,1399 2293,1304 2602,1389 2633,1197 1966,1222 1777,1159 551,1285"/>
                <Baseline points="566,1348 578,1348 668,1342 757,1342 847,1342 936,1336 1026,1330 1115,1330 1205,1330 1294,1324 1384,1324 1473,1318 1563,1318 1652,1318 1742,1312 1831,1306 1921,1312 2011,1306 2100,1300 2190,1294 2279,1294 2369,1288 2458,1288 2548,1282 2637,1282"/>
                <TextEquiv>
                    <Unicode>Julia: Du bist blass,Judith,was hast du?</Unicode>
                </TextEquiv>
            </TextLine>
            <TextLine id="tr_2_tl_6" custom="readingOrder {index:5;}">
                <Coords points="558,1537 1232,1487 1304,1525 1395,1480 1566,1480 1569,1440 1383,1377 1169,1405 1090,1358 964,1424 895,1383 564,1383"/>
                <Baseline points="578,1503 584,1503 674,1497 763,1491 853,1491 942,1491 1032,1485 1121,1479 1211,1473 1300,1473 1390,1473 1479,1467 1569,1467"/>
                <TextEquiv>
                    <Unicode>judith: Er ist tot.</Unicode>
                </TextEquiv>
            </TextLine>
            <TextLine id="tr_2_tl_7" custom="readingOrder {index:6;}">
                <Coords points="548,1654 750,1704 1137,1632 1241,1682 1799,1660 1836,1651 1843,1462 1736,1427 1304,1525 1232,1487 901,1531 788,1496 551,1591"/>
                <Baseline points="566,1652 590,1652 680,1647 769,1647 859,1647 948,1641 1038,1635 1127,1629 1217,1629 1306,1629 1396,1623 1485,1617 1575,1617 1664,1611 1754,1617 1843,1629"/>
                <TextEquiv>
                    <Unicode>Julia: Und ich bin frei.</Unicode>
                </TextEquiv>
            </TextLine>
            <TextLine id="tr_2_tl_8" custom="readingOrder {index:7;}">
                <Coords points="561,1830 1197,1780 1427,1824 1984,1764 1988,1714 1748,1625 1361,1723 1213,1676 1005,1717 876,1666 564,1710"/>
                <Baseline points="578,1802 650,1802 739,1796 829,1796 918,1796 1008,1790 1098,1784 1187,1778 1277,1772 1366,1772 1456,1772 1545,1772 1635,1766 1724,1766 1814,1760 1903,1760 1993,1766"/>
                <TextEquiv>
                    <Unicode>Judith: Und eine Bettlerin.</Unicode>
                </TextEquiv>
            </TextLine>
            <TextLine id="tr_2_tl_9" custom="readingOrder {index:8;}">
                <Coords points="564,1984 2432,1890 2895,1944 2948,1707 2139,1729 2003,1852 1625,1890 1197,1783 570,1830"/>
                <Baseline points="584,1957 626,1951 716,1951 805,1945 895,1945 984,1939 1074,1939 1163,1933 1253,1933 1342,1933 1432,1939 1521,1933 1611,1933 1700,1927 1790,1921 1879,1921 1969,1921 2058,1915 2148,1909 2237,1909 2327,1903 2416,1891 2506,1885 2595,1885 2685,1885 2774,1891 2864,1897 2953,1897"/>
                <TextEquiv>
                    <Unicode>Julia: ich? Nie..  ich habe ich nicht! ƒ</Unicode>
                </TextEquiv>
            </TextLine>
            <TextLine id="tr_2_tl_10" custom="readingOrder {index:9;}">
                <Coords points="564,2136 2898,2051 2901,1934 570,2019"/>
                <Baseline points="584,2100 668,2100 757,2094 847,2094 936,2094 1026,2094 1115,2088 1205,2082 1294,2082 1384,2076 1473,2076 1563,2070 1652,2070 1742,2064 1831,2064 1921,2064 2011,2058 2100,2058 2190,2052 2279,2046 2369,2046 2458,2040 2548,2034 2637,2034 2727,2028 2816,2028 2906,2034"/>
                <TextEquiv>
                    <Unicode>Judith: Ich schlafe diese Nacht nicht mehr in</Unicode>
                </TextEquiv>
            </TextLine>
            <TextLine id="tr_2_tl_11" custom="readingOrder {index:10;}">
                <Coords points="580,2287 712,2274 759,2303 910,2255 1017,2287 1197,2233 1257,2268 1260,2110 1203,2092 976,2117 904,2095 803,2110 750,2155 693,2123 583,2142"/>
                <Baseline points="596,2255 638,2249 728,2249 817,2243 907,2243 996,2237 1086,2237 1175,2231 1265,2237"/>
                <TextEquiv>
                    <Unicode>diesem Hause.</Unicode>
                </TextEquiv>
            </TextLine>
            <TextLine id="tr_2_tl_12" custom="readingOrder {index:11;}">
                <Coords points="558,2426 1584,2385 1591,2246 1433,2268 1383,2233 1203,2233 1005,2306 564,2284"/>
                <Baseline points="578,2410 608,2404 698,2398 787,2398 877,2392 966,2392 1056,2386 1145,2380 1235,2380 1324,2380 1414,2375 1503,2369 1593,2375"/>
                <TextEquiv>
                    <Unicode>Julia: Warum nicht?</Unicode>
                </TextEquiv>
            </TextLine>
            <TextLine id="tr_2_tl_13" custom="readingOrder {index:12;}">
                <Coords points="576,2570 895,2552 948,2586 1578,2520 1698,2558 1783,2529 1789,2366 1584,2359 1395,2422 1251,2378 850,2397 762,2454 583,2463"/>
                <Baseline points="596,2560 626,2554 716,2548 805,2542 895,2542 984,2542 1074,2536 1163,2536 1253,2536 1342,2530 1432,2524 1521,2524 1611,2518 1700,2518 1790,2524"/>
                <TextEquiv>
                    <Unicode>Judith: Ich hasse dich.</Unicode>
                </TextEquiv>
            </TextLine>
            <TextLine id="tr_2_tl_14" custom="readingOrder {index:13;}">
                <Coords points="759,2844 1827,2813 1953,2753 2262,2810 2580,2744 2583,2633 1477,2646 1402,2703 1024,2630 765,2715"/>
                <Baseline points="781,2792 871,2780 960,2780 1050,2780 1139,2780 1229,2786 1318,2780 1408,2774 1497,2774 1587,2768 1676,2762 1766,2756 1855,2750 1945,2745 2034,2739 2124,2745 2213,2745 2303,2739 2351,2733 2410,2721 2500,2715 2589,2709"/>
                <TextEquiv>
                    <Unicode>N. Birsegec. auf der Ruis. H.</Unicode>
                </TextEquiv>
            </TextLine>
            <TextLine id="tr_2_tl_15" custom="readingOrder {index:14;}">
                <Coords points="1033,2914 2032,2926 2085,2917 2088,2819 1858,2791 1777,2826 1714,2785 1518,2844 1162,2813 1036,2844"/>
                <Baseline points="1050,2906 1109,2894 1199,2894 1288,2894 1378,2894 1467,2894 1557,2894 1647,2888 1736,2882 1826,2876 1915,2870 2005,2870 2094,2876"/>
                <TextEquiv>
                    <Unicode>au bleibt, rechert et</Unicode>
                </TextEquiv>
            </TextLine>
            <TextLine id="tr_2_tl_16" custom="readingOrder {index:15;}">
                <Coords points="863,3128 1572,3065 1682,3115 1755,3059 2016,3059 2019,2920 1647,2917 1559,2980 1377,2986 1288,2923 1194,2948 873,2848"/>
                <Baseline points="883,3019 954,3019 1044,3019 1133,3019 1223,3019 1312,3025 1402,3025 1491,3019 1581,3019 1670,3007 1760,3001 1849,3001 1939,2995 2028,2995"/>
                <TextEquiv>
                    <Unicode>le miss können. Nogu</Unicode>
                </TextEquiv>
            </TextLine>
        </TextRegion>
        <TextRegion id="tr_1" custom="readingOrder {index:1;}">
            <Coords points="4362,308 6504,308 6504,3811 4362,3811"/>
            <TextLine id="tr_1_tl_1" custom="readingOrder {index:0;}">
                <Coords points="6048,416 6120,400 6133,410 6158,397 6187,425 6272,441 6281,233 6240,246 6212,239 6190,252 6168,230 6114,252 6092,274 6054,261"/>
                <Baseline points="6068,369 6104,364 6194,358 6283,358"/>
                <TextEquiv>
                    <Unicode>102</Unicode>
                </TextEquiv>
            </TextLine>
            <TextLine id="tr_1_tl_2" custom="readingOrder {index:1;}">
                <Coords points="4341,658 4438,693 4489,658 4542,680 4624,646 4671,671 4763,630 4832,633 4835,517 4675,517 4599,476 4489,510 4426,507 4350,472"/>
                <Baseline points="4362,614 4392,614 4481,602 4571,596 4660,590 4750,590 4839,602"/>
                <TextEquiv>
                    <Unicode>2. Scene.</Unicode>
                </TextEquiv>
            </TextLine>
            <TextLine id="tr_1_tl_3" custom="readingOrder {index:2;}">
                <Coords points="4347,850 4624,788 4898,816 5046,765 5169,778 5172,706 5024,639 4977,662 4835,627 4571,684 4489,658 4438,693 4353,674"/>
                <Baseline points="4368,763 4374,763 4463,751 4553,751 4642,745 4732,739 4821,733 4911,728 5000,728 5090,728 5179,733"/>
                <TextEquiv>
                    <Unicode>Bei Westerhaus.</Unicode>
                </TextEquiv>
            </TextLine>
            <TextLine id="tr_1_tl_4" custom="readingOrder {index:3;}">
                <Coords points="4375,926 6039,857 6228,819 6231,721 4382,832"/>
                <Baseline points="4392,913 4445,907 4535,901 4624,895 4714,889 4803,889 4893,883 4982,877 5072,871 5161,871 5251,865 5340,859 5430,853 5519,847 5609,841 5698,835 5788,829 5877,829 5967,823 6056,817 6146,811 6235,817"/>
                <TextEquiv>
                    <Unicode>(Zimmerflucht. Das Zimmer von Wester-</Unicode>
                </TextEquiv>
            </TextLine>
            <TextLine id="tr_1_tl_5" custom="readingOrder {index:4;}">
                <Coords points="4360,1143 6193,1043 6246,917 4369,986"/>
                <Baseline points="4380,1062 4457,1056 4547,1056 4636,1050 4726,1038 4815,1038 4905,1032 4994,1026 5084,1020 5173,1020 5263,1014 5352,1014 5442,1008 5531,996 5621,990 5710,984 5800,984 5889,978 5979,978 6068,966 6158,960 6247,960"/>
                <TextEquiv>
                    <Unicode>haus vorn, dann ein pauohzimmer,dann</Unicode>
                </TextEquiv>
            </TextLine>
            <TextLine id="tr_1_tl_6" custom="readingOrder {index:5;}">
                <Coords points="4363,1282 6029,1181 6256,1228 6268,1040 4372,1153"/>
                <Baseline points="4386,1211 4392,1211 4481,1205 4571,1199 4660,1199 4750,1193 4839,1187 4929,1181 5018,1175 5108,1169 5197,1169 5287,1163 5376,1157 5466,1151 5555,1145 5645,1139 5734,1133 5824,1127 5913,1127 6003,1127 6092,1115 6182,1109 6271,1109"/>
                <TextEquiv>
                    <Unicode>eine Speisezimmer.Zuerst Bühne leer.</Unicode>
                </TextEquiv>
            </TextLine>
            <TextLine id="tr_1_tl_7" custom="readingOrder {index:6;}">
                <Coords points="4378,1377 6023,1304 6057,1213 5194,1219 4678,1307 4385,1273"/>
                <Baseline points="4397,1366 4451,1360 4541,1354 4630,1354 4720,1348 4809,1342 4899,1336 4988,1330 5078,1324 5167,1318 5257,1318 5346,1312 5436,1306 5525,1300 5615,1294 5704,1288 5794,1282 5883,1277 5973,1271 6062,1282"/>
                <TextEquiv>
                    <Unicode>Türen geschlossen. Dann erscheint</Unicode>
                </TextEquiv>
            </TextLine>
            <TextLine id="tr_1_tl_8" custom="readingOrder {index:7;}">
                <Coords points="4372,1575 5456,1556 6016,1471 6136,1512 6142,1377 5273,1364 4382,1446"/>
                <Baseline points="4392,1527 4445,1515 4535,1509 4624,1503 4714,1497 4803,1491 4893,1491 4982,1485 5072,1473 5161,1467 5251,1467 5340,1462 5430,1456 5519,1456 5609,1444 5698,1438 5788,1438 5877,1432 5967,1426 6056,1420 6146,1420"/>
                <TextEquiv>
                    <Unicode>westenhaus. Wenn er die Türe Hinter-</Unicode>
                </TextEquiv>
            </TextLine>
            <TextLine id="tr_1_tl_9" custom="readingOrder {index:8;}">
                <Coords points="4372,1698 6076,1610 6124,1512 4382,1581"/>
                <Baseline points="4392,1682 4427,1676 4517,1664 4606,1658 4696,1652 4785,1647 4875,1641 4964,1635 5054,1629 5143,1629 5233,1617 5322,1611 5412,1605 5501,1605 5591,1599 5680,1593 5770,1587 5859,1581 5949,1575 6039,1569 6128,1575"/>
                <TextEquiv>
                    <Unicode>grund öffnet, sieht man die beiden</Unicode>
                </TextEquiv>
            </TextLine>
            <TextLine id="tr_1_tl_10" custom="readingOrder {index:9;}">
                <Coords points="4378,1862 4460,1906 4561,1852 5944,1808 6183,1767 6193,1613 5941,1682 4385,1755"/>
                <Baseline points="4397,1831 4403,1831 4493,1814 4582,1808 4672,1802 4761,1802 4851,1796 4941,1790 5030,1784 5120,1778 5209,1778 5299,1772 5388,1766 5478,1760 5567,1748 5657,1748 5746,1736 5836,1736 5925,1730 6015,1724 6104,1718 6194,1718"/>
                <TextEquiv>
                    <Unicode>anderen Zimmer. Das Rauchzimmer ist</Unicode>
                </TextEquiv>
            </TextLine>
            <TextLine id="tr_1_tl_11" custom="readingOrder {index:10;}">
                <Coords points="4388,2048 6224,1931 6234,1773 4397,1899"/>
                <Baseline points="4409,1969 4445,1969 4535,1963 4624,1963 4714,1957 4803,1951 4893,1945 4982,1939 5072,1939 5161,1927 5251,1921 5340,1915 5430,1915 5519,1909 5609,1897 5698,1897 5788,1891 5877,1885 5967,1879 6056,1879 6146,1867 6235,1867"/>
                <TextEquiv>
                    <Unicode>noch leer, im Speisezimmer sieht man</Unicode>
                </TextEquiv>
            </TextLine>
            <TextLine id="tr_1_tl_12" custom="readingOrder {index:11;}">
                <Coords points="4407,2145 6133,2051 6139,1928 5676,2016 5604,1959 4413,2057"/>
                <Baseline points="4427,2124 4439,2118 4529,2112 4618,2112 4708,2106 4797,2100 4887,2094 4976,2088 5066,2082 5155,2082 5245,2076 5334,2070 5424,2064 5513,2058 5603,2052 5692,2046 5782,2040 5871,2040 5961,2028 6050,2028 6140,2028"/>
                <TextEquiv>
                    <Unicode>eine kleine Gesellschaft am Tisch</Unicode>
                </TextEquiv>
            </TextLine>
            <TextLine id="tr_1_tl_13" custom="readingOrder {index:12;}">
                <Coords points="4394,2328 4854,2306 4949,2366 5185,2281 5475,2340 5887,2262 6253,2312 6322,2063 4401,2199"/>
                <Baseline points="4415,2279 4445,2279 4535,2267 4624,2261 4714,2255 4803,2255 4893,2249 4982,2243 5072,2237 5161,2231 5251,2225 5340,2219 5430,2213 5519,2213 5609,2207 5698,2201 5788,2196 5877,2190 5967,2184 6056,2178 6146,2172 6235,2166 6325,2166"/>
                <TextEquiv>
                    <Unicode>sitzen, doch schliesst sich diese Türe</Unicode>
                </TextEquiv>
            </TextLine>
            <TextLine id="tr_1_tl_14" custom="readingOrder {index:13;}">
                <Coords points="4429,2488 4498,2470 4634,2498 4662,2473 4734,2476 4769,2454 4842,2448 4848,2312 4769,2309 4687,2353 4649,2325 4608,2350 4549,2322 4473,2350 4435,2337"/>
                <Baseline points="4445,2428 4493,2422 4582,2416 4672,2404 4761,2410 4851,2410"/>
                <TextEquiv>
                    <Unicode>sofort).</Unicode>
                </TextEquiv>
            </TextLine>
            <TextLine id="tr_1_tl_15" custom="readingOrder {index:14;}">
                <Coords points="4438,2580 6196,2507 6256,2488 6262,2334 5947,2347 5645,2454 4445,2485"/>
                <Baseline points="4457,2571 4475,2577 4565,2565 4654,2565 4744,2560 4833,2554 4923,2548 5012,2542 5102,2542 5191,2536 5281,2524 5370,2518 5460,2512 5549,2512 5639,2506 5728,2500 5818,2494 5907,2494 5997,2488 6086,2482 6176,2476 6265,2470"/>
                <TextEquiv>
                    <Unicode>West erhaus: (an den Schreibtisch,ein</Unicode>
                </TextEquiv>
            </TextLine>
            <TextLine id="tr_1_tl_16" custom="readingOrder {index:15;}">
                <Coords points="4442,2769 6322,2703 6354,2542 4448,2627"/>
                <Baseline points="4463,2727 4475,2721 4565,2721 4654,2715 4744,2709 4833,2703 4923,2703 5012,2697 5102,2691 5191,2685 5281,2679 5370,2673 5460,2667 5549,2661 5639,2655 5728,2655 5818,2649 5907,2637 5997,2637 6086,2637 6176,2631 6265,2625 6355,2625"/>
                <TextEquiv>
                    <Unicode>niener tritt ein mit Telegrammen,geht</Unicode>
                </TextEquiv>
            </TextLine>
            <TextLine id="tr_1_tl_17" custom="readingOrder {index:16;}">
                <Coords points="4448,2911 5185,2936 5462,2851 5563,2904 5705,2835 6253,2848 6347,2832 6354,2709 4457,2775"/>
                <Baseline points="4469,2882 4475,2876 4565,2876 4654,2870 4744,2858 4833,2852 4923,2846 5012,2846 5102,2840 5191,2834 5281,2828 5370,2822 5460,2816 5549,2810 5639,2804 5728,2804 5818,2798 5907,2792 5997,2786 6086,2780 6176,2780 6265,2786 6355,2792"/>
                <TextEquiv>
                    <Unicode>ab. West erhaus öffnet die Telegramme,</Unicode>
                </TextEquiv>
            </TextLine>
            <TextLine id="tr_1_tl_18" custom="readingOrder {index:17;}">
                <Coords points="4448,3100 6360,2992 6366,2860 4703,2961 4457,2917"/>
                <Baseline points="4469,3031 4487,3031 4576,3025 4666,3019 4756,3013 4845,3001 4935,3001 5024,2995 5114,2989 5203,2983 5293,2977 5382,2971 5472,2965 5561,2965 5651,2953 5740,2953 5830,2947 5919,2941 6009,2935 6098,2929 6188,2929 6277,2924 6367,2929"/>
                <TextEquiv>
                    <Unicode>legt sie wieder hin. geht hin und her.</Unicode>
                </TextEquiv>
            </TextLine>
            <TextLine id="tr_1_tl_19" custom="readingOrder {index:18;}">
                <Coords points="4442,3219 6158,3156 6417,3125 6423,3008 4448,3106"/>
                <Baseline points="4463,3180 4547,3174 4636,3168 4726,3162 4815,3156 4905,3156 4994,3144 5084,3138 5173,3138 5263,3132 5352,3126 5442,3120 5531,3120 5621,3114 5710,3109 5800,3097 5889,3097 5979,3091 6068,3085 6158,3079 6247,3073 6337,3067 6426,3079"/>
                <TextEquiv>
                    <Unicode>Zur Eingangstür rechts, dann wieder zun</Unicode>
                </TextEquiv>
            </TextLine>
            <TextLine id="tr_1_tl_20" custom="readingOrder {index:19;}">
                <Coords points="4454,3389 6410,3285 6439,3144 4464,3235"/>
                <Baseline points="4475,3335 4559,3323 4648,3317 4738,3311 4827,3305 4917,3305 5006,3299 5096,3294 5185,3288 5275,3282 5364,3276 5454,3276 5543,3264 5633,3264 5722,3258 5812,3252 5901,3252 5991,3240 6080,3234 6170,3234 6259,3228 6349,3222 6438,3228"/>
                <TextEquiv>
                    <Unicode>Schreibtisch; noch einmal die Telegram-</Unicode>
                </TextEquiv>
            </TextLine>
            <TextLine id="tr_1_tl_21" custom="readingOrder {index:20;}">
                <Coords points="4460,3522 6259,3481 6268,3317 4467,3405"/>
                <Baseline points="4481,3490 4571,3484 4660,3478 4750,3467 4839,3461 4929,3455 5018,3449 5108,3449 5197,3443 5287,3437 5376,3431 5466,3425 5555,3419 5645,3413 5734,3407 5824,3401 5913,3395 6003,3389 6092,3389 6182,3383 6271,3383"/>
                <TextEquiv>
                    <Unicode>me,zerreisst zwei davon, dann nimmt</Unicode>
                </TextEquiv>
            </TextLine>
            <TextLine id="tr_1_tl_22" custom="readingOrder {index:21;}">
                <Coords points="4460,3692 5982,3645 6413,3578 6423,3421 4470,3556"/>
                <Baseline points="4481,3646 4541,3640 4630,3634 4720,3628 4809,3622 4899,3616 4988,3610 5078,3604 5167,3598 5257,3592 5346,3586 5436,3580 5525,3574 5615,3568 5704,3568 5794,3562 5883,3556 5973,3550 6062,3544 6152,3538 6241,3538 6331,3532 6420,3538"/>
                <TextEquiv>
                    <Unicode>er aus der Schreibtischlade einen Re-</Unicode>
                </TextEquiv>
            </TextLine>
            <TextLine id="tr_1_tl_23" custom="readingOrder {index:22;}">
                <Coords points="4495,3865 6404,3802 6486,3783 6498,3578 4504,3708"/>
                <Baseline points="4517,3801 4535,3795 4624,3789 4714,3783 4803,3777 4893,3771 4982,3765 5072,3765 5161,3753 5251,3747 5340,3741 5430,3741 5519,3735 5609,3729 5698,3723 5788,3723 5877,3717 5967,3711 6056,3705 6146,3699 6235,3693 6325,3681 6414,3681 6504,3675"/>
                <TextEquiv>
                    <Unicode>volver,ohne weitere Geste.-Judith kommt</Unicode>
                </TextEquiv>
            </TextLine>
        </TextRegion>
    </Page>
</PcGts>
