6856 4648
3914 870 4521 1058 Das Telefon.
3967 965 6600 1213 Mitteilung vom Selbstmord Westerhaus. Amter nur mein.
3977 1150 5529 1371 Judith vielleicht zuerst allein.
3977 1272 6432 1522 Julia gesteht Ambros (oder Junith), dass die Verhaf
3974 1456 5905 1638 tung ihres Gatten durch sie erfolgt ist.
3997 1618 6643 1822 Julia' Ich habe heute die Wahl zwischen sieben Männern.
3970 1776 4445 1934 Köstlich.
3990 1911 5302 2132 Ambros: Was werden Sie tun?
3984 2043 6465 2283 Julia: Alleinschlafen. Aber kein drohendes Auge über
3984 2257 4214 2409 mir.
4033 2349 6471 2577 Vielleicht erst jetzt die Nachricht vom Selbstmord.
3967 2524 6310 2715 Judith verlässt das Haus. Hier keine Stunde mehr.
4636 2643 6465 2751 I’d’il fahre veut honotre xxx xxx Xacht wich.
6030 2699 6580 2834 dire Hove.
4310 2718 6063 2956 Nout de Nachricht von Miteckow’s Tod..
4392 2867 6218 3048 Mulnahon trein; - so syl -
4508 3015 5829 3206 He was in him in -
4366 3160 5457 3311 Bruningel.. Juhi...
4379 3216 5987 3450 [illegible].  Mi im hégens frei! - Ich
4646 3381 5684 3529 ntill a sevl c
4524 3499 5977 3648 die Zahl wieder 3 Mannen -
4158 3611 6132 3806 Ernst, auf Er: Die Angelegenheit viele
4359 3720 4916 3891 pachtig —
