3576 4456
2883 480 3063 674 166
836 698 3092 990 angenheit nennst,als Mann gegenübertreten.
975 886 3089 1131 wissen, dass es nichts war.Keine plucht.
804 1104 3133 1305 Ich bin keine Sünderin. Du musst dich an mei
780 1240 3078 1440 ner Seite zeigen. pu musst es ertragen kön-
783 1393 3145 1590 nen, dass irgend jemand lächelt. Du wirst man
795 1526 3157 1864 ches ertragen müssen. Oder du musst mich las
801 1761 1101 1911 sen.
798 1826 3163 2073 Falkenir: Hältst du mich für so klein? Meinst
801 2035 3145 2209 du, ich vermag nicht in deine Seele zu sehen?
804 2170 2250 2397 Du bist reinl, ich fühle es.
813 2312 3157 2533 Aurelie: Fühlst du’s ganz?
1773 2468 1938 2586 ich
998 2486 3007 2677 Und wenn du von tausend Männern
916 2639 3178 2860 Die Geliebte gewesen wäre, nur dich liebe ich.
825 2759 3101 3016 Und ob ich einen geliebt hätte vor dir oder
836 2951 2329 3181 hundert, ist es nicht gleich?
1131 3080 3181 3343 mir: Ich weiss, was ich dir schuldig bin.
839 3160 1110 3351 alke
1302 3237 3060 3440 „Nicht das.Empfindest du so,so ist
1334 3393 3163 3634 .Fühist du, dass ich dir gehöre,dass
1322 3555 3181 3802 er wert bin, so nimm mich. Aber warte,
1726 3722 3169 3926 ght gleich entscheiden, heute
1658 3893 3163 4076 dieser Tag zu Ende...
1472 4041 2430 4179 di cnips Trober bestehen —
1558 4141 1979 4247 at last.
