3624 4792
669 949 2801 1216 Direktor: Da wird es wohl keinen Krieg geben,
672 1119 3203 1354 Arduin verwandt mit den Burbonen und den Habsburgern,
691 1258 2631 1518 Direktor; Wird. er hier Aufenthalt nehmen
682 1409 2788 1644 Gilda' Ich warte nicht auf Prinzen, (fort)
695 1582 3097 1750 Direktor' So verschwindet sie, eine Nixe, Faunen und
688 1724 3191 1949 Tritonen. Seltsame Halbinsel. Ihre Mutter. verschwand
704 1878 3207 2103 auch einmal und kam nicht wieder. Hier gelten andere
701 2049 2103 2245 Gesetze. -  Mearfuhr
717 2171 3303 2431 Ein schwarzer Kellner serviert das Fruhstück. Max isst
714 2341 3171 2531 mit gutem Appetit. Ambros gesellt sich dazu und der
720 2541 1412 2718 Direktor geht.
1081 2692 3226 3007 bei beille en tes-mille; wurde er zu kenn geben
1209 2879 2271 3033 Bauonen... nachsen hier
913 3001 2624 3290 On deese think dickle seule.
1129 3145 2943 3371 Es haben sich in einem Jahren
