6952 4408
422 1544 1100 1736 omni. im nov
491 1692 1031 1913 elgemeld
526 1871 987 2073 Hodbeo a
543 1979 1028 2191 Dnad oude
910 2147 1160 2362 .M d e
882 2332 1105 2500 gls
507 2459 1232 2690 leab aov eis
400 2580 1331 2850 zurückseiten dort
791 2792 1017 2941 1 1/2 1
424 3211 1177 3429 manl mei aaad.
2238 3644 2437 3809 xx
932 3702 1279 3881 ndoi ei
6182 209 6364 485 52
4352 435 6251 692 nicht gelebt, auf der Bühne mein ich.
4344 601 6298 805 Jetzt erst, ja jetzt wäre ich so weit.
4625 744 4865 852 drie se
4352 797 6342 989 Aber sie wissen es nicht gewird Intri-
4338 945 6425 1108 gen brauchen, so sehr ich sie verabscheue,
4344 1108 6221 1249 der Fürsprache hochmögender Gönner -
4352 1232 6226 1417 schon bemüht sich die Fürstin. Unter
4333 1370 6287 1527 uns,Herr Baron, der Direktor wird fal-
4338 1521 6337 1681 len.Es braucht nur mehr - wenn ich auf
4327 1695 5923 1891 Sie rechnen dürfte,Herr Baron,
4327 1794 6229 2037 Falkenir: (Leider lebeich nicht hier,
4338 1996 6342 2161 bin meistens auf Reisen, bin nicht hoch-
4322 2153 6138 2370 mögend. Aber was in meinen Kräften
4325 2335 4710 2483 steht -
4931 2268 6585 2483 Aber in keine pger drei Legende mit
4327 2453 6541 2627 Fenz: Es kommt dam uf an eine gewisse mit
4327 2618 6174 2795 Legende zu zerstören. Die Legade vom
4308 2762 6133 2916 Altwerden. Es ist eine Intrige, die
4314 2886 6323 3084 die Jugend gegen uns einfädelt.Sie hat
4314 3068 6290 3241 es leicht, der äussere Schein kommt ihr
4297 3230 6199 3409 zu Hilfe. Man muss ein Ende damit ma-
4303 3374 6204 3580 chen. Mit Zwanzigjährigen nehm ich's
4322 3531 6235 3751 auf. Graue Haare - aber das ist es ja,
