3176 4040
801 345 2114 592 so edler Gäste sich würdig
770 561 2333 752 Aurelie: Bist du so sic her, das
2454 566 2611 744 wir:
772 716 1882 888 ner Einladung folgen?
760 865 2580 1061 Arduin: Ich hoffe sehr. Aber wo ist
760 1015 1524 1205 Herr Falkenir?
757 1174 2608 1349 Ambros: Er wird nicht lang auf sich
760 1326 1506 1452 warten lassen.
747 1465 2814 1666 Arduin: Also dein Verlobter? Oder dein
749 1625 1790 1808 neuester Geliebter?
736 1797 2233 1972 Aurelie: Was kümmert’s dich?
742 1913 2516 2135 Arduin: Oder gar dein Gatte schon
734 2109 2681 2310 Aurelie: Viælleicht - was geht's dich
729 2258 924 2369 an?
731 2305 2750 2598 Arduin: Nicht aus Neugier,um deinetwil.
736 2575 2773 2727 len frag ich. Denn es wäre möglich, dass
724 2670 2711 2925 Herrn von Falkenir, dass Aureliens Gat
739 2884 2567 3046 ten auf meinem Schiff nicht allesso
729 3033 2572 3203 wohl gefällt,um unser Mahl in guter
729 3185 1627 3371 Laune zu beenden:
726 3350 2714 3535 Ambros: Warum sprechen sie in Rätseln?
716 3471 2624 3664 Arduin: Oh nein. Und kurz und gut, ich
734 3610 1921 3842 habe dein Bild,Aurelie.
