6824 4568
3810 732 5750 981 Amorco Sie bemandeln Iure Frau falsch....
3870 937 5634 1154 Judith Spielen — o Klavier, Stanzides.
3829 1034 5822 1245 Stanzides nicht sein kossort. W ist max
3867 1235 5913 1390 Jalia. Er wollte nach dem Fruhstuck kommen.
3895 1333 6272 1581 (z.B.) Sie haben Gewissenspisse, Warum' Er ist ein
3933 1544 5571 1720 Bankrotteur, hunderte ruiniert er.
3986 1685 6401 1880 rauhegel Wir können ihn nicht auf einsterren.
3936 1814 5810 2006 Jula' Wenn er herauskommt wu bin ich'
3955 1999 5615 2157 „ xxx“ hax ist mit hurene verlobt.
5175 2028 6313 2298 Junge Mensch eigent.
3942 2147 4955 2348 Braugege. Was ist a
4015 2232 6545 2436 'tanzides' Nichts übles über ihn reden, Judith ist in ihn
4612 2364 6379 2515 " Ist hat kein Sympath zu dien mitglas her
4819 2458 6269 2606 Solle niederte Credonemmerie nicht we¬
4021 2462 4452 2606 verliebt.
3961 2587 5854 2798 Judith: Ja, ein wenig. (Ueber ihr Singen,
3977 2707 6486 2877 Braunegel; Nun werden diese jungen Leute einen Zweck
3936 2817 5703 3049 bekommen. Vaterland: Unnütze Menschen.
3980 3002 6445 3213 Ambros: Weil er keinen Beruf hat? Er ist reich. Sein
3999 3087 6429 3320 Vater hat ihm hinterlassen. Er bringt Glück. Gibt es
4005 3314 5363 3502 etwas Nützlicheres als Glück?
3989 3458 5822 3653 Indess kommen Telegramme an Westerhaus.
4024 3618 4665 3826 Maxi So spät.
4062 3750 5608 3971 Ueber den heissen Sommer Klavier,
