3240 4120
746 448 1698 596 Ambros: Sie sind -
741 564 2649 823 Arduin: Still doch,Ambros,es wäre lä.
746 720 1988 920 cherlich wegen Aurelie -
741 859 2515 1131 Ambros: Wär es ihretwegen allein -
741 1052 2644 1260 Arduin: Nun,wenn sie besonderen Wert
746 1244 2866 1358 darauf legen, Sie wären wohl stolz darauf,
743 1318 2739 1516 Für Sie wäre noch immer etwas.zu holen
751 1540 2570 1679 und während Ihre Seele gegen Himmel
736 1640 2581 1814 flieht wäßen Sie wahrscheinlich ge-
749 1782 2362 1996 schmeichelt, dass Prinz Arduin -
743 1946 2744 2207 Ambros: (sich findet) Glauben sie- dann
765 2085 2602 2278 wär ich ein rechter Narr. Vielleicht
754 2243 2792 2439 einmal - doch jetzt versteh ich. In hun-
757 2388 2686 2599 dert Jahren wird wieder ein Prinz Ar-
749 2557 2763 2750 duin über die Erde wandeln so schön,so
765 2742 2599 2900 tapfer und so frech wie siel Und es
765 2879 2760 3061 wird derselbe sein.Und vor hundert und
762 3042 2805 3253 zweihundert Jahren waren sie auch schon
759 3190 2599 3369 auf der welt.Es wäre ein ungleicher
767 3324 2723 3562 Kampf, zwischen Arduin, dem achtundzwan
770 3530 2420 3717 zigsten und Ambros, dem einzigen
767 3709 1911 3952 Arduin: Das war hübsch.
