3336 4024
859 364 2432 558 graphine, Leindorf. Fenz und Ambassadeur
844 573 2535 761 enz: Da bring ich noch einen versch
814 709 1613 910 ten Grazulanten.
2603 822 2786 1050 gar
874 879 2457 1090 graphine: (herzlich) Wir haben Sr.
799 1005 2726 1216 nicht mehr erwartet. (zu Fenz) Du warst
801 1173 2530 1394 ohne Ueberzieher auf der Strasse?
809 1319 1746 1553 Fenz: Es ist warm.
1518 1374 2417 1533 sd in eucht de selvt
791 1475 2734 1709 Ambros: Es kommt mir noch Einer nach.
804 1626 2073 1809 Was denken Sie wohl wer?
801 1761 2781 1942 Fenz: Herr von Reisenberg vermutlich.
807 1910 2817 2116 Seraphine; So? Er hätte auch fort blei-
1734 2068 2661 2181 Amiter half ibs. Neus
1754 2113 2872 2284 es ist mit verblös und die Kildig¬
817 2146 1399 2286 ben können
809 2241 2832 2450 Fenz: Staphine ist mit Recht beleidigt.
819 2415 1827 2590 Seraphine: Oh nein.
827 2490 2832 2789 yenz: r hat mit ihr musiziert, manchen
844 2671 2784 2874 lei mit ihr einstudiert, denn Elisabeth
832 2834 2337 3060 hatte keine Zeit mehr und nun
839 2985 2407 3211 sich seit Tagen nicht blicken.
847 3151 2661 3372 Leindorf: Herr von Reisenberg ist e
864 3279 2784 3545 trefflicher Klavierspieler. Ich habe i
867 3487 1676 3681 öfters zugehört.
