3240 4120
712 468 2619 732 Ambros - Arduin - Judith von ihrem B.
717 678 1392 859 kon herunter.
717 818 2668 1009 Judith: Guten Morgen, Prinz Arduin. Sie
712 970 2740 1141 sind pünktlich. Ich bin es auch. Bleibt’s
717 1126 1677 1296 bei der Abmachung?
722 1260 2802 1457 Arduin: Welche Frage. Wozu bin ich hier?
748 1410 2725 1643 (Judith müsste ihn jetzt erst den Ring
724 1576 2034 1752 aus dem ersten Akt geben)
719 1726 2466 1935 Judith: Also Sie nehmen mich mit?
730 1897 2264 2093 Arduin: Bis zurnächsten Küste
748 2018 2748 2274 Judith: Das ist mir genug. Wann geht die
732 2197 1226 2365 Reise an?
737 2293 2696 2528 Arduin: Gegen Abend. Vorher gibt es ein
732 2484 2751 2678 Fest.Lauter gute Bekannte.Es wird sehr
750 2670 1793 2872 unterhaltend werden.
750 2805 2725 2983 Judith: Daran zweifle ich nicht. Ich la
745 2937 2704 3154 se mein Gepäck auf das Schiff bringen
737 3139 2386 3353 Auf Wiedersehen, Prinz Arduin, (a
