6888 4552
6216 495 6404 708 121
4484 748 5093 876 Ambros."ax.
4482 851 6496 1069 Ambros: Nun, ich denke, wir haben densel.
4497 1011 5968 1199 ben Weg.Elisabeths Hochzeit.
4477 1126 6384 1329 Max: ra, dort wollt ich hin. Doch bitt
4512 1309 6131 1484 ich Sie, entschuldigen Sie mich.
4499 1446 6429 1682 Ambros, Kommen Sie mit.Seraphine wun-
4515 1572 6506 1777 dert sich, dass Sie sie vernachlässigen
4512 1727 6349 1947 Heute dürfen Sie dort nicht fehlen.
4504 1909 6444 2102 Max: Wie Sie meinen. Es ist doch alles
4532 2072 6381 2260 gleich. Wissen sie, dass Prinz Arduin
4532 2260 5050 2427 hier'ist?
4540 2332 6271 2600 Ambros: wo haben Sie ihn gesehen?
4547 2535 5460 2750 Max: Bei Aurolie.
4547 2708 5268 2885 Ambros: Wann?
4547 2770 6384 3021 Max: Vor tausend Jahren.Kommen sie,
4572 2975 6444 3188 wir wollen von anderen Dingen reden.
4590 3158 5120 3351 (Beide ab)
