3320 4120
668 427 1534 730 Ambros - Arduin.
683 681 2763 856 Anduin: Wie wär es, wenn Sie mir auch das
681 841 2585 1035 Vergnügen machten für ein paar Tage?
665 973 1943 1185 Ambros: Als Ihr Hofnarr?
662 1170 2386 1358 Arduin: Wenn Sie sich’s zutraun.
668 1314 2518 1472 Ambros: Ich geb Ihnen den guten Rat
665 1439 2732 1669 gehen sie auf Ihr Schiff und verzichten
657 1620 2481 1796 Sie auf die Gesellschaft Falkenirs
655 1775 2466 1961 Arduin: Ich denke nicht daran. Wer
665 1897 2637 2130 weiss,ob Herr Falkenir nicht nach dem
657 2044 2634 2303 Frühstück auf die Hochzeit verzichten
655 2207 947 2378 wird?
660 2342 2626 2580 Ambros: Das was Sie vorhaben,Prinz Ar.
655 2533 2593 2745 duin, - nein, Sie werden es nicht tun.
660 2647 2611 2924 Arduin: Wer sollte mich daran verhin-
657 2836 944 2983 dern?
647 2932 2549 3229 Ambros: Sie sind - nein,Sie wolla es
647 3149 1175 3304 nur sein -
655 3281 1855 3454 Arduin: Komischer Kauz.
642 3428 2039 3625 Ambros: Ich verb iete Ihnen
665 3604 2008 3827 Arduin: Mit welchem Recht?
