3304 4040
944 365 2219 550 den Mittag sind wir schon
1456 483 1993 590 Mein Brant
838 560 2430 678 1. Freundin: Felix und ich haben
1689 648 1785 736 in
843 699 2622 872 machtudass wir nicht reisen werden
846 822 2782 1022 nigstens nicht gleich) Am nächsten Mor
1123 966 1536 1094 [illegible]
1614 987 2841 1139 his jeter in cie bleven soll.
1579 1024 2972 1192 No man onteffet uuren konnen kann, und es kurnte
851 1048 1347 1195 gen erst.
854 1144 2702 1352 2. Freundin: Also, leb wohl, Elisabeth
896 1323 1491 1472 (umarmt sie)
867 1336 2878 1694 1. Freundin: (ebenso) Leb wohl, Elisabeth.
870 1678 3012 1939 Fenz aus dem Garten, hat die Tueste begleitet
184 1849 811 2059 Eine hiedâcle trois
864 1921 2609 2059 Fenz: Wie, die schönen vinder gehen
197 2017 590 2179 Cette viele
1592 1993 2974 2158 pray is until once atm treslyt.
1419 2115 2878 2233 Wie in den attende Kunst opreisten
880 2102 1312 2243 schon?
886 2195 2734 2369 1. Freundin: Wir müssen wohlHerr Fenz
864 2342 2814 2542 2. Freundin: Elisabeth muss sich fertig
886 2507 2889 2692 machen. Ich will bald wieder au dir kom
880 2649 2646 2884 men, Seraphine. (mit Blick auf Fenz)
886 2841 2878 3033 seraphine: Da musst du dich aber recht
899 2982 2297 3190 beeilen. Wir verreisen auch.
896 3057 3009 3310 Fenz: Morgen schon. (Hintelbaut de this
910 3265 2398 3473 1. Freundi n: Ach ja. Kunstreise
907 3460 2131 3660 2. Freundin: Wohin denn?
934 3585 2804 3788 Fenz: Durch viele Orte. Halb Europa. Wo
