6856 4680
6222 485 6458 655 147
4430 648 6402 902 Judith und Max aus dem Zimmer auf den
4428 848 5250 1042 Balkon tretend.
4440 988 6162 1178 Judith: Nun geht es ans Scheiden -
4410 1142 5858 1338 Max: Muss es wirklich sein?
4432 1258 6275 1502 Judith: Der Morgen ist da. Der hälte
4445 1440 6240 1635 Tag könnte man fast sagen. Wir sind
4440 1558 6412 1785 wahrhaftig unvorsichtig genug gewesen.
4438 1790 6242 1950 Ma: Alles schläft hier noch,sehon
4438 1870 6432 2108 darum, weil es beinahe keine Nacht hier
4425 2048 6375 2262 gibt. Und wenn man uns auch sähe - was
4455 2245 6295 2410 tut’s,du bist frei, auch ich bin es.
4455 2335 5735 2572 Judith: Bin ich's noch?
4430 2505 5780 2735 Max: Du bist allein hier.
492 2555 792 2690 tet ils
4452 2668 6462 2885 Judith: Aber ich warte. Ich hab dir's ja
4455 2858 5735 3048 gesagt.Heut ist der Tag.
4458 2948 6302 3148 Max: Wer weiss, ob das Schiff kommt.
4452 3130 6360 3360 Dieses Märchenschiff, wer weiss,ob er
4460 3290 5850 3488 überhaupt noch dran denkt.
4445 3430 6435 3628 Judith: Dessen kannst du sicher sein.
4450 3625 5875 3810 Der hat's nicht vergessen.
4450 3698 6382 3972 Max: Vergiss du ihn. Du liebst ihn ja
