6904 4680
6074 362 6294 599 151
4382 656 4775 837 getan?
4382 765 6369 987 Max: Verschwendet, was mir noch blieb.
4398 935 6263 1134 Judith: Sei klug wie ich. Du hättest
4395 1096 6351 1284 dein Glück in der Hand.Schön und ver-
4390 1248 6242 1411 führerisch wie du bist die reichste
4390 1375 6366 1574 Erbin wäre dir gewiss. Einmal warst du
4400 1499 6421 1809 schon nahe daran. Aurelie - Wo mag sie
4403 1754 4726 1902 sein?
4395 1803 6459 2041 Max: Sprich nicht von ihr. Hätt ich dich
4421 2005 6317 2191 nicht damals schon geliebt, ich hätte
4413 2147 6426 2372 sie gehalten. Ich will nur dich, bei dir
4426 2341 5351 2517 will ich bleiben.
4431 2416 6395 2666 Judith: In welcher Stellung? Willstdu
4302 2573 6377 2814 mein Kammerdiener sein?,mein Friseur-
4431 2772 6276 2984 Max: Und wenn er doch nicht kommt —
447 2796 752 2974 ed of the
4452 2922 6005 3111 Judith: Du meinst - sieh nur -
4441 3088 5733 3318 Max: Was soll ich sehen?
4449 3258 5767 3462 Judith: Dort am Horizont.
4431 3392 6317 3599 Max: Dort fährt gar manches Schiff.
4454 3527 6496 3767 Judith: Doch dies ist seines, ich kenn
4457 3754 4640 3876 os.
4434 3726 6320 3992 Max: Du hast es nie gesehen.Und von
