3624 4792
2641 988 2784 1144 20
491 1156 2778 1386 Judith kommt,gibt sich Arduin auf die im ersten
3117 1237 3257 1417 en
485 1346 2119 1516 Akt verabredete Weise zu erkennen.
538 1445 2862 1672 Arduin’ So ist alles in Ordnung, machen Sie sich
525 1622 2884 1837 fertig. m eins frühstucken wir,um vier fährt da¬
3139 1681 3241 1833 bé
500 1746 2949 1998 Schiff ab. Wohin hängt von den Umständen ab. An der
3132 1849 3238 1964 t i
503 1955 2470 2126 nächsten Landungsstelle setze ich Sie ab.
503 1964 2958 2296 Judich soll sich auf einem Kahn überstzen lassen,
2380 2153 2825 2349 Wortzulie
469 2265 2334 2474 sie geht nun, um sich fertig zu machen.
457 2355 2955 2595 Erst wenn sie fort ist über Gysar und überelie.
935 2676 2983 2890 Vielleicht geben: Ambassadeur, Tilhemann,
625 3017 1153 3204 Aber es b
