<?xml version="1.0" encoding="UTF-8" standalone="yes"?>
<PcGts xmlns="http://schema.primaresearch.org/PAGE/gts/pagecontent/2013-07-15" xmlns:xsi="http://www.w3.org/2001/XMLSchema-instance" xsi:schemaLocation="http://schema.primaresearch.org/PAGE/gts/pagecontent/2013-07-15 http://schema.primaresearch.org/PAGE/gts/pagecontent/2013-07-15/pagecontent.xsd">
    <Metadata>
        <Creator>prov=READ-COOP:name=TrHtr:version=2.1.0:model_id=51170:date=30_07_2023_00:24</Creator>
        <Created>2023-05-10T13:15:01.800+02:00</Created>
        <LastChange>2023-07-30T00:24:53.637+02:00</LastChange>
        <TranskribusMetadata docId="1428571" pageId="55410027" pageNr="14" tsid="131471666" status="IN_PROGRESS" userId="64420" imgUrl="https://files.transkribus.eu/Get?id=NGRYQXPOQUEKWABTCNDEOVGA&amp;fileType=view" xmlUrl="https://files.transkribus.eu/Get?id=YYKWPCESJXBNGZKYLZRLOSOD" imageId="44684170"/>
    </Metadata>
    <Page imageFilename="1428571_0014.jpg" imageWidth="6920" imageHeight="4184">
        <ReadingOrder>
            <OrderedGroup id="ro_1711792651663" caption="Regions reading order">
                <RegionRefIndexed index="0" regionRef="tr_2"/>
                <RegionRefIndexed index="1" regionRef="tr_1"/>
            </OrderedGroup>
        </ReadingOrder>
        <TextRegion id="tr_2" custom="readingOrder {index:0;}">
            <Coords points="477,379 3372,379 3372,3829 477,3829"/>
            <TextLine id="tr_2_tl_1" custom="readingOrder {index:0;}">
                <Coords points="1667,446 1827,492 2123,446 2350,514 2762,443 2978,511 3359,480 3356,360 3212,338 2590,403 2027,292 1830,388 1667,363"/>
                <Baseline points="1683,429 1772,435 1862,435 1951,435 2041,429 2130,435 2220,429 2309,435 2399,429 2488,435 2578,435 2667,435 2757,435 2847,435 2936,435 3026,435 3115,441 3205,447 3294,459 3366,459"/>
                <TextEquiv>
                    <Unicode>but have beeniuheme, Lechelui</Unicode>
                </TextEquiv>
            </TextLine>
            <TextLine id="tr_2_tl_2" custom="readingOrder {index:1;}">
                <Coords points="458,621 508,637 541,612 597,606 612,615 640,594 671,591 680,323 658,323 631,295 618,301 581,286 529,249 514,261 471,252"/>
                <Baseline points="477,501 567,507 656,495 680,501"/>
                <TextEquiv>
                    <Unicode>A</Unicode>
                </TextEquiv>
            </TextLine>
            <TextLine id="tr_2_tl_3" custom="readingOrder {index:2;}">
                <Coords points="938,621 2941,594 2879,458 2415,517 1996,449 1898,505 1563,412 1323,480 938,335"/>
                <Baseline points="954,549 1044,543 1134,543 1223,543 1313,549 1402,549 1492,549 1581,549 1671,555 1760,561 1850,561 1939,555 2029,555 2118,555 2208,555 2297,555 2387,549 2476,549 2566,549 2656,549 2745,549 2835,549 2924,543 2948,549"/>
                <TextEquiv>
                    <Unicode>Antin. Da kennet di ne sich lecht.</Unicode>
                </TextEquiv>
            </TextLine>
            <TextLine id="tr_2_tl_4" custom="readingOrder {index:3;}">
                <Coords points="987,824 2439,874 3190,775 3190,686 3052,621 2458,704 991,612"/>
                <Baseline points="1008,746 1098,752 1187,752 1277,758 1366,758 1456,758 1545,763 1635,758 1724,758 1814,758 1903,752 1993,758 2083,758 2172,758 2262,752 2351,752 2441,752 2530,746 2620,746 2709,746 2799,746 2888,752 2978,758 3067,758 3157,758 3199,758"/>
                <TextEquiv>
                    <Unicode>Trac. Nicht der „Ailivort, Aukis"</Unicode>
                </TextEquiv>
            </TextLine>
            <TextLine id="tr_2_tl_5" custom="readingOrder {index:4;}">
                <Coords points="1123,1021 2412,969 2759,1040 2842,978 3107,994 3110,852 2544,828 2240,920 1550,837 1464,920 1123,898"/>
                <Baseline points="1140,954 1229,960 1319,966 1408,960 1498,954 1587,954 1677,954 1766,954 1856,954 1945,954 2035,954 2124,960 2214,960 2303,960 2393,954 2482,954 2572,954 2662,943 2751,943 2841,949 2930,949 3020,954 3109,954 3115,954"/>
                <TextEquiv>
                    <Unicode>were in and. to</Unicode>
                </TextEquiv>
            </TextLine>
            <TextLine id="tr_2_tl_6" custom="readingOrder {index:5;}">
                <Coords points="1129,1258 1264,1270 1474,1221 1720,1252 1996,1187 2126,1200 2129,1077 2040,1089 1904,1006 1766,1064 1683,1040 1612,1089 1498,1061 1452,1101 1295,1086 1224,1049 1132,1080"/>
                <Baseline points="1145,1157 1235,1151 1325,1151 1414,1157 1504,1151 1593,1151 1683,1140 1772,1140 1862,1140 1951,1140 2041,1140 2130,1145"/>
                <TextEquiv>
                    <Unicode>ai wuherft.</Unicode>
                </TextEquiv>
            </TextLine>
            <TextLine id="tr_2_tl_7" custom="readingOrder {index:6;}">
                <Coords points="1095,1474 1449,1498 2261,1397 2692,1461 2876,1427 2882,1230 2744,1295 2295,1212 2064,1283 1843,1237 1670,1329 1421,1341 1101,1252"/>
                <Baseline points="1116,1390 1187,1396 1277,1402 1366,1402 1456,1396 1545,1396 1635,1390 1724,1384 1814,1384 1903,1384 1993,1378 2083,1378 2172,1378 2262,1372 2351,1372 2441,1372 2530,1366 2620,1366 2709,1366 2799,1366 2888,1360"/>
                <TextEquiv>
                    <Unicode>Arch.,, Cl Dm N Verlie</Unicode>
                </TextEquiv>
            </TextLine>
            <TextLine id="tr_2_tl_8" custom="readingOrder {index:7;}">
                <Coords points="1052,1707 1154,1646 1332,1658 1412,1618 1627,1667 1907,1593 2055,1612 2058,1517 1941,1455 1729,1501 1612,1449 1443,1550 1341,1498 1061,1498"/>
                <Baseline points="1074,1605 1163,1611 1253,1617 1342,1611 1432,1611 1521,1605 1611,1599 1701,1587 1790,1581 1880,1581 1969,1575 2059,1569"/>
                <TextEquiv>
                    <Unicode>zeit Eben.</Unicode>
                </TextEquiv>
            </TextLine>
            <TextLine id="tr_2_tl_9" custom="readingOrder {index:8;}">
                <Coords points="1120,1889 1646,1815 1704,1861 1929,1809 2009,1840 2132,1787 2393,1833 2507,1797 2513,1655 2163,1707 1590,1652 1440,1757 1264,1670 1126,1726"/>
                <Baseline points="1140,1802 1175,1802 1265,1808 1354,1808 1444,1802 1533,1802 1623,1796 1712,1796 1802,1790 1892,1790 1981,1790 2071,1784 2160,1784 2250,1784 2339,1778 2429,1772 2518,1766"/>
                <TextEquiv>
                    <Unicode>tr. (oubert uit.).</Unicode>
                </TextEquiv>
            </TextLine>
            <TextLine id="tr_2_tl_10" custom="readingOrder {index:9;}">
                <Coords points="1071,2076 2003,1981 2316,2055 2476,1966 2566,2018 2972,1938 3279,2033 3307,1849 2609,1824 1600,1938 1080,1861"/>
                <Baseline points="1092,2023 1163,2029 1253,2023 1342,2017 1432,2011 1521,2005 1611,1999 1701,1987 1790,1987 1880,1981 1969,1981 2059,1969 2148,1969 2238,1963 2327,1963 2417,1957 2506,1957 2596,1957 2685,1951 2775,1939 2864,1939 2954,1939 3043,1939 3133,1951 3223,1963 3312,1969"/>
                <TextEquiv>
                    <Unicode>Archis.  M wk in Rhinhaben</Unicode>
                </TextEquiv>
            </TextLine>
            <TextLine id="tr_2_tl_11" custom="readingOrder {index:10;}">
                <Coords points="1698,2153 1763,2110 1855,2120 1910,2092 1950,2110 1990,2089 2021,2110 2052,2092 2135,2116 2236,2104 2240,2030 2135,1993 2070,2018 2006,1981 1824,2052 1738,2015 1704,2030"/>
                <Baseline points="1718,2100 1796,2094 1886,2094 1975,2083 2065,2089 2154,2083 2244,2071"/>
                <TextEquiv>
                    <Unicode>paril chec...</Unicode>
                </TextEquiv>
            </TextLine>
            <TextLine id="tr_2_tl_12" custom="readingOrder {index:11;}">
                <Coords points="1101,2319 1867,2243 2147,2283 2467,2190 2895,2221 2941,2006 2027,2166 1797,2101 1344,2153 1114,2104"/>
                <Baseline points="1122,2280 1145,2274 1235,2268 1325,2262 1414,2256 1504,2250 1593,2244 1683,2232 1772,2232 1862,2226 1951,2220 2041,2220 2130,2202 2220,2202 2309,2202 2399,2196 2488,2190 2578,2184 2667,2172 2757,2172 2847,2166 2936,2172"/>
                <TextEquiv>
                    <Unicode>Dr. he is went to Privishe</Unicode>
                </TextEquiv>
            </TextLine>
            <TextLine id="tr_2_tl_13" custom="readingOrder {index:12;}">
                <Coords points="1067,2550 1412,2504 1630,2556 2624,2415 2719,2470 2987,2406 2993,2304 2692,2276 2470,2359 2203,2276 1750,2406 1597,2319 1083,2313"/>
                <Baseline points="1086,2500 1116,2494 1205,2494 1295,2494 1384,2488 1474,2482 1563,2476 1653,2471 1742,2471 1832,2465 1921,2459 2011,2453 2100,2447 2190,2441 2280,2435 2369,2423 2459,2423 2548,2411 2638,2405 2727,2399 2817,2393 2906,2387 2996,2375"/>
                <TextEquiv>
                    <Unicode>Andi. Ra is mich a eine xyz</Unicode>
                </TextEquiv>
            </TextLine>
            <TextLine id="tr_2_tl_14" custom="readingOrder {index:13;}">
                <Coords points="1095,2729 1538,2766 1923,2670 2120,2722 2421,2642 3147,2639 3178,2449 2842,2547 2704,2455 2406,2541 1987,2483 1104,2609"/>
                <Baseline points="1116,2703 1205,2721 1295,2715 1384,2715 1474,2703 1563,2697 1653,2691 1742,2679 1832,2667 1921,2662 2011,2662 2100,2656 2190,2650 2280,2650 2369,2638 2459,2638 2548,2638 2638,2632 2727,2626 2817,2620 2906,2614 2996,2608 3085,2602 3175,2602"/>
                <TextEquiv>
                    <Unicode>verlieslue Actené wurde?</Unicode>
                </TextEquiv>
            </TextLine>
            <TextLine id="tr_2_tl_15" custom="readingOrder {index:14;}">
                <Coords points="1151,2916 2353,2889 2713,2790 3276,2836 3316,2664 3101,2735 2766,2664 1849,2729 1514,2852 1160,2802"/>
                <Baseline points="1169,2906 1259,2906 1348,2900 1438,2900 1527,2894 1617,2888 1707,2882 1796,2876 1886,2870 1975,2870 2065,2852 2154,2858 2244,2858 2333,2852 2423,2847 2512,2829 2602,2817 2691,2793 2781,2787 2870,2793 2960,2787 3049,2781 3139,2775 3229,2769 3318,2769"/>
                <TextEquiv>
                    <Unicode>Sie nimt il doit  -Sieur de</Unicode>
                </TextEquiv>
            </TextLine>
            <TextLine id="tr_2_tl_16" custom="readingOrder {index:15;}">
                <Coords points="2076,2947 2184,2987 2375,2926 2489,2972 2612,2904 2815,2938 2919,2892 3196,2889 3236,2815 2922,2861 2686,2806 2461,2882 2080,2876"/>
                <Baseline points="2094,2936 2166,2936 2256,2936 2345,2924 2435,2924 2524,2906 2614,2894 2703,2888 2793,2882 2882,2888 2972,2882 3061,2882 3151,2876 3240,2870"/>
                <TextEquiv>
                    <Unicode>du céro. de cet guant se</Unicode>
                </TextEquiv>
            </TextLine>
            <TextLine id="tr_2_tl_17" custom="readingOrder {index:16;}">
                <Coords points="1194,3092 2123,3098 2824,2975 3009,3039 3261,3009 3267,2922 2612,2904 2258,2987 2052,2926 1895,2999 1560,2913 1203,2932"/>
                <Baseline points="1211,3085 1301,3079 1390,3079 1480,3073 1569,3067 1659,3061 1748,3055 1838,3049 1927,3038 2017,3038 2106,3032 2196,3026 2285,3020 2375,3002 2465,2984 2554,2978 2644,2978 2733,2972 2823,2972 2912,2978 3002,2978 3091,2984 3181,2984 3270,2984"/>
                <TextEquiv>
                    <Unicode>W Weise Ju.... Sie weder it</Unicode>
                </TextEquiv>
            </TextLine>
            <TextLine id="tr_2_tl_18" custom="readingOrder {index:17;}">
                <Coords points="1230,3316 1969,3236 2578,3261 2682,3199 2839,3245 2993,3205 2999,3116 2852,3036 2627,3039 1240,3196"/>
                <Baseline points="1253,3264 1301,3264 1390,3258 1480,3258 1569,3258 1659,3246 1748,3246 1838,3234 1927,3234 2017,3223 2106,3217 2196,3211 2285,3205 2375,3187 2465,3181 2554,3175 2644,3169 2733,3169 2823,3163 2912,3163 3002,3163"/>
                <TextEquiv>
                    <Unicode>dist tabio's Anl. d Har</Unicode>
                </TextEquiv>
            </TextLine>
            <TextLine id="tr_2_tl_19" custom="readingOrder {index:18;}">
                <Coords points="1197,3532 1350,3470 2415,3421 2504,3479 2999,3402 3153,3476 3205,3276 2519,3285 2261,3372 1784,3292 1569,3356 1206,3319"/>
                <Baseline points="1217,3455 1241,3455 1331,3461 1420,3455 1510,3455 1599,3455 1689,3449 1778,3443 1868,3443 1957,3437 2047,3431 2136,3431 2226,3425 2315,3425 2405,3420 2494,3402 2584,3408 2673,3402 2763,3402 2852,3396 2942,3396 3032,3390 3121,3384 3211,3384"/>
                <TextEquiv>
                    <Unicode>Mr. Leider aber etc. is she was it.</Unicode>
                </TextEquiv>
            </TextLine>
            <TextLine id="tr_2_tl_20" custom="readingOrder {index:19;}">
                <Coords points="1350,3655 1477,3698 1590,3661 1750,3692 2046,3645 2166,3688 2301,3655 2304,3565 2169,3498 1932,3621 1790,3547 1606,3618 1437,3544 1354,3556"/>
                <Baseline points="1366,3652 1414,3658 1504,3658 1593,3658 1683,3658 1772,3658 1862,3652 1951,3652 2041,3646 2130,3640 2220,3634 2309,3634"/>
                <TextEquiv>
                    <Unicode>Denver. Prs</Unicode>
                </TextEquiv>
            </TextLine>
            <TextLine id="tr_2_tl_21" custom="readingOrder {index:20;}">
                <Coords points="1289,3882 1972,3827 2526,3891 2762,3821 3135,3882 3365,3824 3365,3615 3095,3541 2836,3698 1289,3692"/>
                <Baseline points="1307,3796 1396,3796 1486,3802 1575,3802 1665,3802 1754,3807 1844,3802 1933,3796 2023,3790 2112,3784 2202,3784 2291,3784 2381,3784 2471,3784 2560,3790 2650,3790 2739,3784 2829,3784 2918,3778 3008,3784 3097,3796 3187,3807 3276,3813 3366,3813 3372,3819"/>
                <TextEquiv>
                    <Unicode>Ces tes un Art ou. Univertei</Unicode>
                </TextEquiv>
            </TextLine>
        </TextRegion>
        <TextRegion id="tr_1" custom="readingOrder {index:1;}">
            <Coords points="3772,314 6625,314 6625,3817 3772,3817"/>
            <TextLine id="tr_1_tl_1" custom="readingOrder {index:0;}">
                <Coords points="3759,409 4451,483 4777,437 4910,508 4996,443 5436,452 5430,314 5091,311 5005,255 4830,305 3753,265"/>
                <Baseline points="3772,364 3861,376 3951,393 4040,393 4130,399 4219,411 4309,423 4398,423 4488,423 4577,423 4667,435 4756,435 4846,435 4936,441 5025,435 5115,441 5204,441 5294,435 5383,435 5443,435"/>
                <TextEquiv>
                    <Unicode>Auch Ciber u - glaub Sie? -</Unicode>
                </TextEquiv>
            </TextLine>
            <TextLine id="tr_1_tl_2" custom="readingOrder {index:1;}">
                <Coords points="6232,468 6337,489 6389,477 6423,449 6485,465 6515,206 6466,194 6380,237 6349,209 6260,218"/>
                <Baseline points="6255,411 6314,417 6404,405 6503,387"/>
                <TextEquiv>
                    <Unicode>P.</Unicode>
                </TextEquiv>
            </TextLine>
            <TextLine id="tr_1_tl_3" custom="readingOrder {index:2;}">
                <Coords points="3808,624 4636,760 5242,637 6097,704 6097,569 5928,523 5676,591 5359,501 5174,581 4851,474 4079,425 3805,505"/>
                <Baseline points="3825,602 3915,614 4004,626 4094,632 4184,632 4273,638 4363,638 4452,638 4542,638 4631,638 4721,638 4810,632 4900,632 4989,638 5079,632 5168,632 5258,632 5347,632 5437,632 5526,632 5616,632 5705,638 5795,644 5885,644 5974,650 6064,650 6105,656"/>
                <TextEquiv>
                    <Unicode>2. Jedenfalls. Sein, mit erzeit, det</Unicode>
                </TextEquiv>
            </TextLine>
            <TextLine id="tr_1_tl_4" custom="readingOrder {index:3;}">
                <Coords points="3861,883 4233,997 6122,954 6122,781 5676,677 5153,803 4550,701 4424,784 3861,732"/>
                <Baseline points="3879,859 3969,859 4058,859 4148,859 4237,859 4327,859 4416,859 4506,853 4595,853 4685,853 4774,853 4864,853 4953,853 5043,853 5133,859 5222,859 5312,853 5401,847 5491,847 5580,853 5670,853 5759,847 5849,853 5938,859 6028,865 6117,865 6129,871"/>
                <TextEquiv>
                    <Unicode>Sir Jhre Yacht in cin a Hofe beide.</Unicode>
                </TextEquiv>
            </TextLine>
            <TextLine id="tr_1_tl_5" custom="readingOrder {index:4;}">
                <Coords points="3845,1163 4922,1181 5442,1071 5811,1104 5959,1206 6272,1184 6272,1003 6088,951 4531,951 4378,1027 3993,904 3845,972"/>
                <Baseline points="3861,1062 3951,1068 4040,1068 4130,1074 4219,1080 4309,1074 4398,1074 4488,1074 4577,1068 4667,1068 4756,1068 4846,1068 4936,1068 5025,1068 5115,1062 5204,1068 5294,1062 5383,1062 5473,1056 5562,1056 5652,1062 5741,1062 5831,1062 5920,1068 6010,1068 6099,1074 6189,1074 6278,1080"/>
                <TextEquiv>
                    <Unicode>lance, dans de corannelles</Unicode>
                </TextEquiv>
            </TextLine>
            <TextLine id="tr_1_tl_6" custom="readingOrder {index:5;}">
                <Coords points="3836,1317 4233,1283 5202,1344 5199,1209 4987,1181 4919,1230 4811,1187 4461,1237 4159,1144 3833,1169"/>
                <Baseline points="3849,1265 3939,1277 4028,1271 4118,1277 4207,1277 4297,1283 4386,1289 4476,1289 4565,1283 4655,1283 4745,1283 4834,1289 4924,1301 5013,1301 5103,1301 5192,1295 5210,1289"/>
                <TextEquiv>
                    <Unicode>bleib wir siell</Unicode>
                </TextEquiv>
            </TextLine>
            <TextLine id="tr_1_tl_7" custom="readingOrder {index:6;}">
                <Coords points="3753,1547 4451,1440 4762,1529 5307,1452 5996,1529 6109,1369 5710,1252 4894,1354 3759,1310"/>
                <Baseline points="3772,1426 3784,1432 3873,1438 3963,1438 4052,1438 4142,1444 4231,1432 4321,1432 4410,1426 4500,1420 4589,1414 4679,1420 4768,1414 4858,1414 4947,1414 5037,1408 5127,1402 5216,1396 5306,1396 5395,1396 5485,1402 5574,1396 5664,1396 5753,1402 5843,1408 5932,1414 6022,1414 6111,1420"/>
                <TextEquiv>
                    <Unicode>Cortis... S.  Iit hoff. Preus Carlin..</Unicode>
                </TextEquiv>
            </TextLine>
            <TextLine id="tr_1_tl_8" custom="readingOrder {index:7;}">
                <Coords points="3904,1726 5657,1658 5953,1673 6091,1766 6091,1643 5617,1452 4996,1587 4577,1618 4150,1526 3904,1584"/>
                <Baseline points="3921,1647 4010,1665 4100,1659 4189,1659 4279,1659 4369,1653 4458,1653 4548,1653 4637,1647 4727,1647 4816,1647 4906,1641 4995,1641 5085,1641 5174,1653 5264,1653 5353,1653 5443,1659 5532,1653 5622,1653 5711,1653 5801,1653 5891,1665 5980,1671 6070,1677 6099,1689"/>
                <TextEquiv>
                    <Unicode>Sie werden sei. his den Cussie.</Unicode>
                </TextEquiv>
            </TextLine>
            <TextLine id="tr_1_tl_9" custom="readingOrder {index:8;}">
                <Coords points="3833,1950 4910,1880 5368,2033 5651,1867 6033,1861 6033,1778 5297,1717 3833,1784"/>
                <Baseline points="3849,1892 3891,1892 3981,1892 4070,1892 4160,1892 4249,1886 4339,1886 4428,1880 4518,1874 4607,1874 4697,1874 4786,1874 4876,1874 4965,1874 5055,1874 5144,1880 5234,1880 5324,1880 5413,1880 5503,1874 5592,1874 5682,1862 5771,1862 5861,1862 5950,1856 6040,1862"/>
                <TextEquiv>
                    <Unicode>were til mit H nein Yacht.</Unicode>
                </TextEquiv>
            </TextLine>
            <TextLine id="tr_1_tl_10" custom="readingOrder {index:9;}">
                <Coords points="4513,2052 4568,2058 4590,2080 4661,2024 4713,2040 4728,2024 4756,2036 4780,2015 4805,2036 4873,2040 4873,1907 4793,1907 4780,1920 4771,1910 4744,1932 4716,1910 4661,1932 4565,1910 4513,1920"/>
                <Baseline points="4530,2017 4613,2011 4703,2005 4792,2011 4882,2011"/>
                <TextEquiv>
                    <Unicode>frgredten</Unicode>
                </TextEquiv>
            </TextLine>
            <TextLine id="tr_1_tl_11" custom="readingOrder {index:10;}">
                <Coords points="3805,2126 4482,2095 4685,2215 4784,2138 5036,2206 5368,2104 6026,2089 5928,1966 5368,2036 5057,1929 4925,2046 4596,2073 4325,1956 3808,2000"/>
                <Baseline points="3825,2083 3885,2089 3975,2094 4064,2094 4154,2094 4243,2094 4333,2094 4422,2094 4512,2094 4601,2094 4691,2089 4780,2089 4870,2083 4959,2077 5049,2077 5138,2083 5228,2089 5318,2089 5407,2094 5497,2094 5586,2089 5676,2089 5765,2083 5855,2077 5944,2071 6034,2071"/>
                <TextEquiv>
                    <Unicode>n'est cueé chez mieux fahet à intermetre,</Unicode>
                </TextEquiv>
            </TextLine>
            <TextLine id="tr_1_tl_12" custom="readingOrder {index:11;}">
                <Coords points="3815,2363 4325,2455 4937,2316 5288,2418 5651,2399 6073,2363 6073,2221 5790,2150 5574,2255 5017,2270 4860,2200 4294,2264 4125,2178 3815,2267"/>
                <Baseline points="3831,2309 3921,2321 4010,2321 4100,2327 4189,2333 4279,2339 4369,2333 4458,2333 4548,2327 4637,2321 4727,2315 4816,2315 4906,2309 4995,2309 5085,2303 5174,2309 5264,2309 5353,2315 5443,2315 5532,2321 5622,2315 5711,2315 5801,2315 5891,2315 5980,2321 6070,2327 6076,2327"/>
                <TextEquiv>
                    <Unicode>sollen gevenden; - so wird ich</Unicode>
                </TextEquiv>
            </TextLine>
            <TextLine id="tr_1_tl_13" custom="readingOrder {index:12;}">
                <Coords points="5700,2501 5811,2523 5888,2495 5965,2529 6091,2479 6122,2507 6162,2492 6211,2516 6254,2479 6306,2479 6309,2396 6220,2390 6199,2412 6097,2372 6066,2396 6023,2353 5934,2390 5811,2329 5703,2356"/>
                <Baseline points="5717,2476 5777,2471 5867,2465 5956,2453 6046,2453 6135,2453 6225,2459 6314,2453"/>
                <TextEquiv>
                    <Unicode>The Jeu.</Unicode>
                </TextEquiv>
            </TextLine>
            <TextLine id="tr_1_tl_14" custom="readingOrder {index:13;}">
                <Coords points="3802,2593 4599,2661 4731,2550 4962,2523 5371,2599 5405,2430 4854,2381 4691,2399 4611,2476 3805,2486"/>
                <Baseline points="3819,2536 3891,2542 3981,2542 4070,2542 4160,2542 4249,2542 4339,2542 4428,2536 4518,2530 4607,2530 4697,2524 4786,2518 4876,2518 4965,2512 5055,2512 5144,2512 5234,2518 5324,2524 5413,2524"/>
                <TextEquiv>
                    <Unicode>weil zu einfall. beeilen.</Unicode>
                </TextEquiv>
            </TextLine>
            <TextLine id="tr_1_tl_15" custom="readingOrder {index:14;}">
                <Coords points="3790,2796 4276,2732 4977,2836 6057,2753 6263,2818 6266,2636 5611,2553 3790,2667"/>
                <Baseline points="3807,2733 3849,2733 3939,2733 4028,2733 4118,2733 4207,2733 4297,2727 4386,2727 4476,2715 4565,2721 4655,2727 4745,2727 4834,2727 4924,2721 5013,2715 5103,2721 5192,2721 5282,2733 5371,2733 5461,2733 5550,2733 5640,2733 5729,2727 5819,2721 5908,2721 5998,2721 6087,2721 6177,2721 6267,2721"/>
                <TextEquiv>
                    <Unicode>reman H. G. Levenberg</Unicode>
                </TextEquiv>
            </TextLine>
            <TextLine id="tr_1_tl_16" custom="readingOrder {index:15;}">
                <Coords points="3858,2959 4153,3045 4497,2959 4780,2975 4885,3052 5064,2969 5657,3002 5657,2886 5590,2858 4651,2876 4451,2796 4344,2861 3858,2849"/>
                <Baseline points="3873,2954 3963,2960 4052,2960 4142,2960 4231,2960 4321,2954 4410,2948 4500,2942 4589,2942 4679,2942 4768,2942 4858,2948 4947,2948 5037,2948 5127,2942 5216,2942 5306,2942 5395,2936 5485,2942 5574,2936 5664,2936"/>
                <TextEquiv>
                    <Unicode>Thi sec imer werden en wea</Unicode>
                </TextEquiv>
            </TextLine>
            <TextLine id="tr_1_tl_17" custom="readingOrder {index:16;}">
                <Coords points="3959,3190 4750,3110 5017,3178 5196,3147 5196,3009 5137,2990 4870,3058 4814,3012 4694,3024 4639,3070 4513,3024 4381,3061 3959,2996"/>
                <Baseline points="3975,3121 4064,3127 4154,3133 4243,3127 4333,3127 4422,3121 4512,3121 4601,3115 4691,3109 4780,3109 4870,3115 4959,3121 5049,3121 5138,3133 5204,3127"/>
                <TextEquiv>
                    <Unicode>Judls bescheht auf</Unicode>
                </TextEquiv>
            </TextLine>
            <TextLine id="tr_1_tl_18" custom="readingOrder {index:17;}">
                <Coords points="4682,3285 5319,3304 5633,3215 6242,3289 6245,3147 6094,3098 5605,3147 5300,3095 5131,3181 4688,3116"/>
                <Baseline points="4703,3258 4727,3252 4816,3264 4906,3264 4995,3264 5085,3264 5174,3252 5264,3246 5353,3240 5443,3223 5532,3211 5622,3205 5711,3205 5801,3211 5891,3211 5980,3223 6070,3229 6159,3246 6249,3246"/>
                <TextEquiv>
                    <Unicode>Faitrident in Timiwirt.</Unicode>
                </TextEquiv>
            </TextLine>
            <TextLine id="tr_1_tl_19" custom="readingOrder {index:18;}">
                <Coords points="4042,3458 5128,3356 5423,3448 6217,3353 6217,3258 5919,3218 4839,3325 4581,3193 4045,3295"/>
                <Baseline points="4058,3372 4076,3372 4166,3378 4255,3372 4345,3372 4434,3366 4524,3360 4613,3366 4703,3366 4792,3360 4882,3360 4971,3360 5061,3360 5150,3354 5240,3348 5329,3342 5419,3336 5509,3330 5598,3330 5688,3330 5777,3330 5867,3336 5956,3336 6046,3342 6135,3348 6225,3348"/>
                <TextEquiv>
                    <Unicode>Fals. E. Herr Everleiten ist, xxx</Unicode>
                </TextEquiv>
            </TextLine>
            <TextLine id="tr_1_tl_20" custom="readingOrder {index:19;}">
                <Coords points="4064,3713 4571,3602 5223,3685 5651,3590 6242,3618 6282,3470 5946,3378 5703,3448 5033,3393 4820,3547 4657,3421 4067,3458"/>
                <Baseline points="4082,3593 4142,3593 4231,3587 4321,3587 4410,3587 4500,3587 4589,3581 4679,3587 4768,3581 4858,3581 4947,3575 5037,3575 5127,3575 5216,3575 5306,3581 5395,3575 5485,3563 5574,3563 5664,3563 5753,3569 5843,3575 5932,3575 6022,3575 6111,3575 6201,3587 6290,3587"/>
                <TextEquiv>
                    <Unicode>Ope.  Autro-Aulm   Opticint</Unicode>
                </TextEquiv>
            </TextLine>
            <TextLine id="tr_1_tl_21" custom="readingOrder {index:20;}">
                <Coords points="5574,3741 5617,3719 5651,3750 5919,3756 5971,3728 5993,3747 6103,3710 6269,3707 6269,3630 6165,3645 6060,3587 5946,3618 5873,3593 5574,3608"/>
                <Baseline points="5592,3676 5682,3682 5771,3688 5861,3694 5950,3694 6040,3688 6129,3688 6219,3694 6278,3694"/>
                <TextEquiv>
                    <Unicode>Acten Sen</Unicode>
                </TextEquiv>
            </TextLine>
            <TextLine id="tr_1_tl_22" custom="readingOrder {index:21;}">
                <Coords points="4242,3839 6617,3808 6515,3688 5882,3756 4944,3630 4817,3701 4239,3676"/>
                <Baseline points="4255,3748 4345,3748 4434,3754 4524,3760 4613,3760 4703,3754 4792,3754 4882,3748 4971,3742 5061,3742 5150,3748 5240,3754 5329,3766 5419,3772 5509,3772 5598,3790 5688,3802 5777,3807 5867,3807 5956,3807 6046,3802 6135,3802 6225,3802 6314,3802 6404,3796 6493,3796 6583,3796 6625,3790"/>
                <TextEquiv>
                    <Unicode>in einer Sache xxx s. xxx</Unicode>
                </TextEquiv>
            </TextLine>
        </TextRegion>
    </Page>
</PcGts>
