3288 4008
887 255 2323 515 Nicht wahr, du hast es begrü¬
706 469 1202 667 seraphine?
685 614 2634 813 Seraphine: Gewiss. Es wäre sogar etwas
683 800 2705 963 lächerlich gewesen. Herr Max von Reisen-
655 937 2660 1149 begg als Begleiter der Violinvirtuosin
650 1090 1666 1241 Seraphine Fenz -
657 1210 2660 1424 Max: Ich hatte auch nicht genug Talent
657 1406 940 1549 dazu.
660 1498 2598 1717 Seraphine: Und hättest immer daneben
655 1666 2626 1855 gegriffen.Ja, das ist wohl dein Fehler.
642 1827 2639 2046 Max: Ei, so ist man auch ein wenig fri-
655 2010 1337 2173 vol geworden.
652 2137 2695 2323 Seraphine: Was wird man nicht alles. Was
662 2318 2711 2458 ist man nicht alles.Sobltest du glauben,
655 2471 2512 2654 dass mein Schwesterlein und der gute
657 2619 1182 2805 Le indorf -
647 2733 2537 2970 Max: Wie, sie sind schon auseinander?
665 2968 2588 3108 geraphine: Nein, schlimmer. Beieinander
660 3072 2647 3274 geblieben. Ja, ich habe auch einen Blick
670 3230 2685 3403 in diese bürgerliche und Offiziersgesel
723 3370 2581 3600 schaft getan. Nein, Max, da bin ich doch
693 3549 1016 3803 esser.
