6792 4392
6063 318 6286 550 111
4287 548 4900 760 die Flucht.
4300 663 6183 885 Westerhaus: Sie könnte.Mit dir müsste
4305 818 6213 1041 sie.Es ist Zeit genug sie vorzuberei.
4322 1021 4547 1188 ten.
4317 1118 6063 1326 Julia: Darf ich Näheres erfahren?
4335 1268 6251 1503 Westerhaus: Sobald du Ja gesagt hast.
4337 1451 6301 1631 Ich begreife,dass du zögerst. Wir haben
4342 1608 6311 1771 schlimme Zeiten gehabt. Aber was immer
4347 1743 6168 1941 geschehen ist, wie mich hast du doch
4342 1853 6116 2109 keinengeliebt. Und dich hat keiner
4360 2006 6323 2249 geliebt wie ich,Julia.Du weisst es.Und
4372 2191 6368 2384 wir könnten beide vergessen,was gesche-
4367 2359 5875 2546 hen ist, irgendwo in der Welt.
4372 2464 6378 2689 Julia: Irgendwo. Kommen wir bis dorthin
4380 2651 6341 2874 Westerhaus: Keine Sorge. Für uns Beide
4390 2781 6328 2994 rett ich noch genug, um uns über Monate
4395 2949 5978 3164 wegzuhelfen. Und dein Schmuck
4390 3097 6401 3299 Julia: Und dort,wo du hinwillst, was für
4420 3259 5888 3464 ein Leben. Als wer, als was?
4400 3407 6336 3627 Westerhaus: Darauf bin ich selbst ge-
4420 3569 5933 3782 spannt.Aber wir werden leben.
