6952 4360
1531 648 2604 866 erneb dann aas! OZ :xx
1391 791 1972 1003 Jadid nädse
1644 1001 1931 1170 G.H.F.P.
1146 1106 1302 1251 G.F.P.
853 2125 1197 2338 G.H.F.Hae
554 2278 1202 2475 .Jasd as mü!
479 2467 1014 2636 en je.ne lew
952 2703 1146 2943 G.H.F.P
4030 312 5028 640 fallt nellenet was
4312 570 5081 718 Judith, Arduin.
4326 678 6354 893 Judith: (die Maske vor) Ist's schon be¬
4339 823 6456 1009 stimmt, von welchem Hafen dein Schiff ab-
4317 1022 4648 1192 geht?
4317 1100 6429 1375 Arduin: Das steht noch nicht fest. Doch
4347 1240 6214 1493 warum fragst du? Il est in du Joul.
3801 1340 4229 1477 Das Schiff nur
3796 1447 4175 1574 dort jebord
4355 1442 6445 1619 Judith: (Ist noch am Bord ein Platz frei?
4339 1560 6308 1783 So lad ich mich zur ersten peise ein.
4352 1746 6421 1918 Arduin: Das überlege dir. Ich kann dich
4342 1899 6464 2082 nur bis zum nächsten Hafen mitnehmen. Von
4355 2074 6273 2238 dort nehm ich mir eine Andere mit. In
4360 2200 6319 2399 jedem Fall. Und dich liess ich zurück.
4366 2321 6381 2558 Judith: Das wär nich eben recht. Männer
4374 2537 5141 2714 gibts überall.
4366 2617 6529 2876 Arduin: Auf mancher Insel Menschenfresser.
4379 2816 6512 2997 Judith: Ich fürcht mich nicht. Mich frisst
4387 2970 5832 3147 er nicht. Doch du gib Acht.
4385 3091 6502 3336 Arduin: An was für eine bin ich da gera-
4393 3349 4648 3481 ten?
4387 3376 6413 3642 Judith: Gib mir den Ring, an dem sollst
4398 3564 6413 3774 du mich erkenne, wenn die Zeit gekommen
5490 3683 6149 3796 mit uns halben.
4395 3723 6383 3952 ist. Hier hast du meinen. So verlob ich
