6824 4392
4353 578 6159 785 wenn es Herr von Falkenir wäre, den
4361 749 6300 996 Einzige, den Sie als Kenner gelten las.
4348 966 4605 1089 sen.
4364 988 6210 1205 rabri: Das wäre mehr als lustig, ein
4379 1177 6303 1371 Wunderwär's. Herr Falkenir ist in Rom
4369 1300 6252 1509 Gestern erst schrieb mir sein Freund
5017 1444 6089 1622 1. Pm. — fidum feit!
5344 1552 5536 1642 1. lb
4371 1484 4854 1672 von dort.
4369 1607 6127 1854 Aurelie : Ich sagt es Ihnen ja der
4358 1798 6212 1977 kommt nicht so bald zurück. So malen
563 1859 807 2037 xxx.
4358 1914 6101 2128 Sie doch weiter.) Entwurf
4376 2045 6398 2238 Fabri: (durchstreicht das Bild mit einem
4384 2243 5485 2414 dicken Pinselstrich).
4384 2414 5857 2603 Aurelie: (ruhig) Ausgelöscht?
4399 2558 5737 2754 Fabri: Nun ist mir wohler.
4401 2689 5209 2865 Aureie: Schade.
4406 2857 5613 3046 Fabri: Ich wusst es ja.
4396 2912 6199 3146 Aurelie : Geläng Buch alles, was Ihr
4406 3129 6323 3307 wollt, Ihr wäret Götter, nicht Meister,
4411 3295 5453 3478 wie man Euch nennt.
4419 3423 6363 3622 Fabri: Ich geb’s nicht auf, eh mir Ihr
4414 3544 6368 3818 Bildgelungen versuch ich kein anderes
