6792 4376
6061 354 6217 506 96
4432 523 5463 711 Arduin: Meine Zeit.
4449 600 6336 853 Aurelie: Ist noch nicht da. Sie kommt
4464 783 6180 944 vielleicht einmal. Vielleich auch
4449 915 6313 1153 nicht? Doch esscheint mir recht mög-
4454 1108 6276 1291 lich, dass sie kommt. Du bist schön,
4439 1262 6026 1443 bist jung,mein Vetter Arduin,-
4444 1376 6323 1609 Arduin: (erschreckt) (Wer tat dir Bö-
716 1423 880 1569 G.C.F.
4454 1601 6271 1750 ses? Das bist nicht du,du bist ver¬
4457 1703 6370 1874 wirrt. Wer hat's getan? Der solle mir
4940 1814 5996 1966 gehil dese vielseit...
4457 1906 4858 2028 büssen.
4454 1966 6192 2209 Aurelie: Mir tat keiner Böses. Ich
4452 2104 6378 2323 bin so wie ich bin. Wen hast du frü er
4452 2271 6189 2518 gesehn? Aus Märchen kommt man oft
4462 2489 5359 2662 verändert wieder.)
4462 2523 6420 2779 Arduin: Aurelie,wie immer du seist, ich
4464 2704 6432 2925 liebe dich. Schon als du ein Kind warst
4462 2888 6398 3101 hab ich dich geliebt.An jenem weich -
4472 3079 6271 3210 weisst du's nicht mehr - haben wir
4452 3185 6442 3393 miteinander gespielt.Du und deine bei
4472 3379 6408 3515 den Brüder, die jetzt tot sind. Wir wa-
4469 3493 6432 3686 ren immer verlobt.Die Elternsagten es
4469 3646 6219 3879 im Scherz. Mir war es immer ernst.
