6856 4552
6150 508 6362 717 122
4412 742 5231 917 Judith - Julia
4430 823 5995 1065 Julia: Gut, dass sie fort sind.
4427 993 6397 1208 Judith: was hast du mit ihm abgemacht?
4442 1166 6416 1358 Du hast dich bereit erklärt mit ihm zu
4439 1353 4900 1526 fliehen?
4467 1452 6281 1654 Julia: Das musst ich doch.Hätt ichs
4464 1624 6448 1792 nicht getan, so hätt er mich umgebracht.
4467 1750 6377 1937 Ich kenn ihn ja. Nun ist alles in Ord¬
4464 1896 6384 2093 nung, hoffentlich. Ist noch keine Nach-
4469 2053 6342 2280 richt da? Wir werden sie bald haben.
4484 2223 6091 2394 Judith: Ich versteh dich nicht.
4476 2357 6461 2591 Julia: Ich werde nicht mit ihm fliehen
4481 2495 6259 2699 Nein, ich werde frei sein. Hast du
4501 2682 6411 2854 nicht bemerkt, die letzte Zeit, ich war
4508 2795 6377 3037 gut unterrichtet.Die Anzeige ist er-
4501 3015 4945 3187 stattet.
4518 3099 6042 3338 Judith:Es war keine ergangen.
4523 3227 6416 3476 Julia: Doch. In diesem Augenblick ist
4538 3439 5430 3628 er in Sicherheit.
4531 3564 6254 3803 Judith: Du wüsstest - du weisst -
4553 3710 5894 3944 Julia: Freilich weiss ich.
4548 3784 6451 4040 Judith:Du hast die Anzeige erstattet
