3464 3960
1191 291 1367 447 12.
2594 357 2730 473 16
328 476 1003 649 Max,Seraphine.
321 596 2826 817 Seraphine: Umso besper. Die Aktustik ist schlecht und
318 768 2812 917 mein Begleiter ist nicht da. Welche Existenz' Und die
2005 893 2167 989 ist
304 900 2581 1115 die Sorge mit meinem Vater. Elisabeth nicht mehr
324 1055 2068 1244 glücklich. Glaubst du an den Krieg?
324 1237 2869 1393 Max: Haben wir einander nichts Wichtigeres zu erzählen
304 1383 2750 1539 Seit jenem Hochzeitstag haben wir uns nicht gesehen.
318 1512 2905 1671 Wolltest du's nicht so? Ueberdiesreiste ich am nächsten
304 1661 2961 1869 Tag ab. Ein Traum darf nur einmal geträumt werden. Warum
318 1830 2200 2032 bist du da Wegen Auralie? Wegen Judith?
301 2002 2862 2180 Max: All das ist vorbei. Ich fühle, du bist mein Glück.
314 2137 2941 2273 Seraphine“ Du irrst. Ihr seid so dumm. Auch ich wäre dir
314 2273 2710 2482 nicht treu: Was sind das überhaupt fur dumme Worte.
304 2448 2965 2581 Wir plappern-sie nur Euch Märnern nach, um uns zu verstän¬
1982 2568 2812 2723 Iit spiele sch ist
308 2594 1764 2822 digen. All das gibts ja nicht.
1866 2680 2826 2799 douert haut di deux
549 2746 1496 2892 amtthjänre 1d xxx
1790 2756 2746 2865 him a fitt - i.
351 2826 2816 3004 Pirektor kommt. Das Konzert muss abgesagt werden. Die
304 2975 2809 3133 Leute reisen ab. Die Grenze soll gesperrt werden. Nur
1122 3080 1436 3193 -1 àbl.
301 3127 2812 3342 mehr über Holland ist die Abreise möglich. Vielleicht
308 3299 1251 3474 mit dem Schiff fort.
1052 3411 1287 3587 sled.
308 3487 2472 3746 Weitere Pläne (vielleicht war auch Eligius da
1234 3653 2071 3805 gleich Amersch
