6792 4408
6085 347 6309 494 105
4399 452 6376 656 Judith: Vieles. Du kannst in Sicherheit
4399 679 6238 824 sein. Kannst irgendwo das Leben neu
4411 804 4905 1006 beginnen.
4399 944 6218 1111 West erhaus: Das wäre der Mühe wert.
4411 1138 6184 1296 Sich verstecken, verk leiden, Flucht,
4411 1266 6194 1436 Armut,Arbeiten fürs tägliche Brot-
4423 1429 4977 1606 Und wofür?
4416 1554 6208 1753 Judith: Das könnte sich immer noch
4418 1743 4836 1918 finden?
4431 1842 6329 2036 Westerhaus: Nicht mehr.Aber immerhin
4428 2016 6380 2193 bin ich dir dankbar,- es wäre wirklich
4448 2146 6321 2355 taktlos gewesen hier während sie da-
4431 2311 6218 2471 neben Kaffee trinken und rauchen -
4445 2454 6358 2653 sogar etwas lächerlich.Du bist stark,
4436 2641 6398 2796 Judith, ich darf wohl von dir verlangen
4458 2759 6294 2953 dass du mich, dich nicht verrätst. Es
4453 2899 6410 3140 ist noh Bargeld da und was den Schmuck
4448 3051 6388 3223 anbelangt,-nun,sie wird bald neuenha-
4438 3236 6403 3400 ben. Es ist mir nicht hang um sie.Auch
4441 3386 5569 3565 nicht um dich, Judith.
4450 3501 6299 3769 Judith: Da magst du Recht haben. Aber
96 4027 403 4192 A
