3464 3944
1199 374 1399 533 15.
339 457 2678 727 Faikenir, xxxxAure le Ambros kommt. in de Acht
89 498 295 822 to be
343 704 2646 825 Ambros teilt mit, dass Arduins schiff sich von der
349 838 2624 980 kiste entfernt. Offenbar hangt es mit dem Krieg
339 939 2582 1152 zusammen. Aufgemeine Horeise bereitet sich vor.
406 1091 2776 1339 Auch ich will heute Nachts mit dem Schiff abreisen.
393 1279 2548 1412 Ich will mich erkundigen,ob es nicht doch aber
390 1396 2563 1586 Bolland geht. Ich wur. ich bei aller Sitte.
676 1504 2890 1685 Jetzt willemhnt: Nacht nam ich an Amtere Ihm i Ihrer
822 1612 1821 1751 seem schuldig seiner
1878 1615 2557 1850 bei neint freier
384 1710 1209 1932 Falkonir,Aurelie.
387 1818 2893 2103 Aurelie' Nicht das ist die Ursache. Ambros hat es ver
390 2053 2833 2202 anlasst. Er weiss, dass mein Bild auf dem Schiff ist,
412 2202 2938 2344 Gysars Bild. Es hängt in Arduins Schiff. Immer wird er
400 2319 2779 2481 mich so vor sich sehen. Das Bild, das Gysar, mein Ge-
400 2468 2706 2668 liebter gemalt hat. Bestehst du auch diese Probe?
384 2646 2814 2855 Falkenir: Wie soll ich dir beweisen, dass ich sie be
403 2763 2830 3004 stehe? Was lag übrigens Ambros daran? Ehn ich rich
422 2966 606 3119 tig“.
368 3042 2909 3258 Aurelie Er ist nicht mein Geliebter. Und dies ist die
365 3265 2922 3471 dritte Probe. Er hätt eswerden können. Meine Tur stand
378 3391 2824 3604 offen. Er wusste es, Er wird in meinen Träumen sein.
387 3553 1535 3753 Vielleicht.
