3208 4040
953 325 1118 531 COS
1240 305 1443 480 Aure
813 511 2008 712 Aurelie: Wirklich Zufal
2475 488 2691 712 eben
790 668 2236 806 doch ein wenig das Schicksa
2315 671 2811 828 zu spielen
798 846 2615 1060 Ambros: Das wäre ein matter Scherz
788 991 1105 1098 wesen.
767 1044 2663 1342 Aurelie: Wahrhaftig.. als wäre es nie
780 1296 1205 1410 gewesen.
767 1375 2175 1581 Ambros: Es war ja auch nie.
767 1543 2757 1738 Aurelie: Ich will Ihnen eine Neuigkeit
757 1731 2800 1896 mitteilen. Ich werde diese Küste verlas-
760 1863 2689 2028 sen.Umso mehr als ich bis heute nicht
770 2018 2752 2226 weiss, warum ich hier bin. Warum bin ich
752 2165 2610 2358 Ihnen hieher gefolgt? Was wollen Sie
737 2363 2742 2503 mit mir? War es der Mühe wert mich vom
745 2490 2643 2653 Verderben zu retten? Wissen Sie über
732 2701 2734 2844 haupt, dass Fabri mein Verderben gewegen
737 2798 2305 2955 wäre? Kindereien. Ich reise ab
722 2943 2666 3184 Ambros: Wohin wollen Sie? Wohn lookt
755 3149 1100 3271 es Sie?
727 3184 2767 3451 Aurelie: Muss man ein Ziel haben? Machen
722 3428 2712 3662 Sie sich keine Sorgen um mich. Noch ein
