6776 4376
785 669 1683 863 xxx mü. xxx sj
589 813 1892 996 ieM. niemmüd xxx dota ei
720 946 1955 1175 xxx auf der xxx
591 1127 1839 1329 ¬dawez us asw. riegieme
564 1296 1837 1532 nichfls nie bais aa xxx.
647 1625 1442 1802 Il ne Iusiow.
6054 294 6215 481 91
4368 455 5629 692 Fabri.-Aurelie.-Arduin.
4378 622 6243 815 Arduin: Verzeihung,dass ich so unge-
4373 778 6157 971 meldet eintrete.-Aurelie! Meister!
4371 944 5385 1105 Fabri: Mein Prinz -
4373 1072 6311 1256 Aurelix : Du bist hier? Dein Wagen al-
4373 1263 4564 1391 so?
4378 1356 6125 1588 Arduin: Seit heute Morgen bin ich
4386 1515 5561 1711 hier. Du wirst gemalt?
4366 1666 6328 1849 Aurelie: Ich wurde.Hätten wir gewusst.
4373 1819 6109 1990 dass du kommst, nicht wahr Meister
4391 2003 6243 2166 Fabri,Sie hätten's nicht vernichtet?
4368 2146 6155 2328 Arduin: Oh - (das Bild betrachtend)
4373 2302 6203 2448 Das sieht freilich traurig aus. Wie
4383 2441 6404 2587 oft haben Sie schon das Bild ausgelöscht
4378 2587 6263 2758 Aurelie: Wo kommst du her,Arduin? Wir
4373 2733 6359 2881 dachten dich auf deinem weissen Schiff.
4373 2871 6348 3047 Arduin: Das ist noch lang nicht fertig.
4738 2994 5755 3103 In Weermark und gebaut.
4378 3047 5745 3251 Aurelie: Wo warst du also?
4371 3183 6316 3357 Arduin: Frag mich lieber, wo ich nicht
4378 3324 6348 3533 war, seit ich dich am Teich zum letzten
4376 3505 4992 3674 Mal gesehn.
4368 3616 6120 3827 Aurelia: Und warum wieder zurück?
