3432 4120
2831 313 2918 424 9
899 439 2805 660 Arduin: Julie? Ja, ich erinnere mich.
909 629 2967 807 Fürstin: Das ist wohl das Geringste, das
920 771 2016 938 du ihr schuldig bist.
920 896 2975 1056 Arduin: Wir zahlen besser mit Vergessen
922 1048 2957 1272 glaub ich.Manche verlangt es als einzi-
925 1251 1459 1387 gen Preis.
1711 1315 2533 1418 Slehn schon die Natur¬
935 1374 2823 1552 West erhaus: Sie bauen ein Schiff, ein
920 1505 2666 1701 Zauberschiff, so hört man.
922 1649 2946 1880 Orduin: Einen Nachen, einen Kahn. Ob zau-
925 1844 2864 1965 berhauft, das weiss ich nicht. Es wird
925 1983 2458 2150 auf die Gesellschaft ankommen
940 2150 2600 2332 Westerhaus: Was für ein Einfall.
426 2240 796 2409 Je mets
938 2286 2867 2451 Arduin: Ich werde vielleicht nur mehr
401 2381 794 2540 lirer un
938 2448 2959 2672 auf dem Meere leben, immer durch bewegte
426 2505 837 2646 innerent
506 2607 789 2800 Rechs
922 2610 2366 2785 Flut.. und landen,wo man mag.
940 2749 2764 2900 Westerhaus: Scheitern, wo Gott will.
932 2882 2833 3054 Fabri: Als Siebzehnjähriger habe ich
938 3067 2975 3214 ein Jahr auf einer Insel gelebt wie un-
940 3193 2921 3386 ter Wilden ein Wilder selbst. Nie habe
1410 3337 1675 3437 sauftic
938 3375 2440 3511 ich eine mildere Zeit erlebt.
1045 3481 2602 3589 Wolle t'a um ein Stol möhre!  S Blassierung
940 3519 2731 3722 Arduin: Sie sollen mir mein Schiff
935 3663 3003 3879 schmücken mit Gemälden. Wir sprechen drü-
