<?xml version="1.0" encoding="UTF-8" standalone="yes"?>
<PcGts xmlns="http://schema.primaresearch.org/PAGE/gts/pagecontent/2013-07-15" xmlns:xsi="http://www.w3.org/2001/XMLSchema-instance" xsi:schemaLocation="http://schema.primaresearch.org/PAGE/gts/pagecontent/2013-07-15 http://schema.primaresearch.org/PAGE/gts/pagecontent/2013-07-15/pagecontent.xsd">
    <Metadata>
        <Creator>prov=READ-COOP:name=TrHtr:version=2.1.0:model_id=51170:date=30_07_2023_00:25</Creator>
        <Created>2023-05-10T13:15:19.260+02:00</Created>
        <LastChange>2023-07-30T00:25:33.577+02:00</LastChange>
        <TranskribusMetadata docId="1428571" pageId="55410722" pageNr="134" tsid="131471788" status="IN_PROGRESS" userId="64420" imgUrl="https://files.transkribus.eu/Get?id=QOLAKMBKXRHXERBLXFZNYZFB&amp;fileType=view" xmlUrl="https://files.transkribus.eu/Get?id=WBUNHRLEQBKCJWPQHTQFPCZC" imageId="44684865"/>
    </Metadata>
    <Page imageFilename="1428571_0134.jpg" imageWidth="6824" imageHeight="4568">
        <ReadingOrder>
            <OrderedGroup id="ro_1711792862929" caption="Regions reading order">
                <RegionRefIndexed index="0" regionRef="tr_1"/>
            </OrderedGroup>
        </ReadingOrder>
        <TextRegion id="tr_1" custom="readingOrder {index:0;}">
            <Coords points="4353,559 6413,559 6413,3891 4353,3891"/>
            <TextLine id="tr_1_tl_1" custom="readingOrder {index:0;}">
                <Coords points="6131,643 6149,643 6179,668 6226,656 6264,633 6276,641 6286,631 6309,628 6321,641 6334,641 6336,548 6256,533 6239,533 6219,548 6181,528 6146,553 6134,553"/>
                <Baseline points="6144,621 6162,615 6251,615 6341,609"/>
                <TextEquiv>
                    <Unicode>117</Unicode>
                </TextEquiv>
            </TextLine>
            <TextLine id="tr_1_tl_2" custom="readingOrder {index:1;}">
                <Coords points="4337,861 4432,886 4570,846 4702,871 4737,843 4985,893 5065,856 5140,876 5175,868 5180,733 5083,758 4955,741 4892,783 4632,691 4525,721 4342,716"/>
                <Baseline points="4353,847 4376,847 4466,841 4556,841 4645,835 4735,830 4824,830 4914,830 5003,824 5093,824 5183,812"/>
                <TextEquiv>
                    <Unicode>len verschmäht?</Unicode>
                </TextEquiv>
            </TextLine>
            <TextLine id="tr_1_tl_3" custom="readingOrder {index:2;}">
                <Coords points="4344,998 5563,961 5981,1076 6221,1014 6229,858 5508,838 4775,908 4617,863 4347,928"/>
                <Baseline points="4359,997 4442,997 4532,991 4621,985 4711,985 4800,979 4890,979 4980,973 5069,973 5159,973 5248,967 5338,961 5427,955 5517,961 5606,955 5696,949 5786,943 5875,937 5965,937 6054,931 6144,931 6233,919"/>
                <TextEquiv>
                    <Unicode>Max: Vielleicht.Die ganze zeit - wir</Unicode>
                </TextEquiv>
            </TextLine>
            <TextLine id="tr_1_tl_4" custom="readingOrder {index:3;}">
                <Coords points="4362,1164 4464,1199 4552,1156 4650,1206 4852,1141 5468,1124 5468,1064 5380,1039 5158,1029 5038,1096 4982,1061 4692,1089 4364,1059"/>
                <Baseline points="4376,1140 4400,1146 4490,1146 4579,1140 4669,1134 4759,1134 4848,1128 4938,1128 5027,1122 5117,1116 5206,1116 5296,1110 5386,1110 5475,1110"/>
                <TextEquiv>
                    <Unicode>haben uns nie geliebt.</Unicode>
                </TextEquiv>
            </TextLine>
            <TextLine id="tr_1_tl_5" custom="readingOrder {index:4;}">
                <Coords points="4359,1341 6309,1254 6336,1136 4762,1241 4555,1156 4364,1169"/>
                <Baseline points="4376,1289 4460,1295 4550,1289 4639,1289 4729,1277 4818,1277 4908,1277 4997,1277 5087,1271 5177,1265 5266,1265 5356,1259 5445,1259 5535,1253 5624,1247 5714,1247 5804,1242 5893,1236 5983,1236 6072,1230 6162,1224 6251,1224 6341,1224"/>
                <TextEquiv>
                    <Unicode>Judith: Warum lügen Sie? Sie sind ver-</Unicode>
                </TextEquiv>
            </TextLine>
            <TextLine id="tr_1_tl_6" custom="readingOrder {index:5;}">
                <Coords points="4374,1456 4650,1484 4802,1436 5073,1456 5078,1366 4797,1351 4620,1414 4575,1371 4379,1366"/>
                <Baseline points="4388,1445 4454,1445 4544,1439 4633,1433 4723,1433 4812,1427 4902,1421 4991,1421 5081,1409"/>
                <TextEquiv>
                    <Unicode>lobt mit ihr?</Unicode>
                </TextEquiv>
            </TextLine>
            <TextLine id="tr_1_tl_7" custom="readingOrder {index:6;}">
                <Coords points="4377,1639 5883,1547 6254,1619 6374,1587 6381,1424 5433,1502 5243,1424 4957,1436 4572,1549 4384,1494"/>
                <Baseline points="4394,1594 4412,1594 4502,1594 4591,1588 4681,1588 4771,1582 4860,1582 4950,1576 5039,1570 5129,1570 5218,1564 5308,1558 5398,1552 5487,1552 5577,1546 5666,1546 5756,1540 5845,1534 5935,1534 6024,1528 6114,1528 6204,1522 6293,1522 6383,1516"/>
                <TextEquiv>
                    <Unicode>Max: Sie glauben mir nicht? Sie werden.</Unicode>
                </TextEquiv>
            </TextLine>
            <TextLine id="tr_1_tl_8" custom="readingOrder {index:7;}">
                <Coords points="4377,1764 4965,1784 5318,1724 5410,1772 5558,1707 5856,1747 6099,1729 6104,1642 5868,1604 4672,1687 4382,1642"/>
                <Baseline points="4394,1743 4406,1743 4496,1743 4585,1743 4675,1737 4765,1737 4854,1725 4944,1725 5033,1725 5123,1725 5212,1719 5302,1713 5392,1707 5481,1701 5571,1701 5660,1695 5750,1695 5839,1689 5929,1689 6019,1683 6108,1683"/>
                <TextEquiv>
                    <Unicode>Ich halte um Ihre Hand an,Judith.</Unicode>
                </TextEquiv>
            </TextLine>
            <TextLine id="tr_1_tl_9" custom="readingOrder {index:8;}">
                <Coords points="4372,1944 4970,1924 5295,1862 5728,1892 5736,1757 5278,1819 4377,1844"/>
                <Baseline points="4388,1892 4394,1892 4484,1898 4573,1892 4663,1886 4753,1886 4842,1880 4932,1874 5021,1874 5111,1868 5200,1868 5290,1857 5380,1863 5469,1857 5559,1851 5648,1851 5738,1845"/>
                <TextEquiv>
                    <Unicode>Judith: Genug der Scherze.</Unicode>
                </TextEquiv>
            </TextLine>
            <TextLine id="tr_1_tl_10" custom="readingOrder {index:9;}">
                <Coords points="4384,2100 6286,2015 6344,1907 5521,1954 5313,1899 5138,1977 4389,1994"/>
                <Baseline points="4400,2048 4466,2048 4556,2042 4645,2036 4735,2036 4824,2036 4914,2030 5003,2030 5093,2024 5183,2018 5272,2012 5362,2012 5451,2006 5541,2000 5630,2000 5720,2000 5810,1994 5899,1994 5989,1988 6078,1982 6168,1976 6257,1976 6347,1976"/>
                <TextEquiv>
                    <Unicode>Max: Kein Scherz. Wir gehören zusammen.</Unicode>
                </TextEquiv>
            </TextLine>
            <TextLine id="tr_1_tl_11" custom="readingOrder {index:10;}">
                <Coords points="4397,2265 5628,2165 5901,2250 6329,2220 6401,2202 6409,2055 6014,2027 4807,2157 4402,2100"/>
                <Baseline points="4412,2197 4442,2203 4532,2197 4621,2191 4711,2191 4800,2179 4890,2179 4980,2179 5069,2173 5159,2173 5248,2167 5338,2161 5427,2155 5517,2155 5606,2149 5696,2149 5786,2143 5875,2143 5965,2131 6054,2131 6144,2131 6233,2125 6323,2125 6413,2125"/>
                <TextEquiv>
                    <Unicode>Es wäre eine wundervolle Zeit.Vielleicht</Unicode>
                </TextEquiv>
            </TextLine>
            <TextLine id="tr_1_tl_12" custom="readingOrder {index:11;}">
                <Coords points="4397,2360 4484,2390 4597,2345 4732,2375 5288,2327 5450,2365 5453,2285 5333,2247 5178,2247 5105,2285 4920,2260 4877,2292 4402,2260"/>
                <Baseline points="4412,2352 4472,2352 4562,2346 4651,2340 4741,2340 4830,2334 4920,2328 5009,2328 5099,2322 5189,2322 5278,2322 5368,2316 5457,2310"/>
                <TextEquiv>
                    <Unicode>nur kurz, doch schön.</Unicode>
                </TextEquiv>
            </TextLine>
            <TextLine id="tr_1_tl_13" custom="readingOrder {index:12;}">
                <Coords points="4407,2548 4677,2573 4867,2500 5546,2502 5603,2465 5676,2497 5758,2470 5761,2417 5503,2360 5313,2425 5218,2387 5148,2432 4412,2412"/>
                <Baseline points="4424,2501 4514,2501 4603,2495 4693,2495 4782,2490 4872,2490 4962,2484 5051,2478 5141,2472 5230,2472 5320,2466 5409,2466 5499,2460 5589,2460 5678,2460 5768,2454"/>
                <TextEquiv>
                    <Unicode>Judith: Nein,nein,niemals.</Unicode>
                </TextEquiv>
            </TextLine>
            <TextLine id="tr_1_tl_14" custom="readingOrder {index:13;}">
                <Coords points="4414,2748 5348,2625 6069,2705 6351,2655 6356,2495 4520,2608 4422,2563"/>
                <Baseline points="4430,2657 4478,2657 4568,2651 4657,2651 4747,2645 4836,2639 4926,2633 5015,2633 5105,2633 5194,2627 5284,2621 5374,2621 5463,2615 5553,2615 5642,2609 5732,2609 5821,2609 5911,2603 6001,2597 6090,2591 6180,2585 6269,2585 6359,2579"/>
                <TextEquiv>
                    <Unicode>Max: Warum nicht? Es muss ja nicht auf</Unicode>
                </TextEquiv>
            </TextLine>
            <TextLine id="tr_1_tl_15" custom="readingOrder {index:14;}">
                <Coords points="4422,2808 4467,2830 4532,2815 4622,2843 4742,2808 4785,2835 4875,2800 4945,2818 4947,2740 4875,2738 4830,2713 4780,2743 4717,2735 4682,2755 4622,2748 4532,2703 4477,2740 4424,2745"/>
                <Baseline points="4436,2806 4502,2806 4591,2800 4681,2794 4771,2794 4860,2794 4950,2788"/>
                <TextEquiv>
                    <Unicode>ewig sein.</Unicode>
                </TextEquiv>
            </TextLine>
            <TextLine id="tr_1_tl_16" custom="readingOrder {index:15;}">
                <Coords points="4429,3013 5778,2920 6269,2980 6291,2780 5335,2888 4434,2873"/>
                <Baseline points="4442,2967 4502,2961 4591,2961 4681,2955 4771,2955 4860,2949 4950,2949 5039,2943 5129,2937 5218,2931 5308,2931 5398,2931 5487,2925 5577,2925 5666,2919 5756,2919 5845,2913 5935,2907 6024,2902 6114,2896 6204,2896 6293,2890"/>
                <TextEquiv>
                    <Unicode>Judith: Haben sie vergessen? Ich will</Unicode>
                </TextEquiv>
            </TextLine>
            <TextLine id="tr_1_tl_17" custom="readingOrder {index:16;}">
                <Coords points="4422,3126 5413,3128 5821,3061 6231,3136 6339,3111 6344,2995 6174,2948 4975,3068 4427,3016"/>
                <Baseline points="4436,3111 4466,3116 4556,3116 4645,3111 4735,3105 4824,3099 4914,3099 5003,3099 5093,3093 5183,3087 5272,3087 5362,3081 5451,3081 5541,3075 5630,3069 5720,3069 5810,3063 5899,3057 5989,3057 6078,3051 6168,3051 6257,3039 6347,3045"/>
                <TextEquiv>
                    <Unicode>nicht Frau sein, auch nicht Geliebte -</Unicode>
                </TextEquiv>
            </TextLine>
            <TextLine id="tr_1_tl_18" custom="readingOrder {index:17;}">
                <Coords points="4422,3293 5738,3218 5813,3283 6136,3288 6299,3251 6306,3116 4424,3213"/>
                <Baseline points="4436,3266 4514,3266 4603,3266 4693,3260 4782,3260 4872,3254 4962,3254 5051,3248 5141,3242 5230,3236 5320,3236 5409,3230 5499,3224 5589,3224 5678,3218 5768,3218 5857,3212 5947,3206 6036,3206 6126,3206 6216,3194 6305,3188"/>
                <TextEquiv>
                    <Unicode>Sie wissen, was ich erwählt. Sie waren</Unicode>
                </TextEquiv>
            </TextLine>
            <TextLine id="tr_1_tl_19" custom="readingOrder {index:18;}">
                <Coords points="4434,3456 5901,3366 6299,3418 6304,3281 5340,3293 4987,3363 4830,3281 4667,3341 4439,3301"/>
                <Baseline points="4448,3415 4514,3415 4603,3415 4693,3409 4782,3403 4872,3403 4962,3397 5051,3391 5141,3391 5230,3385 5320,3379 5409,3379 5499,3373 5589,3373 5678,3367 5768,3367 5857,3361 5947,3361 6036,3355 6126,3349 6216,3349 6305,3337"/>
                <TextEquiv>
                    <Unicode>vielleicht dumm. Wärnn Sie doch Aure-</Unicode>
                </TextEquiv>
            </TextLine>
            <TextLine id="tr_1_tl_20" custom="readingOrder {index:19;}">
                <Coords points="4432,3584 5688,3524 5891,3601 6399,3498 6404,3431 4675,3516 4439,3446"/>
                <Baseline points="4448,3564 4526,3564 4615,3564 4705,3564 4794,3558 4884,3552 4974,3552 5063,3546 5153,3540 5242,3540 5332,3534 5421,3534 5511,3529 5601,3523 5690,3517 5780,3517 5869,3511 5959,3511 6048,3505 6138,3499 6228,3493 6317,3493 6407,3487"/>
                <TextEquiv>
                    <Unicode>liens Gatte geworden -Dann,vielleicht.</Unicode>
                </TextEquiv>
            </TextLine>
            <TextLine id="tr_1_tl_21" custom="readingOrder {index:20;}">
                <Coords points="4427,3781 5040,3699 6191,3704 6254,3616 6081,3564 5971,3621 4432,3669"/>
                <Baseline points="4442,3726 4466,3726 4556,3720 4645,3720 4735,3714 4824,3708 4914,3702 5003,3702 5093,3696 5183,3696 5272,3690 5362,3684 5451,3684 5541,3678 5630,3672 5720,3672 5810,3666 5899,3660 5989,3660 6078,3654 6168,3654 6257,3654"/>
                <TextEquiv>
                    <Unicode>Max: pa Sie doch entschlossen sind,</Unicode>
                </TextEquiv>
            </TextLine>
            <TextLine id="tr_1_tl_22" custom="readingOrder {index:21;}">
                <Coords points="4432,3909 5608,3834 5766,3911 6129,3866 6296,3914 6306,3709 4437,3811"/>
                <Baseline points="4448,3881 4514,3881 4603,3875 4693,3875 4782,3869 4872,3863 4962,3857 5051,3851 5141,3851 5230,3845 5320,3845 5409,3839 5499,3833 5589,3833 5678,3827 5768,3821 5857,3821 5947,3815 6036,3809 6126,3809 6216,3803 6305,3797"/>
                <TextEquiv>
                    <Unicode>warum soll ich nicht der Erste sein?</Unicode>
                </TextEquiv>
            </TextLine>
        </TextRegion>
    </Page>
</PcGts>
