6888 4568
6158 505 6377 659 120
4488 716 5323 865 Judith - Ambros
4485 815 6474 1067 Ambros: Was ist geschehen? Ichahne. Ihr
4498 1039 5020 1201 Schwager -
4503 1121 6057 1353 Judith:Er hat sich erschossen.
4498 1300 6499 1514 Ambross: Furchtbar. Aber es musste kom.
4518 1452 5915 1619 men. Verfügen Sie über mich.
4518 1579 6432 1812 Judith: Ich brauche niemand en Es han-
4520 1733 6337 1954 delt sich auch weniger um mich. Aber
4527 1880 6434 2056 manche andere Schicksale hängen dran.
4537 2049 6442 2218 So kann ich Ihnen unter andrem sagen,
4522 2178 6507 2392 dass Ihr Freund Max von Leisenberg ein
4525 2394 5166 2543 Bettler ist.
4545 2484 6367 2708 Ambros: Um ihn machen Sie sich keine
4545 2618 6529 2859 Sorgen. Er ist der Verlobte der Baronin
4545 2857 4982 3041 Aurelie.
4557 2951 6534 3135 Judith: Sie irren. Ich weiss es von ihm
4560 3103 6395 3272 selbst. Im übrigen, was liegt an Max?
4572 3190 6569 3426 Er - alles wäre anders geworden. Vorbei.
4570 3404 6554 3583 Ambros: soll ich Ihre Schwester rufen?
4570 3553 6499 3742 Judith: Ganz im Gegenteil.Sie darf es
4590 3680 6457 3901 nicht einmal wissen. Vorläufig nicht.
4595 3829 6519 4005 Wir wollen lustig sein. Hier kommt Ihr
4602 3948 6370 4102 Freund, Sagen Sies ihm auf dem Weg.
