3624 4792
3056 833 3183 1036 24
2959 1003 3179 1100 17 —
2366 1063 2979 1253 Über Schwete.
726 1046 2223 1240 Jedesfalls bleibts bei Amerika.
733 1190 3256 1363 Seraphine: Eine kleine Unterbrechung wird wohl geben.
1450 1320 2536 1420 nun en de nouveau
743 1403 3223 1550 Ich denke, ich werde das Kind meiner Schwester geben.
726 1536 3089 1753 Maxi Wovon sprichst du? Von welchem Kind? Meines,
716 1683 1693 1873 Seraphine Einzigeß!
910 1806 1030 1900 r
766 1876 3439 2039 Seraphine: Willst du mir vielleicht die Ehre zurückgeben
716 2006 2139 2193 Nein, nein, es wäre lächerlich.
770 2126 3382 2343 Max: Ich will bei dir bleiben. Geborgenheit. Was könnt
770 2309 1493 2526 ich nur werden
806 2443 3136 2629 Seraphine: Oh nein. Für drei Kinder zu sorgen, das
813 2629 1463 2793 wäre zu viel.
816 2773 1886 2983 Max: Weiss dein Vater?
820 2933 3399 3123 Seraphine: Ich werdenich wohl hüten. Er wäre zu stolz.
820 3086 2526 3283 Er soll, es womöglich nie erfahren.
1000 3233 2899 3432 In seit drevi samm kommt gilder inbe-
1736 3409 2203 3659 tiretly.
