6888 4360
6196 368 6365 506 58
4456 388 6477 626 Seraphine: Und immer in anderer Gesell-
4438 649 6441 851 schaft - Zuletzt mit der schönen Baro¬
4443 751 5079 958 nin Aurelie.
4407 920 6324 1198 Max: Die, wie Sie eben hörten, verlobt
4423 1081 4673 1247 ist.
4420 1239 6482 1469 Seaaphine: Sie sehen nicht aus als kümi-
4410 1423 6290 1589 merten sie sich (viel) um dergleichen.
4389 1525 6242 1743 Max: Sie kennen mich wohl sehr gut.
4392 1722 6255 1896 geraphine pas muss nicht sonderlich
4392 1850 5762 2021 schwer sein Sie zu kennen.
4811 1944 5179 2036 du décite
4397 1980 6410 2228 Max: Da wär ich fast neugierig was über
4374 2151 5192 2312 mich zu hören.
4366 2238 6319 2506 Seraphine: (Was Sie vor allem sind, das
4379 2463 6255 2696 sag ich Ihnen mit einem Wort: Eitel.
4346 2586 5151 2795 Gott,wie eitel,
4678 2713 4885 2790 min.
4336 2757 6357 2997 Max: Ich halte was auf mich, aber nicht
4344 2897 5583 3079 sonderlich viel von mir,
4936 3010 6152 3155 Hiermit hund gesagt. Teever und hin
4331 3069 5544 3250 Seraphine: Und treulos.
4980 3163 5169 3263 ren sie
5626 3135 5864 3273 Neile.
4338 3217 6283 3434 Max: Soll-man ein Gefühl verlügen, das
5156 3332 5943 3442 cune Musée qu'on
4338 3367 6365 3590 nicht mehr da ist? Nur das wäre Treulo-
4323 3505 6147 3682 sigkeit.“  Er ist ich taules  ein schiebt
4326 3677 6308 3924 Seraphine: Eine Art von Treulosigkeit,
