<?xml version="1.0" encoding="UTF-8" standalone="yes"?>
<PcGts xmlns="http://schema.primaresearch.org/PAGE/gts/pagecontent/2013-07-15" xmlns:xsi="http://www.w3.org/2001/XMLSchema-instance" xsi:schemaLocation="http://schema.primaresearch.org/PAGE/gts/pagecontent/2013-07-15 http://schema.primaresearch.org/PAGE/gts/pagecontent/2013-07-15/pagecontent.xsd">
    <Metadata>
        <Creator>prov=READ-COOP:name=TrHtr:version=2.1.0:model_id=51170:date=30_07_2023_00:26</Creator>
        <Created>2023-05-10T13:15:47.704+02:00</Created>
        <LastChange>2023-07-30T00:26:31.588+02:00</LastChange>
        <TranskribusMetadata docId="1428571" pageId="55412032" pageNr="337" tsid="131471994" status="IN_PROGRESS" userId="64420" imgUrl="https://files.transkribus.eu/Get?id=GADJWJOJKUHTZJVJHXYLXQQS&amp;fileType=view" xmlUrl="https://files.transkribus.eu/Get?id=LUKUSOHESARXBVYHTLGZOMEY" imageId="44686174"/>
    </Metadata>
    <Page imageFilename="1428571_0337.jpg" imageWidth="3656" imageHeight="4792">
        <ReadingOrder>
            <OrderedGroup id="ro_1711793104370" caption="Regions reading order">
                <RegionRefIndexed index="0" regionRef="tr_1"/>
                <RegionRefIndexed index="1" regionRef="tr_2"/>
            </OrderedGroup>
        </ReadingOrder>
        <TextRegion id="tr_1" custom="readingOrder {index:0;}">
            <Coords points="710,886 3255,886 3255,2775 710,2775"/>
            <TextLine id="tr_1_tl_1" custom="readingOrder {index:0;}">
                <Coords points="690,1139 3035,1004 3215,975 3222,844 696,988"/>
                <Baseline points="710,1053 722,1050 766,1056 811,1056 856,1056 901,1056 945,1053 990,1050 1035,1050 1080,1047 1124,1044 1169,1041 1214,1038 1259,1038 1303,1035 1348,1035 1393,1029 1438,1029 1482,1026 1527,1026 1572,1023 1617,1017 1661,1017 1706,1014 1751,1014 1796,1014 1841,1011 1885,1008 1930,1005 1975,1002 2020,999 2064,999 2109,996 2154,996 2199,996 2243,990 2288,990 2333,987 2378,984 2422,984 2467,981 2512,981 2557,978 2601,972 2646,969 2691,966 2736,963 2780,960 2825,957 2870,954 2915,951 2959,948 3004,948 3049,942 3094,942 3138,939 3183,936 3228,936"/>
                <TextEquiv>
                    <Unicode>Aurelie kommt. Max Erstaunen. Aurelie ganz liebenswürf</Unicode>
                </TextEquiv>
            </TextLine>
            <TextLine id="tr_1_tl_2" custom="readingOrder {index:1;}">
                <Coords points="706,1239 882,1223 911,1242 1017,1206 1219,1245 1296,1203 1386,1203 1389,1142 1229,1107 1149,1136 1107,1117 1056,1149 966,1101 918,1139 709,1155"/>
                <Baseline points="722,1220 766,1217 811,1217 856,1214 901,1211 945,1208 990,1205 1035,1202 1080,1202 1124,1199 1169,1196 1214,1193 1259,1193 1303,1190 1348,1187 1393,1184"/>
                <TextEquiv>
                    <Unicode>dige Weltdame.</Unicode>
                </TextEquiv>
            </TextLine>
            <TextLine id="tr_1_tl_3" custom="readingOrder {index:2;}">
                <Coords points="703,1370 2734,1293 2875,1219 706,1319"/>
                <Baseline points="719,1366 728,1363 772,1366 817,1363 862,1363 907,1360 951,1354 996,1357 1041,1354 1086,1351 1130,1351 1175,1348 1220,1342 1265,1339 1309,1339 1354,1339 1399,1336 1444,1333 1488,1333 1533,1333 1578,1330 1623,1327 1667,1324 1712,1321 1757,1318 1802,1318 1846,1315 1891,1312 1936,1309 1981,1309 2026,1309 2070,1306 2115,1303 2160,1297 2205,1294 2249,1291 2294,1289 2339,1286 2384,1286 2428,1289 2473,1283 2518,1280 2563,1280 2607,1274 2652,1265 2697,1265 2742,1265 2786,1265 2831,1262 2876,1262"/>
                <TextEquiv>
                    <Unicode>Hat Ihnen Ambros nicht gesagt, dass ich da bin</Unicode>
                </TextEquiv>
            </TextLine>
            <TextLine id="tr_1_tl_4" custom="readingOrder {index:3;}">
                <Coords points="934,1457 2939,1361 3154,1316 3157,1248 937,1380"/>
                <Baseline points="951,1423 966,1420 1011,1417 1056,1417 1101,1417 1145,1411 1190,1408 1235,1402 1280,1402 1324,1405 1369,1405 1414,1405 1459,1399 1503,1399 1548,1396 1593,1396 1638,1393 1682,1390 1727,1384 1772,1378 1817,1378 1861,1378 1906,1372 1951,1372 1996,1372 2040,1372 2085,1369 2130,1366 2175,1360 2219,1354 2264,1348 2309,1342 2354,1342 2398,1336 2443,1333 2488,1330 2533,1330 2578,1327 2622,1327 2667,1327 2712,1324 2757,1324 2801,1327 2846,1324 2891,1324 2936,1321 2980,1318 3025,1315 3070,1315 3115,1312 3159,1315"/>
                <TextEquiv>
                    <Unicode>Wie haben geben eine schöne Nachtfahr</Unicode>
                </TextEquiv>
            </TextLine>
            <TextLine id="tr_1_tl_5" custom="readingOrder {index:4;}">
                <Coords points="757,1559 3154,1434 3202,1322 760,1454"/>
                <Baseline points="778,1503 787,1503 832,1509 877,1509 921,1512 966,1512 1011,1512 1056,1512 1101,1509 1145,1506 1190,1503 1235,1500 1280,1497 1324,1494 1369,1494 1414,1491 1459,1491 1503,1491 1548,1488 1593,1482 1638,1482 1682,1479 1727,1476 1772,1474 1817,1474 1861,1471 1906,1471 1951,1471 1996,1468 2040,1468 2085,1462 2130,1459 2175,1456 2219,1453 2264,1456 2309,1450 2354,1441 2398,1432 2443,1429 2488,1432 2533,1432 2578,1432 2622,1429 2667,1426 2712,1426 2757,1423 2801,1420 2846,1417 2891,1417 2936,1414 2980,1408 3025,1405 3070,1405 3115,1402 3159,1399 3204,1399"/>
                <TextEquiv>
                    <Unicode>Wie ist es Ihnen immer ergangen Ein wunderschöner</Unicode>
                </TextEquiv>
            </TextLine>
            <TextLine id="tr_1_tl_6" custom="readingOrder {index:5;}">
                <Coords points="764,1678 1245,1723 2705,1588 3116,1649 3125,1473 767,1588"/>
                <Baseline points="781,1670 802,1664 847,1667 892,1667 936,1667 981,1667 1026,1664 1071,1664 1115,1661 1160,1661 1205,1661 1250,1658 1294,1658 1339,1656 1384,1653 1429,1650 1474,1647 1518,1650 1563,1644 1608,1641 1653,1635 1697,1635 1742,1632 1787,1626 1832,1626 1876,1623 1921,1623 1966,1620 2011,1614 2055,1614 2100,1611 2145,1608 2190,1605 2234,1605 2279,1605 2324,1602 2369,1599 2413,1596 2458,1593 2503,1590 2548,1587 2592,1584 2637,1581 2682,1581 2727,1581 2771,1581 2816,1578 2861,1575 2906,1572 2950,1569 2995,1563 3040,1560 3085,1554 3130,1554"/>
                <TextEquiv>
                    <Unicode>Ort. Ich mache jetzt meinen Morgenspaziergang, ich</Unicode>
                </TextEquiv>
            </TextLine>
            <TextLine id="tr_1_tl_7" custom="readingOrder {index:6;}">
                <Coords points="773,1855 2176,1794 2214,1678 1563,1749 1421,1717 1306,1771 1078,1694 857,1790 780,1752"/>
                <Baseline points="793,1835 829,1832 874,1829 919,1829 963,1829 1008,1823 1053,1811 1098,1811 1142,1811 1187,1811 1232,1811 1277,1808 1321,1808 1366,1808 1411,1802 1456,1799 1500,1799 1545,1796 1590,1793 1635,1790 1679,1790 1724,1784 1769,1781 1814,1781 1858,1778 1903,1775 1948,1775 1993,1775 2037,1772 2082,1769 2127,1763 2172,1763 2216,1763"/>
                <TextEquiv>
                    <Unicode>hoffe Sie noch zu sehen. (ab)</Unicode>
                </TextEquiv>
            </TextLine>
            <TextLine id="tr_1_tl_8" custom="readingOrder {index:7;}">
                <Coords points="1332,1925 2881,1826 3241,1903 3250,1710 1335,1835"/>
                <Baseline points="1348,1885 1375,1894 1420,1894 1465,1894 1509,1891 1554,1888 1599,1885 1644,1879 1688,1879 1733,1879 1778,1876 1823,1870 1867,1867 1912,1867 1957,1864 2002,1861 2046,1858 2091,1852 2136,1852 2181,1852 2225,1849 2270,1849 2315,1846 2360,1846 2404,1841 2449,1841 2494,1838 2539,1835 2583,1832 2628,1829 2673,1826 2718,1823 2763,1823 2807,1823 2852,1820 2897,1814 2942,1811 2986,1811 3031,1805 3076,1799 3121,1796 3165,1793 3210,1790 3255,1787"/>
                <TextEquiv>
                    <Unicode>Ist lasse mit ein wenig' un hannten.</Unicode>
                </TextEquiv>
            </TextLine>
            <TextLine id="tr_1_tl_9" custom="readingOrder {index:8;}">
                <Coords points="1322,1964 1466,1999 1495,1973 1669,1989 1781,1941 2054,1973 2134,1928 2243,1932 2243,1893 1977,1871 1864,1909 1733,1890 1656,1922 1559,1893 1515,1925 1450,1900 1325,1928"/>
                <Baseline points="1339,1963 1357,1963 1402,1966 1447,1966 1491,1966 1536,1963 1581,1960 1626,1957 1670,1951 1715,1948 1760,1945 1805,1939 1849,1936 1894,1933 1939,1930 1984,1927 2028,1924 2073,1924 2118,1921 2163,1918 2208,1915 2252,1918"/>
                <TextEquiv>
                    <Unicode>sent in the habe..</Unicode>
                </TextEquiv>
            </TextLine>
            <TextLine id="tr_1_tl_10" custom="readingOrder {index:9;}">
                <Coords points="799,2150 1858,2166 2253,2066 2987,2057 2997,1890 2512,2009 1909,1938 1675,2050 805,2012"/>
                <Baseline points="817,2136 850,2139 895,2139 939,2136 984,2136 1029,2133 1074,2130 1118,2127 1163,2124 1208,2121 1253,2118 1297,2118 1342,2115 1387,2115 1432,2112 1476,2112 1521,2109 1566,2106 1611,2103 1656,2100 1700,2094 1745,2091 1790,2088 1835,2085 1879,2082 1924,2082 1969,2082 2014,2082 2058,2079 2103,2076 2148,2073 2193,2070 2237,2067 2282,2067 2327,2061 2372,2061 2416,2055 2461,2055 2506,2052 2551,2049 2595,2046 2640,2046 2685,2043 2730,2040 2774,2037 2819,2034 2864,2031 2909,2026 2953,2023 2998,2020"/>
                <TextEquiv>
                    <Unicode>Max: Was bedeutet das? Hat sie mich vergessen?</Unicode>
                </TextEquiv>
            </TextLine>
            <TextLine id="tr_1_tl_11" custom="readingOrder {index:10;}">
                <Coords points="796,2378 1428,2355 1640,2259 2811,2230 2901,2208 2904,2105 2236,2086 1951,2192 802,2236"/>
                <Baseline points="817,2294 850,2294 895,2294 939,2291 984,2288 1029,2282 1074,2282 1118,2282 1163,2276 1208,2276 1253,2273 1297,2273 1342,2273 1387,2270 1432,2267 1476,2261 1521,2258 1566,2258 1611,2255 1656,2252 1700,2246 1745,2246 1790,2243 1835,2240 1879,2240 1924,2237 1969,2234 2014,2231 2058,2228 2103,2228 2148,2225 2193,2222 2237,2219 2282,2216 2327,2213 2372,2211 2416,2205 2461,2202 2506,2202 2551,2199 2595,2199 2640,2196 2685,2196 2730,2193 2774,2190 2819,2190 2864,2187 2909,2190"/>
                <TextEquiv>
                    <Unicode>Ambros' Nein, aber sie überschätzt Sie nicht.</Unicode>
                </TextEquiv>
            </TextLine>
            <TextLine id="tr_1_tl_12" custom="readingOrder {index:11;}">
                <Coords points="796,2528 1075,2535 1373,2435 2073,2426 2082,2297 1925,2358 805,2371"/>
                <Baseline points="817,2461 832,2461 877,2461 921,2458 966,2455 1011,2455 1056,2440 1101,2440 1145,2440 1190,2437 1235,2437 1280,2434 1324,2431 1369,2428 1414,2428 1459,2425 1503,2422 1548,2419 1593,2416 1638,2413 1682,2410 1727,2407 1772,2404 1817,2401 1861,2398 1906,2396 1951,2393 1996,2390 2040,2387 2085,2390"/>
                <TextEquiv>
                    <Unicode>Max: Sie ist mit Ihnen da?</Unicode>
                </TextEquiv>
            </TextLine>
            <TextLine id="tr_1_tl_13" custom="readingOrder {index:12;}">
                <Coords points="1271,2516 1393,2532 1566,2500 1624,2525 1723,2493 1803,2516 1980,2474 2134,2500 2140,2371 1989,2442 1790,2410 1454,2468 1370,2432 1274,2445"/>
                <Baseline points="1289,2497 1294,2497 1339,2494 1384,2494 1429,2494 1474,2491 1518,2491 1563,2488 1608,2488 1653,2488 1697,2485 1742,2482 1787,2479 1832,2476 1876,2476 1921,2476 1966,2470 2011,2470 2055,2467 2100,2467 2145,2461"/>
                <TextEquiv>
                    <Unicode>I have it in the</Unicode>
                </TextEquiv>
            </TextLine>
            <TextLine id="tr_1_tl_14" custom="readingOrder {index:13;}">
                <Coords points="821,2683 3180,2535 3218,2416 2894,2352 2609,2468 831,2525"/>
                <Baseline points="841,2616 847,2616 892,2613 936,2610 981,2607 1026,2601 1071,2598 1115,2598 1160,2595 1205,2586 1250,2583 1294,2586 1339,2589 1384,2583 1429,2580 1474,2578 1518,2575 1563,2575 1608,2572 1653,2569 1697,2566 1742,2566 1787,2563 1832,2557 1876,2554 1921,2551 1966,2551 2011,2551 2055,2548 2100,2548 2145,2542 2190,2542 2234,2539 2279,2536 2324,2533 2369,2530 2413,2527 2458,2524 2503,2521 2548,2521 2592,2515 2637,2512 2682,2509 2727,2509 2771,2503 2816,2503 2861,2500 2906,2497 2950,2497 2995,2491 3040,2491 3085,2485 3130,2485 3174,2479 3219,2479"/>
                <TextEquiv>
                    <Unicode>Ambros Sie ist meine Freundin. Ich lese ihr meine</Unicode>
                </TextEquiv>
            </TextLine>
            <TextLine id="tr_1_tl_15" custom="readingOrder {index:14;}">
                <Coords points="812,2849 1768,2727 2182,2808 3135,2609 818,2676"/>
                <Baseline points="832,2765 859,2763 904,2763 948,2763 993,2763 1038,2760 1083,2757 1127,2757 1172,2754 1217,2751 1262,2748 1306,2748 1351,2745 1396,2742 1441,2739 1485,2733 1530,2733 1575,2730 1620,2730 1664,2730 1709,2727 1754,2727 1799,2727 1843,2727 1888,2727 1933,2727 1978,2724 2023,2724 2067,2724 2112,2724 2157,2721 2202,2721 2246,2718 2291,2712 2336,2709 2381,2706 2425,2703 2470,2700 2515,2694 2560,2694 2604,2688 2649,2685 2694,2682 2739,2679 2783,2676 2828,2673 2873,2673 2918,2670 2962,2667 3007,2664 3052,2661 3097,2661 3141,2664"/>
                <TextEquiv>
                    <Unicode>Sachen vor. „ Sie ist zu eingeflote, weil das Zweihn.</Unicode>
                </TextEquiv>
            </TextLine>
        </TextRegion>
        <TextRegion id="tr_2" custom="readingOrder {index:1;}">
            <Coords points="713,2727 3404,2727 3404,4249 713,4249"/>
            <TextLine id="tr_2_tl_1" custom="readingOrder {index:0;}">
                <Coords points="815,3007 1328,2904 3254,2833 3401,2711 825,2846"/>
                <Baseline points="838,2927 853,2927 898,2924 942,2924 987,2921 1032,2915 1077,2906 1121,2906 1166,2906 1211,2906 1256,2906 1300,2903 1345,2900 1390,2897 1435,2894 1479,2891 1524,2888 1569,2885 1614,2882 1658,2879 1703,2876 1748,2876 1793,2873 1838,2873 1882,2867 1927,2864 1972,2864 2017,2858 2061,2858 2106,2855 2151,2852 2196,2852 2240,2846 2285,2843 2330,2840 2375,2837 2419,2834 2464,2831 2509,2828 2554,2825 2598,2822 2643,2819 2688,2816 2733,2813 2777,2810 2822,2810 2867,2807 2912,2807 2956,2804 3001,2801 3046,2798 3091,2795 3135,2792 3180,2786 3225,2783 3270,2780 3315,2777 3359,2777 3404,2777"/>
                <TextEquiv>
                    <Unicode>Max: Aus welchen Schicksalen kommt sie? Hat sich 1/1 sar</Unicode>
                </TextEquiv>
            </TextLine>
            <TextLine id="tr_2_tl_2" custom="readingOrder {index:1;}">
                <Coords points="786,3154 1316,3058 1614,3074 1675,3039 1781,3068 1823,3058 1826,2978 1675,2936 1592,2987 1550,2946 1386,3007 1158,2962 1040,3023 796,3013"/>
                <Baseline points="808,3091 844,3085 889,3085 933,3082 978,3076 1023,3076 1068,3070 1112,3067 1157,3064 1202,3061 1247,3061 1291,3058 1336,3058 1381,3052 1426,3049 1471,3049 1515,3046 1560,3043 1605,3037 1650,3034 1694,3031 1739,3031 1784,3025 1829,3028"/>
                <TextEquiv>
                    <Unicode>ihretwegen erschossen</Unicode>
                </TextEquiv>
            </TextLine>
            <TextLine id="tr_2_tl_3" custom="readingOrder {index:2;}">
                <Coords points="1168,3206 1322,3263 1466,3202 1553,3231 1646,3189 1784,3215 1903,3173 2012,3199 2044,3189 2047,3116 1916,3071 1826,3116 1733,3064 1681,3090 1601,3068 1511,3132 1367,3157 1174,3116"/>
                <Baseline points="1190,3189 1205,3192 1250,3192 1294,3198 1339,3198 1384,3198 1429,3198 1474,3195 1518,3192 1563,3189 1608,3186 1653,3180 1697,3177 1742,3174 1787,3171 1832,3168 1876,3165 1921,3162 1966,3159 2011,3156 2055,3153"/>
                <TextEquiv>
                    <Unicode>Fragen Sie nichts.</Unicode>
                </TextEquiv>
            </TextLine>
            <TextLine id="tr_2_tl_4" custom="readingOrder {index:3;}">
                <Coords points="789,3250 850,3238 870,3254 886,3241 937,3244 1011,3225 1030,3234 1113,3225 1117,3151 1085,3164 1069,3151 1036,3161 1017,3145 959,3151 902,3135 796,3145"/>
                <Baseline points="811,3225 853,3228 898,3225 942,3225 987,3219 1032,3216 1077,3213 1121,3210"/>
                <TextEquiv>
                    <Unicode>Ambros</Unicode>
                </TextEquiv>
            </TextLine>
            <TextLine id="tr_2_tl_5" custom="readingOrder {index:4;}">
                <Coords points="1162,3366 2179,3292 2301,3353 2631,3250 3119,3299 3177,3164 2362,3138 1855,3260 1168,3238"/>
                <Baseline points="1184,3323 1214,3320 1259,3320 1303,3320 1348,3323 1393,3320 1438,3320 1482,3317 1527,3317 1572,3315 1617,3315 1661,3312 1706,3309 1751,3309 1796,3309 1841,3303 1885,3300 1930,3294 1975,3291 2020,3288 2064,3282 2109,3279 2154,3279 2199,3273 2243,3273 2288,3270 2333,3267 2378,3267 2422,3264 2467,3264 2512,3261 2557,3258 2601,3255 2646,3252 2691,3252 2736,3249 2780,3249 2825,3246 2870,3249 2915,3249 2959,3252 3004,3255 3049,3252 3094,3252 3138,3246 3183,3240"/>
                <TextEquiv>
                    <Unicode>uß ich nicht allein werden: Ich frage sie wicht viel</Unicode>
                </TextEquiv>
            </TextLine>
            <TextLine id="tr_2_tl_6" custom="readingOrder {index:5;}">
                <Coords points="1158,3472 2455,3459 2496,3337 2330,3376 1855,3327 1158,3376"/>
                <Baseline points="1175,3449 1202,3446 1247,3446 1291,3449 1336,3449 1381,3449 1426,3449 1471,3449 1515,3446 1560,3443 1605,3440 1650,3440 1694,3437 1739,3434 1784,3437 1829,3437 1873,3437 1918,3434 1963,3431 2008,3428 2052,3428 2097,3425 2142,3425 2187,3428 2231,3425 2276,3425 2321,3422 2366,3422 2410,3419 2455,3413 2500,3413"/>
                <TextEquiv>
                    <Unicode>has soll nie nicht auf werde</Unicode>
                </TextEquiv>
            </TextLine>
            <TextLine id="tr_2_tl_7" custom="readingOrder {index:6;}">
                <Coords points="1235,3594 3129,3559 3132,3481 2849,3411 2188,3514 1733,3433 1604,3514 1239,3517"/>
                <Baseline points="1253,3574 1259,3574 1303,3577 1348,3574 1393,3571 1438,3571 1482,3568 1527,3565 1572,3562 1617,3562 1661,3565 1706,3562 1751,3562 1796,3565 1841,3562 1885,3562 1930,3559 1975,3559 2020,3559 2064,3559 2109,3556 2154,3556 2199,3556 2243,3553 2288,3547 2333,3547 2378,3541 2422,3541 2467,3538 2512,3535 2557,3529 2601,3526 2646,3520 2691,3517 2736,3514 2780,3514 2825,3517 2870,3517 2915,3517 2959,3517 3004,3517 3049,3514 3094,3514 3138,3508"/>
                <TextEquiv>
                    <Unicode>I'd will there with the same: Tullenant</Unicode>
                </TextEquiv>
            </TextLine>
            <TextLine id="tr_2_tl_8" custom="readingOrder {index:7;}">
                <Coords points="716,3655 751,3674 793,3664 905,3677 943,3706 966,3696 992,3719 1024,3716 1017,3533 979,3526 902,3578 789,3539 732,3494 712,3494"/>
                <Baseline points="734,3655 778,3655 823,3652 868,3655 913,3658 957,3658 1002,3661 1029,3664"/>
                <TextEquiv>
                    <Unicode>The h-</Unicode>
                </TextEquiv>
            </TextLine>
            <TextLine id="tr_2_tl_9" custom="readingOrder {index:8;}">
                <Coords points="1210,3709 1508,3690 1649,3767 1874,3703 2047,3761 3295,3719 3295,3645 3058,3552 2410,3652 2301,3587 1771,3648 1210,3581"/>
                <Baseline points="1226,3687 1271,3682 1315,3682 1360,3682 1405,3682 1450,3682 1494,3685 1539,3685 1584,3687 1629,3687 1673,3687 1718,3690 1763,3690 1808,3690 1852,3690 1897,3693 1942,3693 1987,3696 2031,3696 2076,3699 2121,3702 2166,3702 2211,3699 2255,3702 2300,3699 2345,3699 2390,3696 2434,3696 2479,3696 2524,3696 2569,3696 2613,3693 2658,3690 2703,3685 2748,3685 2792,3682 2837,3679 2882,3679 2927,3679 2971,3679 3016,3679 3061,3679 3106,3679 3150,3682 3195,3679 3240,3682 3285,3687 3303,3687"/>
                <TextEquiv>
                    <Unicode>Ich habe ihn geschrieben. - Es ist das lette bezlehter</Unicode>
                </TextEquiv>
            </TextLine>
            <TextLine id="tr_2_tl_10" custom="readingOrder {index:9;}">
                <Coords points="703,3815 744,3841 809,3783 847,3783 866,3806 908,3773 982,3783 1014,3770 1072,3793 1075,3709 1020,3722 921,3690 834,3690 815,3703 712,3648"/>
                <Baseline points="722,3774 766,3771 811,3765 856,3762 901,3759 945,3762 990,3759 1035,3756 1080,3756"/>
                <TextEquiv>
                    <Unicode>set – &amp; so</Unicode>
                </TextEquiv>
            </TextLine>
            <TextLine id="tr_2_tl_11" custom="readingOrder {index:10;}">
                <Coords points="1216,3825 1669,3806 1787,3841 1970,3802 2121,3876 2121,3767 2066,3751 1746,3732 1665,3770 1515,3693 1370,3696 1332,3732 1216,3713"/>
                <Baseline points="1235,3807 1280,3807 1324,3801 1369,3801 1414,3801 1459,3804 1503,3804 1548,3804 1593,3807 1638,3807 1682,3804 1727,3804 1772,3801 1817,3804 1861,3804 1906,3801 1951,3804 1996,3807 2040,3810 2085,3819 2130,3822"/>
                <TextEquiv>
                    <Unicode>in Amelie Rellung</Unicode>
                </TextEquiv>
            </TextLine>
            <TextLine id="tr_2_tl_12" custom="readingOrder {index:11;}">
                <Coords points="728,3908 764,3908 825,3879 870,3895 918,3873 1126,3895 1129,3841 1062,3838 1030,3806 966,3825 924,3796 895,3809 844,3783 809,3783 732,3841"/>
                <Baseline points="745,3878 772,3878 817,3872 862,3870 907,3867 951,3867 996,3867 1041,3867 1086,3867 1130,3864"/>
                <TextEquiv>
                    <Unicode>Witsh.</Unicode>
                </TextEquiv>
            </TextLine>
            <TextLine id="tr_2_tl_13" custom="readingOrder {index:12;}">
                <Coords points="1258,3960 2776,3895 2968,3950 3052,3911 3055,3790 2606,3764 2362,3838 2214,3783 2073,3870 1261,3828"/>
                <Baseline points="1277,3905 1312,3908 1357,3911 1402,3911 1447,3917 1491,3917 1536,3914 1581,3914 1626,3917 1670,3914 1715,3911 1760,3914 1805,3917 1849,3914 1894,3914 1939,3917 1984,3917 2028,3917 2073,3917 2118,3917 2163,3917 2208,3917 2252,3914 2297,3905 2342,3908 2387,3902 2431,3899 2476,3893 2521,3893 2566,3893 2610,3893 2655,3887 2700,3887 2745,3890 2789,3890 2834,3890 2879,3890 2924,3890 2968,3893 3013,3884 3058,3884"/>
                <TextEquiv>
                    <Unicode>Ich habi alle berichtet – ob Sie getun u</Unicode>
                </TextEquiv>
            </TextLine>
            <TextLine id="tr_2_tl_14" custom="readingOrder {index:13;}">
                <Coords points="700,4059 870,4091 940,4049 1004,4078 1081,4040 1104,4059 1139,4024 1248,4062 1296,4037 1364,4056 1361,3966 1229,3947 1149,3892 1011,3956 940,3953 834,3889 767,3905 690,3860"/>
                <Baseline points="713,3989 757,3995 802,3998 847,4001 892,4001 936,4001 981,4001 1026,4004 1071,4004 1115,4004 1160,4004 1205,4004 1250,4007 1294,4019 1339,4031 1372,4034"/>
                <TextEquiv>
                    <Unicode>Vebruhe.</Unicode>
                </TextEquiv>
            </TextLine>
            <TextLine id="tr_2_tl_15" custom="readingOrder {index:14;}">
                <Coords points="1393,4069 2156,4037 2362,4072 2545,4037 2548,3918 2435,3960 2281,3940 2227,3985 1945,3931 1569,3995 1396,3976"/>
                <Baseline points="1411,4043 1438,4043 1482,4043 1527,4040 1572,4037 1617,4034 1661,4034 1706,4031 1751,4031 1796,4031 1841,4028 1885,4028 1930,4031 1975,4031 2020,4028 2064,4028 2109,4031 2154,4028 2199,4028 2243,4025 2288,4022 2333,4022 2378,4019 2422,4019 2467,4016 2512,4013 2557,4013"/>
                <TextEquiv>
                    <Unicode>vnde which- been in of</Unicode>
                </TextEquiv>
            </TextLine>
            <TextLine id="tr_2_tl_16" custom="readingOrder {index:15;}">
                <Coords points="1482,4232 1569,4236 1723,4152 2249,4130 2541,4171 2541,4085 2458,4043 2368,4101 2182,4056 1486,4072"/>
                <Baseline points="1503,4147 1518,4144 1563,4147 1608,4144 1653,4141 1697,4138 1742,4138 1787,4138 1832,4135 1876,4135 1921,4135 1966,4138 2011,4135 2055,4135 2100,4135 2145,4135 2190,4135 2234,4132 2279,4129 2324,4135 2369,4129 2413,4126 2458,4123 2503,4123 2548,4117"/>
                <TextEquiv>
                    <Unicode>Gyn est ledt – dann mit</Unicode>
                </TextEquiv>
            </TextLine>
            <TextLine id="tr_2_tl_17" custom="readingOrder {index:16;}">
                <Coords points="1569,4287 1916,4309 2018,4258 2150,4322 2394,4303 2464,4348 2666,4277 2670,4117 2487,4175 2204,4136 2025,4203 1890,4146 1723,4152 1572,4210"/>
                <Baseline points="1590,4239 1602,4239 1647,4239 1691,4237 1736,4234 1781,4234 1826,4234 1870,4225 1915,4225 1960,4228 2005,4225 2049,4225 2094,4225 2139,4225 2184,4222 2228,4222 2273,4225 2318,4222 2363,4219 2407,4219 2452,4216 2497,4210 2542,4210 2586,4207 2631,4207 2676,4204"/>
                <TextEquiv>
                    <Unicode>aber die - dort</Unicode>
                </TextEquiv>
            </TextLine>
        </TextRegion>
    </Page>
</PcGts>
