6792 4408
6109 322 6301 499 104
4306 519 4618 695 bist.
4303 656 6249 887 Westerhaus: Bettler?-Nein(Ein Verbre-
4350 801 6043 1032 cher,wie man es so heis st Bettler
4340 988 5384 1185 sind die Andern.
4345 1126 5655 1330 Judith: Die Andern alle -
4347 1275 6249 1457 Westerhaus: Ich beklage sie nicht. Sie
4360 1413 6294 1607 haben mir ihr Geld anvertraut, weil ich
4453 1565 4662 1674 sich
4365 1551 6276 1762 es ihnen doppelt so hoch und dreifach
4360 1774 6225 1895 so hoch verzinste als anderswo.
4362 1865 6338 2084 So mussten sie auch das Risi-ko tragen.
4979 2000 5741 2106 man ist uns sult
4362 2032 6119 2226 Sie kommen gut genug weg.Es kostet
4357 2180 5918 2376 sie am Ende doch nur ihr Geld.
4360 2335 5790 2541 Judith: wie lange ist Zeit?
4374 2482 6087 2713 Westerhaus: Einen Augenblick, auch
4367 2612 5839 2826 zehn Minuten,wenn du willst.
4387 2752 6303 2976 Judith: Es ist doch - verzeihe - noch
4387 2910 6294 3131 von keiner Seite eine Anzeige erstat-
4389 3121 4642 3303 tet?
4387 3209 6173 3470 West erhaus: wenn ich warten wollte
4394 3362 6178 3578 aber wozu? In acht Tagen kann sich
4387 3517 6222 3758 nichts geändert haben, nicht das Ge-
4399 3730 4841 3917 ringste.
