<?xml version="1.0" encoding="UTF-8" standalone="yes"?>
<PcGts xmlns="http://schema.primaresearch.org/PAGE/gts/pagecontent/2013-07-15" xmlns:xsi="http://www.w3.org/2001/XMLSchema-instance" xsi:schemaLocation="http://schema.primaresearch.org/PAGE/gts/pagecontent/2013-07-15 http://schema.primaresearch.org/PAGE/gts/pagecontent/2013-07-15/pagecontent.xsd">
    <Metadata>
        <Creator>prov=READ-COOP:name=TrHtr:version=2.1.0:model_id=51170:date=30_07_2023_00:25</Creator>
        <Created>2023-05-10T13:15:26.078+02:00</Created>
        <LastChange>2023-07-30T00:25:47.170+02:00</LastChange>
        <TranskribusMetadata docId="1428571" pageId="55411027" pageNr="181" tsid="131471835" status="IN_PROGRESS" userId="64420" imgUrl="https://files.transkribus.eu/Get?id=QDXSWHGFENGMPQYUYBOOQRPH&amp;fileType=view" xmlUrl="https://files.transkribus.eu/Get?id=NNPVOJPLBLXWTGSWDMONYZUP" imageId="44685170"/>
    </Metadata>
    <Page imageFilename="1428571_0181.jpg" imageWidth="6888" imageHeight="4696">
        <ReadingOrder>
            <OrderedGroup id="ro_1711792934639" caption="Regions reading order">
                <RegionRefIndexed index="0" regionRef="tr_2"/>
                <RegionRefIndexed index="1" regionRef="tr_1"/>
            </OrderedGroup>
        </ReadingOrder>
        <TextRegion id="tr_2" custom="readingOrder {index:0;}">
            <Coords points="298,1634 1398,1634 1398,3905 298,3905"/>
            <TextLine id="tr_2_tl_1" custom="readingOrder {index:0;}">
                <Coords points="424,1747 517,1777 544,1763 582,1795 635,1761 670,1785 728,1777 787,1742 830,1763 875,1758 886,1592 787,1579 766,1598 656,1592 587,1614 574,1598 509,1595 432,1619"/>
                <Baseline points="442,1714 525,1708 615,1708 704,1696 794,1690 884,1684"/>
                <TextEquiv>
                    <Unicode>Juram 1</Unicode>
                </TextEquiv>
            </TextLine>
            <TextLine id="tr_2_tl_2" custom="readingOrder {index:1;}">
                <Coords points="288,1897 368,1905 411,1878 579,1979 680,1899 704,1915 750,1897 832,1907 838,1758 752,1747 667,1787 635,1758 606,1779 496,1774 405,1742 293,1769"/>
                <Baseline points="304,1870 394,1864 483,1864 573,1858 663,1858 752,1846 842,1846"/>
                <TextEquiv>
                    <Unicode>al e e e d e</Unicode>
                </TextEquiv>
            </TextLine>
            <TextLine id="tr_2_tl_3" custom="readingOrder {index:2;}">
                <Coords points="280,2195 371,2206 395,2190 413,2211 469,2193 499,2209 592,2171 648,2185 723,2147 800,2174 808,2073 691,2107 659,2078 606,2099 456,2105 443,2091 357,2126 288,2091"/>
                <Baseline points="298,2192 358,2186 448,2186 537,2180 627,2168 716,2168 806,2162"/>
                <TextEquiv>
                    <Unicode>bei der xxx</Unicode>
                </TextEquiv>
            </TextLine>
            <TextLine id="tr_2_tl_4" custom="readingOrder {index:3;}">
                <Coords points="445,2342 536,2366 592,2339 627,2358 667,2339 678,2353 723,2334 750,2345 771,2326 896,2358 950,2350 955,2209 875,2190 808,2227 734,2206 448,2259"/>
                <Baseline points="460,2324 507,2324 597,2324 687,2324 776,2312 866,2312 955,2306"/>
                <TextEquiv>
                    <Unicode>Geschäft dort.</Unicode>
                </TextEquiv>
            </TextLine>
            <TextLine id="tr_2_tl_5" custom="readingOrder {index:4;}">
                <Coords points="333,2497 440,2523 499,2577 555,2566 606,2593 710,2566 830,2625 864,2617 878,2371 760,2369 630,2403 501,2363 336,2438"/>
                <Baseline points="352,2485 430,2485 519,2479 609,2473 699,2473 788,2467 878,2461"/>
                <TextEquiv>
                    <Unicode>in led.he</Unicode>
                </TextEquiv>
            </TextLine>
            <TextLine id="tr_2_tl_6" custom="readingOrder {index:5;}">
                <Coords points="622,2798 651,2804 664,2793 675,2801 699,2796 715,2804 728,2796 750,2812 798,2809 806,2700 792,2700 763,2681 718,2676 702,2665 646,2705 630,2702"/>
                <Baseline points="639,2790 716,2784 806,2778"/>
                <TextEquiv>
                    <Unicode> (H.H.</Unicode>
                </TextEquiv>
            </TextLine>
            <TextLine id="tr_2_tl_7" custom="readingOrder {index:6;}">
                <Coords points="421,3905 830,3900 912,3929 968,3897 1248,3887 1384,3921 1398,3740 1214,3721 1107,3780 875,3817 798,3785 752,3815 429,3777"/>
                <Baseline points="436,3895 448,3895 537,3889 627,3883 716,3877 806,3877 896,3877 985,3859 1033,3853 1039,3859 1129,3847 1218,3835 1308,3829 1398,3835"/>
                <TextEquiv>
                    <Unicode>xxx xxxxx</Unicode>
                </TextEquiv>
            </TextLine>
        </TextRegion>
        <TextRegion id="tr_1" custom="readingOrder {index:1;}">
            <Coords points="4331,577 6476,577 6476,3893 4331,3893"/>
            <TextLine id="tr_1_tl_1" custom="readingOrder {index:0;}">
                <Coords points="6175,656 6210,646 6229,654 6274,640 6306,648 6335,635 6362,640 6413,624 6413,539 6354,528 6338,542 6311,542 6301,531 6282,536 6266,520 6229,531 6175,517"/>
                <Baseline points="6189,627 6279,627 6368,627 6416,627"/>
                <TextEquiv>
                    <Unicode>152</Unicode>
                </TextEquiv>
            </TextLine>
            <TextLine id="tr_1_tl_2" custom="readingOrder {index:1;}">
                <Coords points="4412,846 5909,832 6082,792 6082,720 5652,691 5564,736 5164,656 5034,723 4412,723"/>
                <Baseline points="4427,800 4474,794 4564,788 4654,788 4743,788 4833,788 4923,788 5012,788 5102,788 5191,788 5281,788 5371,782 5460,782 5550,782 5639,776 5729,776 5819,776 5908,776 5998,782 6088,782"/>
                <TextEquiv>
                    <Unicode>hier wäre es nicht zu erkennen.</Unicode>
                </TextEquiv>
            </TextLine>
            <TextLine id="tr_1_tl_3" custom="readingOrder {index:2;}">
                <Coords points="4417,1022 5103,966 5460,1014 5564,952 6367,992 6367,808 5866,888 4972,819 4417,859"/>
                <Baseline points="4433,949 4492,943 4582,943 4672,943 4761,943 4851,943 4940,943 5030,938 5120,938 5209,938 5299,938 5389,938 5478,938 5568,938 5657,938 5747,938 5837,938 5926,938 6016,938 6105,932 6195,932 6285,932 6374,932"/>
                <TextEquiv>
                    <Unicode>Judith: Es ist kein anderes, glaub es</Unicode>
                </TextEquiv>
            </TextLine>
            <TextLine id="tr_1_tl_4" custom="readingOrder {index:3;}">
                <Coords points="4415,1128 6458,1102 6458,995 6247,958 6093,1014 5676,968 5500,1035 5402,984 4417,1038"/>
                <Baseline points="4433,1099 4492,1099 4582,1099 4672,1099 4761,1099 4851,1099 4940,1093 5030,1093 5120,1093 5209,1093 5299,1093 5389,1087 5478,1093 5568,1093 5657,1087 5747,1087 5837,1087 5926,1087 6016,1087 6105,1087 6195,1087 6285,1087 6374,1081 6464,1081"/>
                <TextEquiv>
                    <Unicode>mir. So glänzend weiss und diesem Stram</Unicode>
                </TextEquiv>
            </TextLine>
            <TextLine id="tr_1_tl_5" custom="readingOrder {index:4;}">
                <Coords points="4436,1299 5692,1248 5973,1302 6274,1256 6274,1110 5791,1176 5356,1128 4996,1198 4804,1123 4436,1200"/>
                <Baseline points="4451,1254 4486,1254 4576,1254 4666,1254 4755,1254 4845,1248 4934,1248 5024,1242 5114,1248 5203,1248 5293,1248 5383,1242 5472,1248 5562,1248 5651,1242 5741,1242 5831,1242 5920,1242 6010,1242 6100,1236 6189,1236 6279,1236"/>
                <TextEquiv>
                    <Unicode>sich nähernd.Er kommt,er holt mich.</Unicode>
                </TextEquiv>
            </TextLine>
            <TextLine id="tr_1_tl_6" custom="readingOrder {index:5;}">
                <Coords points="4425,1459 6082,1470 6469,1400 6469,1286 5623,1342 5356,1288 5143,1350 4425,1294"/>
                <Baseline points="4439,1409 4504,1409 4594,1404 4684,1404 4773,1409 4863,1404 4952,1398 5042,1398 5132,1398 5221,1398 5311,1398 5400,1398 5490,1398 5580,1398 5669,1398 5759,1398 5849,1398 5938,1398 6028,1392 6117,1392 6207,1392 6297,1392 6386,1392 6476,1392"/>
                <TextEquiv>
                    <Unicode>Max: Ich will ihm sagen, dass du mir ge-</Unicode>
                </TextEquiv>
            </TextLine>
            <TextLine id="tr_1_tl_7" custom="readingOrder {index:6;}">
                <Coords points="4425,1574 4468,1582 4479,1571 4503,1587 4585,1563 4671,1619 4711,1598 4772,1603 4769,1459 4735,1478 4719,1467 4671,1472 4559,1507 4519,1475 4468,1467 4423,1483"/>
                <Baseline points="4439,1553 4528,1559 4618,1559 4707,1559 4779,1559"/>
                <TextEquiv>
                    <Unicode>hörst.</Unicode>
                </TextEquiv>
            </TextLine>
            <TextLine id="tr_1_tl_8" custom="readingOrder {index:7;}">
                <Coords points="4425,1785 5991,1742 6338,1707 6341,1625 5428,1571 4425,1651"/>
                <Baseline points="4439,1714 4462,1708 4552,1708 4642,1708 4731,1708 4821,1708 4911,1708 5000,1702 5090,1702 5179,1702 5269,1702 5359,1702 5448,1702 5538,1702 5628,1702 5717,1702 5807,1702 5896,1702 5986,1696 6076,1696 6165,1696 6255,1696 6344,1690"/>
                <TextEquiv>
                    <Unicode>Judith: Ich ihm, dass du ein Narr, den</Unicode>
                </TextEquiv>
            </TextLine>
            <TextLine id="tr_1_tl_9" custom="readingOrder {index:8;}">
                <Coords points="4431,1915 5455,1867 5935,1921 6135,1883 6135,1769 4431,1777"/>
                <Baseline points="4445,1864 4528,1864 4618,1864 4707,1864 4797,1864 4887,1858 4976,1858 5066,1858 5156,1858 5245,1858 5335,1852 5424,1852 5514,1852 5604,1858 5693,1858 5783,1858 5872,1852 5962,1852 6052,1852 6141,1858"/>
                <TextEquiv>
                    <Unicode>nichterhörte Liebe toll gemacht.</Unicode>
                </TextEquiv>
            </TextLine>
            <TextLine id="tr_1_tl_10" custom="readingOrder {index:9;}">
                <Coords points="4423,2073 5004,2022 5258,2081 6133,2067 6317,2035 6319,1899 5764,1953 5551,1897 5362,1969 5247,1913 4895,1969 4425,1934"/>
                <Baseline points="4439,2019 4445,2013 4534,2019 4624,2025 4713,2025 4803,2019 4893,2019 4982,2013 5072,2013 5162,2013 5251,2013 5341,2013 5430,2007 5520,2007 5610,2007 5699,2007 5789,2007 5878,2007 5968,2013 6058,2007 6147,2007 6237,2007 6327,2007"/>
                <TextEquiv>
                    <Unicode>Max: Ich will ihn zwingen mit mir um</Unicode>
                </TextEquiv>
            </TextLine>
            <TextLine id="tr_1_tl_11" custom="readingOrder {index:10;}">
                <Coords points="4417,2265 4481,2238 4500,2246 4529,2225 4615,2225 4636,2241 4657,2227 4679,2235 4743,2217 4743,2105 4705,2113 4679,2099 4665,2110 4596,2067 4513,2105 4479,2091 4417,2115"/>
                <Baseline points="4433,2174 4522,2174 4612,2174 4701,2174 4749,2174"/>
                <TextEquiv>
                    <Unicode>dich</Unicode>
                </TextEquiv>
            </TextLine>
            <TextLine id="tr_1_tl_12" custom="readingOrder {index:11;}">
                <Coords points="4417,2385 6381,2326 6381,2198 4417,2265"/>
                <Baseline points="4433,2336 4504,2330 4594,2330 4684,2330 4773,2330 4863,2330 4952,2330 5042,2324 5132,2324 5221,2330 5311,2324 5400,2324 5490,2318 5580,2318 5669,2318 5759,2318 5849,2318 5938,2318 6028,2318 6117,2312 6207,2312 6297,2312 6386,2306"/>
                <TextEquiv>
                    <Unicode>Judith: Um mich - Siehst du,wie Recht</Unicode>
                </TextEquiv>
            </TextLine>
            <TextLine id="tr_1_tl_13" custom="readingOrder {index:12;}">
                <Coords points="4436,2547 5111,2483 5372,2537 5602,2483 6130,2510 6199,2489 6202,2385 4439,2390"/>
                <Baseline points="4451,2485 4504,2485 4594,2485 4684,2479 4773,2485 4863,2479 4952,2479 5042,2479 5132,2473 5221,2479 5311,2473 5400,2479 5490,2473 5580,2473 5669,2473 5759,2473 5849,2473 5938,2467 6028,2473 6117,2467 6207,2467"/>
                <TextEquiv>
                    <Unicode>ich hatte. Schon spielst du dich als</Unicode>
                </TextEquiv>
            </TextLine>
            <TextLine id="tr_1_tl_14" custom="readingOrder {index:13;}">
                <Coords points="4407,2694 6341,2651 6373,2515 6218,2478 5583,2579 4407,2550"/>
                <Baseline points="4421,2640 4498,2634 4588,2634 4678,2634 4767,2634 4857,2634 4946,2640 5036,2634 5126,2634 5215,2634 5305,2628 5395,2628 5484,2628 5574,2628 5663,2628 5753,2628 5843,2628 5932,2628 6022,2628 6111,2628 6201,2622 6291,2622 6380,2622"/>
                <TextEquiv>
                    <Unicode>Herrn auf. Hätt ich das vorausgesehen,</Unicode>
                </TextEquiv>
            </TextLine>
            <TextLine id="tr_1_tl_15" custom="readingOrder {index:14;}">
                <Coords points="4423,2873 4988,2796 6370,2796 6370,2673 5994,2643 5423,2732 4425,2705"/>
                <Baseline points="4439,2796 4492,2796 4582,2796 4672,2796 4761,2790 4851,2790 4940,2790 5030,2790 5120,2796 5209,2790 5299,2784 5389,2784 5478,2784 5568,2784 5657,2778 5747,2778 5837,2778 5926,2778 6016,2784 6105,2778 6195,2778 6285,2772 6374,2766"/>
                <TextEquiv>
                    <Unicode>doch ich sah's voraus. Aber auch damit</Unicode>
                </TextEquiv>
            </TextLine>
            <TextLine id="tr_1_tl_16" custom="readingOrder {index:15;}">
                <Coords points="4417,2980 6047,2934 6253,2990 6415,2948 6418,2820 5362,2876 5074,2798 4420,2873"/>
                <Baseline points="4433,2945 4451,2945 4540,2945 4630,2945 4719,2945 4809,2945 4899,2945 4988,2945 5078,2945 5167,2945 5257,2945 5347,2939 5436,2939 5526,2939 5616,2939 5705,2933 5795,2933 5884,2933 5974,2933 6064,2927 6153,2927 6243,2927 6333,2927 6422,2927"/>
                <TextEquiv>
                    <Unicode>werd ich fertig. Ich gab dir eine Nacht</Unicode>
                </TextEquiv>
            </TextLine>
            <TextLine id="tr_1_tl_17" custom="readingOrder {index:16;}">
                <Coords points="4412,3132 6357,3129 6437,3118 6439,3014 5370,3033 5202,2961 4972,3028 4673,2972 4412,3020"/>
                <Baseline points="4427,3106 4468,3100 4558,3106 4648,3106 4737,3100 4827,3100 4917,3094 5006,3094 5096,3094 5185,3094 5275,3094 5365,3094 5454,3094 5544,3094 5634,3088 5723,3088 5813,3088 5902,3088 5992,3088 6082,3088 6171,3088 6261,3082 6350,3082 6440,3088"/>
                <TextEquiv>
                    <Unicode>und gab die erste dir, dir zum Geschenk,</Unicode>
                </TextEquiv>
            </TextLine>
            <TextLine id="tr_1_tl_18" custom="readingOrder {index:17;}">
                <Coords points="4316,3292 6346,3292 6461,3249 6463,3148 4479,3185 4319,3102"/>
                <Baseline points="4331,3262 4403,3262 4492,3262 4582,3262 4672,3262 4761,3256 4851,3250 4940,3250 5030,3250 5120,3250 5209,3250 5299,3250 5389,3244 5478,3244 5568,3244 5657,3244 5747,3244 5837,3244 5926,3238 6016,3238 6105,3244 6195,3238 6285,3238 6374,3238 6464,3244"/>
                <TextEquiv>
                    <Unicode>so verschwenderisch fängt nicht jede an</Unicode>
                </TextEquiv>
            </TextLine>
            <TextLine id="tr_1_tl_19" custom="readingOrder {index:18;}">
                <Coords points="4409,3468 6463,3406 6463,3313 6389,3297 5799,3273 5271,3348 4412,3334"/>
                <Baseline points="4427,3411 4498,3411 4588,3411 4678,3411 4767,3411 4857,3411 4946,3405 5036,3405 5126,3405 5215,3405 5305,3405 5395,3399 5484,3399 5574,3399 5663,3399 5753,3399 5843,3393 5932,3393 6022,3393 6111,3393 6201,3393 6291,3393 6380,3393 6470,3393"/>
                <TextEquiv>
                    <Unicode>Max: Ich weiss, ich bin in deiner Schuld,</Unicode>
                </TextEquiv>
            </TextLine>
            <TextLine id="tr_1_tl_20" custom="readingOrder {index:19;}">
                <Coords points="4407,3574 4593,3636 4916,3588 5002,3652 5559,3553 6266,3590 6434,3577 6434,3473 6034,3409 5901,3486 4972,3444 4407,3518"/>
                <Baseline points="4421,3566 4468,3566 4558,3566 4648,3566 4737,3560 4827,3560 4917,3560 5006,3560 5096,3560 5185,3560 5275,3566 5365,3560 5454,3560 5544,3554 5634,3554 5723,3554 5813,3554 5902,3554 5992,3548 6082,3548 6171,3548 6261,3548 6350,3542 6440,3548"/>
                <TextEquiv>
                    <Unicode>es kommt ein Tag, da zahl ich fürstlich</Unicode>
                </TextEquiv>
            </TextLine>
            <TextLine id="tr_1_tl_21" custom="readingOrder {index:20;}">
                <Coords points="4407,3756 4468,3756 4497,3737 4524,3737 4543,3751 4569,3737 4588,3756 4617,3751 4647,3761 4644,3649 4593,3654 4585,3646 4553,3657 4513,3628 4481,3625 4452,3649 4404,3644"/>
                <Baseline points="4421,3722 4510,3722 4600,3722 4654,3728"/>
                <TextEquiv>
                    <Unicode>dir.</Unicode>
                </TextEquiv>
            </TextLine>
            <TextLine id="tr_1_tl_22" custom="readingOrder {index:21;}">
                <Coords points="4404,3937 5268,3964 5567,3876 5858,3927 5957,3868 6391,3868 6391,3769 6285,3748 5858,3809 4407,3788"/>
                <Baseline points="4421,3883 4427,3883 4516,3877 4606,3877 4696,3877 4785,3877 4875,3871 4964,3877 5054,3871 5144,3871 5233,3865 5323,3865 5412,3865 5502,3865 5592,3865 5681,3859 5771,3859 5861,3859 5950,3859 6040,3859 6129,3859 6219,3853 6309,3853 6398,3853"/>
                <TextEquiv>
                    <Unicode>Judith: Es war ein Geschenk und bleib</Unicode>
                </TextEquiv>
            </TextLine>
        </TextRegion>
    </Page>
</PcGts>
