3288 4024
710 341 1473 520 ax: Doch besser
628 428 2453 723 Seraphine: Du möchtest wohl gar den
636 636 1734 781 fersüchtigen spielen.
615 747 2064 979 Max: Dein Ton ist sonderbar.
612 908 2458 1156 Seraphine: Findest du? Man hat sich
615 1069 2189 1246 wohl auch ein wenig verändert.
607 1185 2558 1399 Max: Da wir Freunde sind.Seraphine, so
605 1368 2455 1542 kannst du mir doch wohl erzählen. Du
612 1515 2123 1713 weisst ja auch all s von mir,
602 1661 1536 1890 Seraphine: Alles?
599 1824 2608 1998 Max: Ich war ja so einsam seither.Wenn
605 1988 2651 2165 du ahntest,wie ich gelebt habe. Ich muss
612 2138 2643 2307 ja was Vernünftiges anfangen.Ich wollte
597 2276 2497 2442 Wien eigentlich gar nicht verlassen.
591 2431 2709 2611 Eine Stellung suchen. Da kam die Nachricht
599 2587 2603 2775 von Judith.Gestern Abend erst habe ich
602 2740 2585 2973 sie hier gefunden. Und nun ist es schon
599 2899 1336 3099 wieder vorbei.
591 3052 2376 3276 Seraphine: Nur sie hast du geliebt
589 3213 2416 3403 Max: mein. Das war Tollheit. Geliebt
597 3363 2574 3556 habe ich - aber ich will nichts sagen.
623 3516 2569 3712 Ich weiss ja, ich hab es mir verscherzt
