6808 4360
1073 591 1274 791 G.H.F.P
535 773 1245 986 -leb. deeigss
4249 440 6285 670 Aurelie: Ich habe dich gewählt. - 7. h
4231 641 6227 828 Falkonir: Zu früh.Nicht die Einsamkeit
4254 778 6180 965 ist die Stätte der Wahl, die Fülle der
4249 942 5106 1134 Welt. Dort wähle.
4196 1081 6314 1303 (Aurelie: Ist's möglich, du wilst mich al-
4238 1255 4929 1406 lein lassen?
4249 1382 6169 1596 Falkenir: Nein,Aurelie, Immer bei dir,
4249 1535 6124 1733 wenn auch nicht mit dir. Dein Freund,
4267 1675 6238 1881 deine Zuflucht und wenn du später noch
4265 1849 6314 2034 darnach verlangst, ich schwör es dir, auch
4252 1978 4898 2186 dein Gemahl.
4267 2163 6040 2297 Aurelie: Und ich verlang es schon.
4278 2289 6214 2479 Falkenir: Wie doch der Augenblick be -
4267 2450 6135 2619 rauscht). Sieh doch um dich und lausch
4265 2595 6246 2780 in dich hinein. Du denkst, dass ich dich
4260 2756 5362 2922 drum verachten würde.
4267 2920 5133 3060 Aurelie: um was?
4267 3033 6267 3220 Falkenir: Um das, was sein wird. Was nun
4267 3231 6301 3400 mit keiner Macht sich mehr zurückhalten
4267 3373 6180 3492 lässt. Was ich jetzt sprach, du kannst
4262 3545 6288 3656 es nicht vergessen.Dass du dich wehrst,
4254 3640 6327 3838 du glaubst es selber nicht. Versteh mich
