6776 4440
6057 445 6283 623 100
4342 620 4887 761 du bätest.
4337 744 6164 934 Aurelie: Was könnt es anderes sein?
4354 902 5242 1080 Waren wir nicht -
4337 1048 6169 1219 Max: Ja,glücklich waren wir.Doch du
4349 1194 6271 1406 zögerst schon selbstkdas Wort zu spre
4349 1382 6210 1532 chen, denn du fühlst, dass es aus ist.
4342 1511 6166 1700 Aurelie: (schmerzlich) (Nun aber sag
4342 1647 5602 1805 mir wohin soll ich,Max?
4354 1793 6181 1970 Max: Zu neuem Glück. Wie's dir schon
4361 1866 6315 2107 einer riet. Immer wieder zu neuem Glück
4361 2114 5714 2262 Aurelie: Mich schauert so.
4364 2233 6230 2425 Max: Ja, das kommt zwischen einem und
5714 2355 5901 2467 ährt
4376 2425 6266 2591 dem andern Glück. Aber es dauert nicht
4364 2569 6035 2749 lang.Ist denn doch keins bereit?
4359 2715 5420 2900 Aurelie: Sin Glück -
4371 2870 6186 3050 Max: ist denn nur Glück, was dauert,
4378 3041 5332 3218 dann gäb es keins.
4391 3204 6322 3403 Aurelie: Oh,warum konnte unsres nicht,
4374 3362 5361 3520 nicht ewig währen?
4371 3525 6162 3739 Max: Swig? Du hast mir nie gehört.
