<?xml version="1.0" encoding="UTF-8" standalone="yes"?>
<PcGts xmlns="http://schema.primaresearch.org/PAGE/gts/pagecontent/2013-07-15" xmlns:xsi="http://www.w3.org/2001/XMLSchema-instance" xsi:schemaLocation="http://schema.primaresearch.org/PAGE/gts/pagecontent/2013-07-15 http://schema.primaresearch.org/PAGE/gts/pagecontent/2013-07-15/pagecontent.xsd">
    <Metadata>
        <Creator>prov=READ-COOP:name=TrHtr:version=2.1.0:model_id=51170:date=30_07_2023_00:26</Creator>
        <Created>2023-05-10T13:15:50.168+02:00</Created>
        <LastChange>2023-07-30T00:26:36.706+02:00</LastChange>
        <TranskribusMetadata docId="1428571" pageId="55412197" pageNr="355" tsid="131472012" status="IN_PROGRESS" userId="64420" imgUrl="https://files.transkribus.eu/Get?id=VGJRTCACMYZZBARPFDKREMOZ&amp;fileType=view" xmlUrl="https://files.transkribus.eu/Get?id=QLNQJRYIEIQESWUIPQIDCCDA" imageId="44686339"/>
    </Metadata>
    <Page imageFilename="1428571_0355.jpg" imageWidth="3624" imageHeight="4776">
        <ReadingOrder>
            <OrderedGroup id="ro_1711793122279" caption="Regions reading order">
                <RegionRefIndexed index="0" regionRef="tr_1"/>
            </OrderedGroup>
        </ReadingOrder>
        <TextRegion id="tr_1" custom="readingOrder {index:0;}">
            <Coords points="259,1015 3268,1015 3268,4156 259,4156"/>
            <TextLine id="tr_1_tl_1" custom="readingOrder {index:0;}">
                <Coords points="1850,1156 2107,1097 2364,1109 2563,1069 2826,1109 2835,917 2637,998 2578,967 2423,1010 2197,992 2073,1047 1856,1023"/>
                <Baseline points="1871,1107 1898,1104 1943,1104 1988,1101 2032,1101 2077,1101 2122,1095 2167,1092 2211,1089 2256,1089 2301,1086 2346,1083 2390,1080 2435,1077 2480,1074 2525,1071 2570,1068 2614,1068 2659,1068 2704,1065 2749,1068 2793,1068 2838,1068"/>
                <TextEquiv>
                    <Unicode>hat eine bepe-über</Unicode>
                </TextEquiv>
            </TextLine>
            <TextLine id="tr_1_tl_2" custom="readingOrder {index:1;}">
                <Coords points="1320,1150 1348,1147 1370,1128 1398,1128 1416,1140 1444,1131 1456,1143 1497,1134 1497,951 1472,948 1432,973 1404,954 1363,945 1339,920 1320,923"/>
                <Baseline points="1337,1092 1382,1089 1426,1089 1471,1089 1504,1092"/>
                <TextEquiv>
                    <Unicode>18.</Unicode>
                </TextEquiv>
            </TextLine>
            <TextLine id="tr_1_tl_3" custom="readingOrder {index:2;}">
                <Coords points="1531,1264 1834,1295 1940,1221 3164,1199 3201,1050 2736,1125 2107,1100 1828,1181 1537,1137"/>
                <Baseline points="1552,1217 1593,1223 1638,1229 1683,1232 1728,1232 1773,1232 1817,1229 1862,1223 1907,1223 1952,1220 1996,1217 2041,1217 2086,1214 2131,1211 2176,1208 2220,1208 2265,1208 2310,1202 2355,1199 2399,1196 2444,1196 2489,1191 2534,1191 2579,1191 2623,1188 2668,1188 2713,1185 2758,1185 2802,1185 2847,1182 2892,1176 2937,1173 2982,1170 3026,1167 3071,1161 3116,1158 3161,1149 3205,1152"/>
                <TextEquiv>
                    <Unicode>Ambassade out the fift his day he and</Unicode>
                </TextEquiv>
            </TextLine>
            <TextLine id="tr_1_tl_4" custom="readingOrder {index:3;}">
                <Coords points="3000,1261 3015,1261 3034,1270 3046,1261 3071,1280 3089,1280 3089,1199 3062,1202 3046,1193 3024,1209 3015,1199 3000,1199"/>
                <Baseline points="3017,1244 3062,1244 3095,1244"/>
                <TextEquiv>
                    <Unicode>1</Unicode>
                </TextEquiv>
            </TextLine>
            <TextLine id="tr_1_tl_5" custom="readingOrder {index:4;}">
                <Coords points="632,1311 688,1323 765,1283 985,1320 1150,1264 1193,1286 1283,1261 1354,1280 1357,1181 1258,1165 1171,1193 1057,1150 809,1221 713,1171 638,1181"/>
                <Baseline points="650,1277 689,1274 734,1274 779,1274 823,1274 868,1271 913,1274 958,1274 1002,1271 1047,1268 1092,1265 1137,1262 1182,1265 1226,1259 1271,1256 1316,1250 1361,1253"/>
                <TextEquiv>
                    <Unicode>Ambros und Max.</Unicode>
                </TextEquiv>
            </TextLine>
            <TextLine id="tr_1_tl_6" custom="readingOrder {index:5;}">
                <Coords points="1872,1339 2039,1295 2615,1308 2869,1267 2873,1230 2535,1202 2442,1249 2340,1209 2296,1246 2147,1224 2061,1264 1943,1221 1875,1243"/>
                <Baseline points="1889,1307 1892,1304 1937,1298 1982,1295 2026,1295 2071,1295 2116,1292 2161,1289 2205,1286 2250,1283 2295,1283 2340,1283 2385,1283 2429,1283 2474,1283 2519,1280 2564,1274 2608,1274 2653,1268 2698,1268 2743,1265 2787,1262 2832,1262 2877,1259"/>
                <TextEquiv>
                    <Unicode>sûr n'estomme telles a</Unicode>
                </TextEquiv>
            </TextLine>
            <TextLine id="tr_1_tl_7" custom="readingOrder {index:6;}">
                <Coords points="1927,1382 2206,1404 2318,1357 2398,1391 2832,1329 3083,1354 3114,1277 1931,1320"/>
                <Baseline points="1949,1364 1958,1364 2002,1361 2047,1361 2092,1364 2137,1364 2182,1361 2226,1364 2271,1358 2316,1352 2361,1352 2405,1349 2450,1349 2495,1352 2540,1346 2585,1343 2629,1340 2674,1337 2719,1334 2764,1334 2808,1328 2853,1325 2898,1325 2943,1322 2987,1319 3032,1316 3077,1313 3122,1316"/>
                <TextEquiv>
                    <Unicode>melv. auch.. Il y a eu</Unicode>
                </TextEquiv>
            </TextLine>
            <TextLine id="tr_1_tl_8" custom="readingOrder {index:7;}">
                <Coords points="626,1463 1137,1490 1463,1450 1661,1497 1745,1487 1751,1348 976,1317 868,1357 632,1320"/>
                <Baseline points="647,1432 683,1426 728,1426 773,1429 817,1429 862,1429 907,1426 952,1423 996,1423 1041,1423 1086,1420 1131,1417 1176,1414 1220,1414 1265,1411 1310,1405 1355,1405 1399,1405 1444,1402 1489,1396 1534,1396 1579,1396 1623,1393 1668,1393 1713,1393 1758,1396"/>
                <TextEquiv>
                    <Unicode>Sie beraten,was zu tun.</Unicode>
                </TextEquiv>
            </TextLine>
            <TextLine id="tr_1_tl_9" custom="readingOrder {index:8;}">
                <Coords points="1924,1466 2721,1441 2724,1379 2519,1360 2395,1388 2321,1357 2144,1410 2039,1363 1927,1385"/>
                <Baseline points="1940,1432 1967,1432 2011,1435 2056,1435 2101,1435 2146,1435 2190,1432 2235,1429 2280,1426 2325,1423 2370,1423 2414,1420 2459,1423 2504,1420 2549,1417 2593,1414 2638,1411 2683,1411 2728,1414"/>
                <TextEquiv>
                    <Unicode>theils ertrifet.</Unicode>
                </TextEquiv>
            </TextLine>
            <TextLine id="tr_1_tl_10" custom="readingOrder {index:9;}">
                <Coords points="626,1661 2894,1549 3114,1512 3120,1388 1072,1515 635,1466"/>
                <Baseline points="647,1582 662,1582 707,1582 752,1585 796,1585 841,1582 886,1582 931,1579 976,1576 1020,1576 1065,1579 1110,1573 1155,1570 1199,1567 1244,1567 1289,1564 1334,1561 1379,1558 1423,1558 1468,1555 1513,1552 1558,1552 1602,1549 1647,1546 1692,1543 1737,1546 1782,1543 1826,1537 1871,1537 1916,1534 1961,1531 2005,1531 2050,1531 2095,1528 2140,1531 2185,1531 2229,1525 2274,1522 2319,1519 2364,1513 2408,1513 2453,1510 2498,1507 2543,1507 2587,1504 2632,1501 2677,1498 2722,1498 2767,1495 2811,1492 2856,1489 2901,1489 2946,1489 2990,1483 3035,1483 3080,1486 3125,1486"/>
                <TextEquiv>
                    <Unicode>Direktor macht Max den Vorschlag bei ihm zu bleiben.</Unicode>
                </TextEquiv>
            </TextLine>
            <TextLine id="tr_1_tl_11" custom="readingOrder {index:10;}">
                <Coords points="672,1776 1968,1788 2312,1676 2848,1701 2854,1574 1209,1673 682,1630"/>
                <Baseline points="692,1737 710,1737 755,1740 799,1740 844,1740 889,1737 934,1737 979,1734 1023,1734 1068,1731 1113,1728 1158,1725 1202,1725 1247,1719 1292,1719 1337,1716 1382,1716 1426,1713 1471,1713 1516,1710 1561,1707 1605,1704 1650,1701 1695,1701 1740,1698 1785,1695 1829,1695 1874,1692 1919,1695 1964,1692 2008,1689 2053,1686 2098,1689 2143,1686 2188,1683 2232,1680 2277,1677 2322,1671 2367,1668 2411,1665 2456,1665 2501,1662 2546,1662 2590,1659 2635,1656 2680,1656 2725,1653 2770,1653 2814,1650 2859,1650"/>
                <TextEquiv>
                    <Unicode>Er braucht einen hübschen jungen Menschen mit</Unicode>
                </TextEquiv>
            </TextLine>
            <TextLine id="tr_1_tl_12" custom="readingOrder {index:11;}">
                <Coords points="691,1955 2110,1937 2287,1838 3176,1807 3186,1664 1534,1816 700,1769"/>
                <Baseline points="710,1904 725,1904 770,1901 814,1898 859,1895 904,1892 949,1892 994,1889 1038,1886 1083,1886 1128,1886 1173,1883 1217,1880 1262,1877 1307,1877 1352,1874 1396,1874 1441,1871 1486,1868 1531,1868 1576,1868 1620,1865 1665,1862 1710,1859 1755,1856 1799,1856 1844,1853 1889,1847 1934,1847 1979,1841 2023,1844 2068,1841 2113,1835 2158,1835 2202,1832 2247,1832 2292,1832 2337,1829 2382,1823 2426,1823 2471,1820 2516,1817 2561,1817 2605,1817 2650,1811 2695,1802 2740,1796 2785,1793 2829,1793 2874,1791 2919,1785 2964,1782 3008,1779 3053,1773 3098,1773 3143,1770 3187,1773"/>
                <TextEquiv>
                    <Unicode>prachkenntnissen. Gilda als Lockmittel.</Unicode>
                </TextEquiv>
            </TextLine>
            <TextLine id="tr_1_tl_13" custom="readingOrder {index:12;}">
                <Coords points="1924,2107 1996,2095 2064,2123 2129,2101 2225,2107 2271,2082 2274,2014 2243,2020 2182,1983 2141,1968 2116,1974 2095,1958 2073,1971 2027,1968 1992,1943 1968,1962 1927,1965"/>
                <Baseline points="1940,2092 1967,2089 2011,2086 2056,2086 2101,2086 2146,2086 2190,2083 2235,2083 2280,2083"/>
                <TextEquiv>
                    <Unicode>sa fliete</Unicode>
                </TextEquiv>
            </TextLine>
            <TextLine id="tr_1_tl_14" custom="readingOrder {index:13;}">
                <Coords points="1385,2188 1401,2188 1416,2178 1466,2231 1484,2231 1490,2076 1444,2076 1410,2104 1388,2101"/>
                <Baseline points="1402,2161 1447,2161 1492,2158"/>
                <TextEquiv>
                    <Unicode>19</Unicode>
                </TextEquiv>
            </TextLine>
            <TextLine id="tr_1_tl_15" custom="readingOrder {index:14;}">
                <Coords points="1209,2284 2296,2194 2560,2222 2569,2085 2067,2123 1828,2082 1723,2129 1559,2110 1435,2197 1218,2157"/>
                <Baseline points="1229,2262 1268,2253 1313,2247 1358,2244 1402,2241 1447,2241 1492,2238 1537,2235 1582,2229 1626,2229 1671,2226 1716,2223 1761,2217 1805,2217 1850,2214 1895,2211 1940,2208 1985,2205 2029,2202 2074,2199 2119,2199 2164,2196 2208,2193 2253,2190 2298,2190 2343,2190 2388,2188 2432,2185 2477,2182 2522,2179 2567,2179"/>
                <TextEquiv>
                    <Unicode>nicht Eurelie. L'eil vers hynd.</Unicode>
                </TextEquiv>
            </TextLine>
            <TextLine id="tr_1_tl_16" custom="readingOrder {index:15;}">
                <Coords points="663,2405 2095,2389 3102,2274 3105,2203 669,2287"/>
                <Baseline points="683,2364 692,2364 737,2364 782,2367 826,2361 871,2361 916,2358 961,2355 1005,2355 1050,2352 1095,2352 1140,2349 1185,2349 1229,2346 1274,2343 1319,2340 1364,2337 1408,2337 1453,2334 1498,2331 1543,2328 1588,2328 1632,2325 1677,2322 1722,2319 1767,2319 1811,2319 1856,2313 1901,2310 1946,2310 1990,2307 2035,2307 2080,2307 2125,2304 2170,2301 2214,2298 2259,2298 2304,2298 2349,2298 2393,2295 2438,2292 2483,2286 2528,2283 2573,2277 2617,2277 2662,2274 2707,2271 2752,2271 2796,2268 2841,2265 2886,2265 2931,2262 2976,2259 3020,2259 3065,2259 3110,2265"/>
                <TextEquiv>
                    <Unicode>Falkenir wieder aus dem Hause,bringi die Nachricht,</Unicode>
                </TextEquiv>
            </TextLine>
            <TextLine id="tr_1_tl_17" custom="readingOrder {index:16;}">
                <Coords points="719,2535 2894,2485 2900,2358 725,2436"/>
                <Baseline points="740,2522 755,2519 799,2516 844,2513 889,2510 934,2507 979,2504 1023,2504 1068,2504 1113,2501 1158,2498 1202,2498 1247,2492 1292,2492 1337,2492 1382,2486 1426,2486 1471,2483 1516,2483 1561,2480 1605,2480 1650,2477 1695,2474 1740,2474 1785,2474 1829,2471 1874,2465 1919,2462 1964,2459 2008,2456 2053,2456 2098,2453 2143,2450 2188,2450 2232,2450 2277,2447 2322,2447 2367,2444 2411,2441 2456,2441 2501,2435 2546,2432 2590,2429 2635,2429 2680,2429 2725,2426 2770,2423 2814,2420 2859,2420 2904,2420"/>
                <TextEquiv>
                    <Unicode>dass Aurelie sich vergiftet hat. Max, der sich</Unicode>
                </TextEquiv>
            </TextLine>
            <TextLine id="tr_1_tl_18" custom="readingOrder {index:17;}">
                <Coords points="239,2569 279,2594 322,2566 341,2575 381,2544 431,2556 474,2529 514,2569 564,2556 573,2383 487,2377 449,2392 363,2315 347,2330 254,2330"/>
                <Baseline points="259,2513 304,2516 349,2516 394,2513 438,2513 483,2507 528,2501 573,2495"/>
                <TextEquiv>
                    <Unicode>Gildich</Unicode>
                </TextEquiv>
            </TextLine>
            <TextLine id="tr_1_tl_19" custom="readingOrder {index:18;}">
                <Coords points="948,2587 2042,2525 2132,2563 2327,2525 2330,2485 951,2529"/>
                <Baseline points="964,2570 991,2567 1035,2567 1080,2567 1125,2567 1170,2564 1214,2564 1259,2561 1304,2558 1349,2555 1393,2558 1438,2558 1483,2552 1528,2552 1573,2552 1617,2549 1662,2546 1707,2540 1752,2540 1796,2537 1841,2534 1886,2534 1931,2528 1976,2528 2020,2525 2065,2525 2110,2522 2155,2522 2199,2519 2244,2516 2289,2516 2334,2519"/>
                <TextEquiv>
                    <Unicode>Hier auf dien furet mit der bei den</Unicode>
                </TextEquiv>
            </TextLine>
            <TextLine id="tr_1_tl_20" custom="readingOrder {index:19;}">
                <Coords points="694,2727 2371,2597 2866,2643 2873,2544 2476,2491 936,2606 703,2535"/>
                <Baseline points="713,2674 728,2674 773,2671 817,2671 862,2671 907,2668 952,2668 996,2665 1041,2665 1086,2662 1131,2662 1176,2659 1220,2656 1265,2653 1310,2650 1355,2647 1399,2644 1444,2641 1489,2641 1534,2638 1579,2635 1623,2632 1668,2629 1713,2626 1758,2623 1802,2623 1847,2620 1892,2617 1937,2617 1982,2614 2026,2611 2071,2608 2116,2608 2161,2605 2205,2602 2250,2599 2295,2599 2340,2596 2385,2596 2429,2590 2474,2587 2519,2587 2564,2587 2608,2587 2653,2585 2698,2585 2743,2582 2787,2585 2832,2585 2877,2582"/>
                <TextEquiv>
                    <Unicode>schuldig fühlt, stellt sich ihm zur Verfügung</Unicode>
                </TextEquiv>
            </TextLine>
            <TextLine id="tr_1_tl_21" custom="readingOrder {index:20;}">
                <Coords points="232,2739 260,2749 338,2739 434,2690 462,2696 579,2653 595,2563 552,2550 434,2594 390,2587 325,2612 294,2584 260,2594"/>
                <Baseline points="259,2689 277,2689 322,2692 367,2689 411,2683 456,2671 501,2662 546,2644 591,2635"/>
                <TextEquiv>
                    <Unicode>depouvert</Unicode>
                </TextEquiv>
            </TextLine>
            <TextLine id="tr_1_tl_22" custom="readingOrder {index:21;}">
                <Coords points="685,2854 2209,2860 2302,2776 2873,2770 2978,2653 691,2727"/>
                <Baseline points="704,2826 743,2826 788,2829 832,2826 877,2823 922,2820 967,2817 1011,2814 1056,2811 1101,2811 1146,2811 1191,2808 1235,2802 1280,2796 1325,2796 1370,2796 1414,2793 1459,2790 1504,2790 1549,2790 1593,2787 1638,2785 1683,2782 1728,2779 1773,2776 1817,2773 1862,2773 1907,2767 1952,2767 1996,2764 2041,2764 2086,2764 2131,2758 2176,2758 2220,2755 2265,2755 2310,2752 2355,2749 2399,2749 2444,2746 2489,2746 2534,2740 2579,2737 2623,2734 2668,2731 2713,2728 2758,2728 2802,2725 2847,2719 2892,2722 2937,2728 2982,2731"/>
                <TextEquiv>
                    <Unicode>Falkenir' Die Maiennacht ist schuldiger als Sie,</Unicode>
                </TextEquiv>
            </TextLine>
            <TextLine id="tr_1_tl_23" custom="readingOrder {index:22;}">
                <Coords points="254,2851 307,2860 319,2879 353,2876 496,2826 567,2869 629,2659 564,2649 366,2742 301,2696"/>
                <Baseline points="274,2844 295,2844 340,2838 382,2820 426,2808 471,2796 516,2785 561,2767 607,2757"/>
                <TextEquiv>
                    <Unicode>not ulient</Unicode>
                </TextEquiv>
            </TextLine>
            <TextLine id="tr_1_tl_24" custom="readingOrder {index:23;}">
                <Coords points="694,3031 1546,3006 1667,3062 1884,3003 2020,3040 2030,2845 700,2913"/>
                <Baseline points="713,2987 737,2987 782,2985 826,2985 871,2985 916,2982 961,2979 1005,2976 1050,2973 1095,2970 1140,2967 1185,2967 1229,2964 1274,2961 1319,2958 1364,2955 1408,2955 1453,2955 1498,2946 1543,2946 1588,2943 1632,2940 1677,2937 1722,2931 1767,2928 1811,2925 1856,2925 1901,2922 1946,2922 1990,2922 2035,2916"/>
                <TextEquiv>
                    <Unicode>ich bin schuldiger als Sie.</Unicode>
                </TextEquiv>
            </TextLine>
            <TextLine id="tr_1_tl_25" custom="readingOrder {index:24;}">
                <Coords points="638,3303 1608,3176 2525,3182 2749,3099 2990,3148 3034,3027 2662,2966 2340,3062 1791,3012 967,3096 657,3024"/>
                <Baseline points="662,3235 665,3235 710,3232 755,3226 799,3220 844,3217 889,3217 934,3214 979,3211 1023,3208 1068,3205 1113,3205 1158,3202 1202,3196 1247,3193 1292,3190 1337,3190 1382,3184 1426,3182 1471,3182 1516,3179 1561,3176 1605,3173 1650,3167 1695,3164 1740,3161 1785,3152 1829,3149 1874,3140 1919,3137 1964,3131 2008,3131 2053,3128 2098,3125 2143,3125 2188,3128 2232,3122 2277,3119 2322,3116 2367,3113 2411,3110 2456,3110 2501,3107 2546,3098 2590,3098 2635,3095 2680,3092 2725,3089 2770,3089 2814,3089 2859,3089 2904,3086 2949,3089 2993,3086 3038,3086"/>
                <TextEquiv>
                    <Unicode>Ihr Sie publiert habe der Protocoll bestimmen.</Unicode>
                </TextEquiv>
            </TextLine>
            <TextLine id="tr_1_tl_26" custom="readingOrder {index:25;}">
                <Coords points="2333,3241 2510,3251 2572,3232 2628,3251 2680,3238 2733,3266 2745,3251 2848,3263 2845,3201 2814,3217 2721,3201 2637,3148 2535,3207 2426,3151 2371,3192 2330,3189"/>
                <Baseline points="2349,3232 2393,3232 2438,3232 2483,3232 2528,3232 2573,3235 2617,3232 2662,3238 2707,3241 2752,3244 2796,3244 2841,3250 2856,3256"/>
                <TextEquiv>
                    <Unicode>was</Unicode>
                </TextEquiv>
            </TextLine>
            <TextLine id="tr_1_tl_27" custom="readingOrder {index:26;}">
                <Coords points="2197,3365 2240,3371 2364,3328 2451,3378 2482,3359 2569,3375 2662,3328 2752,3353 2783,3344 2786,3260 2566,3232 2398,3251 2290,3207 2200,3201"/>
                <Baseline points="2214,3325 2253,3319 2298,3319 2343,3325 2388,3328 2432,3328 2477,3328 2522,3328 2567,3328 2611,3322 2656,3316 2701,3316 2746,3319 2790,3322"/>
                <TextEquiv>
                    <Unicode>Puis. Gilde.</Unicode>
                </TextEquiv>
            </TextLine>
            <TextLine id="tr_1_tl_28" custom="readingOrder {index:27;}">
                <Coords points="2073,3409 2172,3443 2532,3427 2671,3480 2804,3443 2860,3477 3244,3464 3241,3347 2838,3371 2708,3325 2367,3393 2070,3325"/>
                <Baseline points="2089,3405 2134,3408 2179,3414 2223,3417 2268,3417 2313,3420 2358,3423 2402,3423 2447,3423 2492,3423 2537,3426 2582,3426 2626,3423 2671,3423 2716,3423 2761,3420 2805,3423 2850,3423 2895,3426 2940,3426 2985,3429 3029,3435 3074,3438 3119,3441 3164,3447 3208,3456 3253,3462"/>
                <TextEquiv>
                    <Unicode>Sie über aus wo in Neapoll.</Unicode>
                </TextEquiv>
            </TextLine>
            <TextLine id="tr_1_tl_29" custom="readingOrder {index:28;}">
                <Coords points="2113,3567 2594,3508 2873,3588 3108,3557 3260,3585 3254,3508 3034,3449 2873,3492 2510,3427 2327,3464 2104,3424"/>
                <Baseline points="2125,3477 2170,3480 2214,3486 2259,3492 2304,3495 2349,3498 2393,3501 2438,3504 2483,3504 2528,3504 2573,3507 2617,3510 2662,3513 2707,3513 2752,3513 2796,3516 2841,3525 2886,3525 2931,3531 2976,3531 3020,3531 3065,3534 3110,3540 3155,3546 3199,3549 3244,3555 3268,3561"/>
                <TextEquiv>
                    <Unicode>wis notle nécessaire beaucun. Si nous</Unicode>
                </TextEquiv>
            </TextLine>
            <TextLine id="tr_1_tl_30" custom="readingOrder {index:29;}">
                <Coords points="2327,3573 2408,3588 2467,3567 2525,3573 2612,3613 2674,3585 2721,3616 2755,3616 2752,3529 2730,3523 2687,3545 2584,3508 2560,3533 2460,3520 2414,3536 2377,3520 2327,3539"/>
                <Baseline points="2343,3567 2388,3564 2432,3567 2477,3567 2522,3570 2567,3573 2611,3573 2656,3576 2701,3579 2746,3582 2761,3584"/>
                <TextEquiv>
                    <Unicode>on the King</Unicode>
                </TextEquiv>
            </TextLine>
            <TextLine id="tr_1_tl_31" custom="readingOrder {index:30;}">
                <Coords points="877,3824 2780,3746 2783,3657 2175,3564 1862,3681 1494,3573 1205,3564 1081,3644 889,3585"/>
                <Baseline points="898,3811 910,3805 955,3793 999,3790 1044,3781 1089,3776 1134,3773 1179,3770 1223,3767 1268,3764 1313,3761 1358,3761 1402,3758 1447,3758 1492,3758 1537,3755 1582,3755 1626,3755 1671,3749 1716,3743 1761,3740 1805,3737 1850,3737 1895,3734 1940,3731 1985,3728 2029,3728 2074,3731 2119,3731 2164,3728 2208,3725 2253,3725 2298,3722 2343,3719 2388,3719 2432,3716 2477,3716 2522,3713 2567,3713 2611,3713 2656,3710 2701,3710 2746,3707 2790,3710"/>
                <TextEquiv>
                    <Unicode>(i 2II) in will fort. Elspuis has in</Unicode>
                </TextEquiv>
            </TextLine>
            <TextLine id="tr_1_tl_32" custom="readingOrder {index:31;}">
                <Coords points="964,3914 1240,3957 2061,3867 2547,3923 2842,3852 2845,3753 2646,3737 2460,3821 1810,3762 964,3839"/>
                <Baseline points="982,3916 1017,3907 1062,3904 1107,3901 1152,3901 1196,3901 1241,3901 1286,3898 1331,3898 1376,3898 1420,3892 1465,3889 1510,3889 1555,3886 1599,3883 1644,3880 1689,3880 1734,3877 1779,3874 1823,3874 1868,3871 1913,3865 1958,3865 2002,3862 2047,3865 2092,3868 2137,3868 2182,3868 2226,3871 2271,3871 2316,3868 2361,3868 2405,3868 2450,3865 2495,3865 2540,3865 2585,3862 2629,3856 2674,3850 2719,3847 2764,3844 2808,3844 2853,3841"/>
                <TextEquiv>
                    <Unicode>in de Juret nicht trewen. Gild</Unicode>
                </TextEquiv>
            </TextLine>
            <TextLine id="tr_1_tl_33" custom="readingOrder {index:32;}">
                <Coords points="954,4072 1698,4081 2020,3994 2160,4050 2250,3997 2798,4031 2801,3939 2467,3867 2073,3889 1893,3979 1537,3901 961,3917"/>
                <Baseline points="976,4020 1011,4023 1056,4020 1101,4020 1146,4023 1191,4020 1235,4017 1280,4017 1325,4014 1370,4014 1414,4014 1459,4014 1504,4017 1549,4014 1593,4014 1638,4008 1683,4014 1728,4014 1773,4005 1817,4002 1862,4002 1907,3996 1952,3996 1996,3996 2041,3993 2086,3993 2131,3993 2176,3993 2220,3990 2265,3990 2310,3990 2355,3990 2399,3987 2444,3981 2489,3979 2534,3976 2579,3976 2623,3973 2668,3979 2713,3981 2758,3984 2802,3987"/>
                <TextEquiv>
                    <Unicode>Hie war at jing - huy eweris time</Unicode>
                </TextEquiv>
            </TextLine>
            <TextLine id="tr_1_tl_34" custom="readingOrder {index:33;}">
                <Coords points="985,4183 1528,4202 1636,4155 1732,4199 1927,4134 2188,4199 2346,4124 2349,4022 2151,4072 1900,4004 1757,4093 1326,4038 989,4075"/>
                <Baseline points="1002,4146 1011,4146 1056,4131 1101,4128 1146,4131 1191,4131 1235,4128 1280,4128 1325,4134 1370,4131 1414,4128 1459,4128 1504,4128 1549,4128 1593,4125 1638,4125 1683,4128 1728,4125 1773,4125 1817,4125 1862,4125 1907,4122 1952,4119 1996,4116 2041,4116 2086,4116 2131,4116 2176,4116 2220,4116 2265,4116 2310,4119 2355,4116"/>
                <TextEquiv>
                    <Unicode>met - Helt in filde on.</Unicode>
                </TextEquiv>
            </TextLine>
        </TextRegion>
    </Page>
</PcGts>
