3560 4472
2774 247 2964 446 152
1076 417 3217 693 nicht immer so weiss bleiben. Auch nicht
1125 607 3246 846 so weiss aussehen. Unter diesem Himmel -
1053 780 2975 1019 elch ein Glanz.Mir ist,als hätt ich
978 984 2601 1142 nie solch einen Glanz gesehen,
834 1093 3131 1327 rektor: Haben Sie auch noch nie. Glauhen Sie
901 1283 2026 1502 der alle Zonankennt.
967 1387 2831 1637 Es wäre wohl Zeit zu frühstüchen.
3131 1493 3269 1715 e
788 1583 3099 1793 Dtrektor: (fast in Kellnermanier ) Gwiss. Wo
774 1709 3073 1937 beliebt es? Wielleicht hier? Etwas schattig.
763 1873 2998 2135 He! (winkt einem schwarzen Keller.Direktor
1752 2069 1914 2270 G.C.F.P.
740 2060 1726 2308 und vellner ab).
1137 2201 3099 2408 Ich bei Mecklen alle Art praeckelt. xxx
1171 2337 2846 2547 Gehiffen   eines alles ganze heute
1280 2475 2892 2696 des trouvés en qu'Euripisse;
1453 2656 2106 2866 les jusrind
1574 2817 2722 3010 se gaaan ettk jusin.
1470 2834 1565 3024 D
1925 2967 2604 3188 t ejd! sous.
1617 3090 2705 3352 V. J. A. P. M. D. A J
