3624 4776
800 1064 2878 1257 Ambros bleibt allein zurück.
797 1241 3264 1437 Falkenir auf dem Weg hieher. Was hat das zu bedeten
769 1382 3108 1551 Oder es ware auch möglich, dass Ambros selbst ihm
812 1526 3065 1719 geschrieben hat: Jetzt sei die Zeit, die höchste
806 1677 3237 1860 Zeit Aurolie zu holen.”.) (hen - liebe mitt. Sich
806 1836 3227 2032 Oder' Wieder mein Schicksal, dass siemir entgleitet
907 1971 3126 2191 Ausilie was on uwe  heil macht. — Je but se
969 2127 3007 2363 nicht gewonnen – weil er ich ihr te kleine
975 2326 2593 2501 könnet. Ein n nicht kowie
1238 2461 2878 2731 Ambr. 100 - Tch. he soll.
1477 2700 2424 2949 all de   "    h
1952 2844 2510 3050 me tene n
1726 2995 2973 3185 Arde. bei kem u. kann
1931 3160 2553 3393 Til - ue beton
1315 3332 1952 3543 dudit jetzt
