3272 4040
612 390 1454 625 Arduin - Ambros.
609 589 2479 764 Ambros: Sie haben das Bild von Fabri
617 736 1059 909 gekauft?
607 850 2549 1069 Arduin: Was kann ihr daran liegen? Was
602 1038 2678 1196 könnte am Ende Herrn Falkenir daran lie.
607 1165 2608 1345 gen? Ihr seid ja erhaben über all das.
609 1369 2138 1526 Oder sollte es nicht so sein?
597 1480 2624 1699 Ambros: Das ist nicht edel von Ihnen,
607 1673 1302 1857 Prinz Arduin.
609 1826 2554 2022 Arduin: Darauf kommt esnicht mehr an.
