<?xml version="1.0" encoding="UTF-8" standalone="yes"?>
<PcGts xmlns="http://schema.primaresearch.org/PAGE/gts/pagecontent/2013-07-15" xmlns:xsi="http://www.w3.org/2001/XMLSchema-instance" xsi:schemaLocation="http://schema.primaresearch.org/PAGE/gts/pagecontent/2013-07-15 http://schema.primaresearch.org/PAGE/gts/pagecontent/2013-07-15/pagecontent.xsd">
    <Metadata>
        <Creator>prov=READ-COOP:name=TrHtr:version=2.1.0:model_id=51170:date=30_07_2023_00:24</Creator>
        <Created>2023-05-10T13:15:01.962+02:00</Created>
        <LastChange>2023-07-30T00:24:53.904+02:00</LastChange>
        <TranskribusMetadata docId="1428571" pageId="55410034" pageNr="15" tsid="131471667" status="IN_PROGRESS" userId="64420" imgUrl="https://files.transkribus.eu/Get?id=GBGRTJUEHBSHYZNUFSAYRCFE&amp;fileType=view" xmlUrl="https://files.transkribus.eu/Get?id=YGZXGFMLHGXZWECQPPCDURWF" imageId="44684177"/>
    </Metadata>
    <Page imageFilename="1428571_0015.jpg" imageWidth="6904" imageHeight="4184">
        <ReadingOrder>
            <OrderedGroup id="ro_1711792653418" caption="Regions reading order">
                <RegionRefIndexed index="0" regionRef="tr_1"/>
            </OrderedGroup>
        </ReadingOrder>
        <TextRegion id="tr_1" custom="readingOrder {index:0;}">
            <Coords points="787,218 6714,218 6714,3907 787,3907"/>
            <TextLine id="tr_1_tl_1" custom="readingOrder {index:0;}">
                <Coords points="5785,340 5825,337 5864,297 5901,311 5944,297 5991,326 6049,300 6114,333 6154,329 6143,181 6100,188 6042,239 5977,228 5955,250 5893,228 5861,195 5778,217"/>
                <Baseline points="5801,268 5891,280 5980,286 6070,292 6159,292"/>
                <TextEquiv>
                    <Unicode>nal</Unicode>
                </TextEquiv>
            </TextLine>
            <TextLine id="tr_1_tl_2" custom="readingOrder {index:1;}">
                <Coords points="6331,333 6400,308 6491,358 6545,348 6599,369 6610,177 6563,163 6520,174 6433,159 6368,181 6339,174"/>
                <Baseline points="6350,304 6434,304 6523,298 6613,292"/>
                <TextEquiv>
                    <Unicode>20</Unicode>
                </TextEquiv>
            </TextLine>
            <TextLine id="tr_1_tl_3" custom="readingOrder {index:2;}">
                <Coords points="3729,460 6549,456 6393,300 5792,340 5600,217 3729,253"/>
                <Baseline points="3748,387 3837,381 3927,387 4016,387 4106,387 4195,387 4285,387 4374,393 4464,387 4554,393 4643,393 4733,387 4822,387 4912,381 5001,381 5091,381 5180,381 5270,381 5359,381 5449,381 5538,376 5628,376 5717,376 5807,387 5896,393 5986,399 6076,405 6165,399 6255,405 6344,393 6434,399 6523,399 6559,393"/>
                <TextEquiv>
                    <Unicode>Ard. Vorteil, ist es nicht nicht fertig...</Unicode>
                </TextEquiv>
            </TextLine>
            <TextLine id="tr_1_tl_4" custom="readingOrder {index:3;}">
                <Coords points="786,619 1205,637 1694,529 1922,615 2425,525 2896,579 3128,536 3131,431 2744,322 2049,471 1502,376 1198,460 789,420"/>
                <Baseline points="805,531 811,531 901,537 990,531 1080,531 1169,531 1259,531 1348,525 1438,519 1527,519 1617,519 1707,513 1796,513 1886,513 1975,513 2065,519 2154,519 2244,513 2333,507 2423,495 2512,495 2602,495 2691,489 2781,495 2870,495 2960,501 3049,507 3139,501"/>
                <TextEquiv>
                    <Unicode>Staelive. Waren Venimmt./. Hr. Reis ist</Unicode>
                </TextEquiv>
            </TextLine>
            <TextLine id="tr_1_tl_5" custom="readingOrder {index:4;}">
                <Coords points="3812,623 4771,561 6505,699 6505,550 6284,452 5955,565 5622,460 5043,518 4869,434 4568,547 3808,467"/>
                <Baseline points="3831,555 3921,561 4010,567 4100,572 4189,567 4279,572 4369,578 4458,578 4548,578 4637,578 4727,561 4816,561 4906,561 4995,567 5085,567 5174,567 5264,572 5353,572 5443,572 5532,572 5622,578 5711,584 5801,590 5891,596 5980,602 6070,596 6159,602 6249,602 6338,608 6428,614 6511,620"/>
                <TextEquiv>
                    <Unicode>September.... Wenn was been in other</Unicode>
                </TextEquiv>
            </TextLine>
            <TextLine id="tr_1_tl_6" custom="readingOrder {index:5;}">
                <Coords points="767,775 2559,684 2766,767 3265,713 3269,586 2585,532 2103,662 1803,539 1285,659 771,626"/>
                <Baseline points="787,740 859,734 949,740 1038,740 1128,734 1217,722 1307,722 1396,710 1486,704 1575,698 1665,692 1754,686 1844,686 1933,686 2023,686 2112,686 2202,686 2291,680 2381,680 2471,674 2560,674 2650,674 2739,674 2829,674 2918,680 3008,680 3097,686 3187,686 3276,692"/>
                <TextEquiv>
                    <Unicode>Reine so ïble Sache.  Die Welt braucht</Unicode>
                </TextEquiv>
            </TextLine>
            <TextLine id="tr_1_tl_7" custom="readingOrder {index:6;}">
                <Coords points="3797,767 4282,854 4673,771 4901,869 5549,796 6436,876 6436,753 6295,673 3794,652"/>
                <Baseline points="3819,728 3909,734 3998,740 4088,746 4178,752 4267,752 4357,758 4446,763 4536,763 4625,758 4715,752 4804,752 4894,746 4983,746 5073,746 5162,752 5252,746 5341,746 5431,746 5520,752 5610,758 5700,763 5789,763 5879,775 5968,781 6058,781 6147,781 6237,787 6326,799 6416,799 6446,799"/>
                <TextEquiv>
                    <Unicode>die Wohin in Obgabried Verlangnete aus</Unicode>
                </TextEquiv>
            </TextLine>
            <TextLine id="tr_1_tl_8" custom="readingOrder {index:7;}">
                <Coords points="1202,818 1788,865 1861,814 2034,814 2223,883 2302,865 2302,691 2060,724 1727,691 1405,760 1300,724 1202,771"/>
                <Baseline points="1223,805 1313,805 1402,799 1492,793 1581,793 1671,793 1760,787 1850,793 1939,799 2029,805 2118,805 2208,799 2297,811 2309,811"/>
                <TextEquiv>
                    <Unicode>The first is résulted</Unicode>
                </TextEquiv>
            </TextLine>
            <TextLine id="tr_1_tl_9" custom="readingOrder {index:8;}">
                <Coords points="771,992 1068,905 1846,963 2530,858 3244,934 3294,699 2581,814 2436,735 2219,876 775,862"/>
                <Baseline points="793,907 871,901 960,907 1050,907 1140,907 1229,913 1319,913 1408,913 1498,907 1587,907 1677,907 1766,907 1856,907 1945,913 2035,907 2124,907 2214,895 2303,883 2393,847 2393,847 2482,853 2572,859 2662,859 2751,859 2841,853 2930,853 3020,859 3109,865 3199,865 3288,859 3300,853"/>
                <TextEquiv>
                    <Unicode>sich dergleichen wieder: Er ist Stichleift</Unicode>
                </TextEquiv>
            </TextLine>
            <TextLine id="tr_1_tl_10" custom="readingOrder {index:9;}">
                <Coords points="3812,970 4434,959 4644,1057 5227,959 6563,1014 6556,825 3812,887"/>
                <Baseline points="3831,919 3921,925 4010,925 4100,925 4189,925 4279,925 4369,937 4458,943 4548,943 4637,943 4727,943 4816,949 4906,954 4995,954 5085,954 5174,949 5264,949 5353,954 5443,954 5532,954 5622,960 5711,960 5801,960 5891,960 5980,966 6070,966 6159,966 6249,966 6338,978 6428,990 6517,1002 6565,996"/>
                <TextEquiv>
                    <Unicode>erstfertig..... Zauberlaß... Ob zurück</Unicode>
                </TextEquiv>
            </TextLine>
            <TextLine id="tr_1_tl_11" custom="readingOrder {index:10;}">
                <Coords points="2798,967 2918,956 3077,992 3146,974 3211,1003 3298,996 3294,934 3171,930 3117,898 3084,927 3001,894 2958,919 2921,901 2900,919 2885,905 2795,919"/>
                <Baseline points="2817,943 2906,949 2996,954 3085,966 3175,972 3264,978 3306,978"/>
                <TextEquiv>
                    <Unicode>rewitin</Unicode>
                </TextEquiv>
            </TextLine>
            <TextLine id="tr_1_tl_12" custom="readingOrder {index:11;}">
                <Coords points="814,1093 1231,1184 2042,1053 2950,1108 3283,1010 1886,930 814,1039"/>
                <Baseline points="835,1080 877,1086 966,1092 1056,1086 1145,1092 1235,1086 1325,1086 1414,1080 1504,1080 1593,1074 1683,1062 1772,1062 1862,1062 1951,1056 2041,1050 2130,1050 2220,1032 2309,1038 2399,1032 2488,1026 2578,1032 2667,1032 2757,1032 2847,1032 2936,1026 3026,1032 3115,1032 3205,1032 3294,1032"/>
                <TextEquiv>
                    <Unicode>in der Will.) sein xyz einer für die</Unicode>
                </TextEquiv>
            </TextLine>
            <TextLine id="tr_1_tl_13" custom="readingOrder {index:12;}">
                <Coords points="3797,1144 4720,1234 6252,1176 6708,1292 6701,1057 3797,1057"/>
                <Baseline points="3819,1134 3909,1134 3998,1134 4088,1134 4178,1140 4267,1145 4357,1145 4446,1145 4536,1145 4625,1151 4715,1157 4804,1157 4894,1157 4983,1163 5073,1163 5162,1169 5252,1169 5341,1175 5431,1175 5520,1181 5610,1181 5700,1181 5789,1181 5879,1163 5968,1169 6058,1181 6147,1181 6237,1175 6326,1187 6416,1193 6505,1205 6595,1217 6684,1235 6714,1235"/>
                <TextEquiv>
                    <Unicode>oder wie Vorschreiben sie wicht, zur Bekannt.</Unicode>
                </TextEquiv>
            </TextLine>
            <TextLine id="tr_1_tl_14" custom="readingOrder {index:13;}">
                <Coords points="912,1347 1640,1234 3330,1263 3356,1097 2049,1198 1900,1119 1625,1187 1082,1122 916,1205"/>
                <Baseline points="937,1259 949,1253 1038,1253 1128,1253 1217,1247 1307,1241 1396,1241 1486,1229 1575,1229 1665,1229 1754,1229 1844,1223 1933,1223 2023,1223 2112,1223 2202,1229 2291,1223 2381,1223 2471,1217 2560,1217 2650,1217 2739,1223 2829,1223 2918,1223 3008,1223 3097,1223 3187,1229 3276,1235 3366,1235"/>
                <TextEquiv>
                    <Unicode>Stimmungen es meisten wäre</Unicode>
                </TextEquiv>
            </TextLine>
            <TextLine id="tr_1_tl_15" custom="readingOrder {index:14;}">
                <Coords points="1368,1343 1437,1310 1466,1339 1535,1300 1560,1329 1636,1318 1712,1365 1799,1300 1890,1336 1933,1300 2016,1318 2020,1267 1835,1245 1701,1271 1654,1238 1589,1267 1546,1271 1517,1245 1415,1278 1372,1267"/>
                <Baseline points="1390,1301 1396,1301 1486,1301 1575,1301 1665,1295 1754,1295 1844,1295 1933,1295 2023,1295"/>
                <TextEquiv>
                    <Unicode>und nicht</Unicode>
                </TextEquiv>
            </TextLine>
            <TextLine id="tr_1_tl_16" custom="readingOrder {index:15;}">
                <Coords points="3834,1448 4807,1365 5919,1444 5984,1336 4967,1173 3830,1271"/>
                <Baseline points="3855,1325 3945,1331 4034,1336 4124,1342 4213,1342 4303,1348 4392,1348 4482,1354 4571,1360 4661,1354 4751,1360 4840,1360 4930,1360 5019,1366 5109,1366 5198,1366 5288,1372 5377,1372 5467,1366 5556,1366 5646,1372 5735,1378 5825,1384 5914,1378 5992,1384"/>
                <TextEquiv>
                    <Unicode>- Eerlauf ist es nach nicht führen.</Unicode>
                </TextEquiv>
            </TextLine>
            <TextLine id="tr_1_tl_17" custom="readingOrder {index:16;}">
                <Coords points="970,1502 1814,1408 3356,1452 3356,1376 2968,1256 970,1354"/>
                <Baseline points="990,1426 1032,1420 1122,1420 1211,1420 1301,1408 1390,1402 1480,1396 1569,1390 1659,1390 1748,1396 1838,1396 1927,1402 2017,1396 2106,1396 2196,1396 2285,1396 2375,1396 2465,1396 2554,1390 2644,1390 2733,1396 2823,1396 2912,1396 3002,1402 3091,1408 3181,1414 3270,1414 3360,1414"/>
                <TextEquiv>
                    <Unicode>in Himmina abt da tede fegen...</Unicode>
                </TextEquiv>
            </TextLine>
            <TextLine id="tr_1_tl_18" custom="readingOrder {index:17;}">
                <Coords points="3913,1542 4601,1643 4945,1557 5980,1658 6491,1582 6411,1484 5817,1408 5412,1513 4967,1390 4181,1466 3910,1397"/>
                <Baseline points="3933,1510 4022,1527 4112,1521 4201,1521 4291,1533 4380,1539 4470,1545 4560,1545 4649,1539 4739,1545 4828,1545 4918,1539 5007,1551 5097,1551 5186,1551 5276,1557 5365,1557 5455,1557 5544,1563 5634,1563 5723,1563 5813,1569 5902,1569 5992,1563 6082,1563 6171,1569 6261,1569 6350,1569 6440,1569 6499,1575"/>
                <TextEquiv>
                    <Unicode>Ob, erleit ich nicht – vorleichtete ich</Unicode>
                </TextEquiv>
            </TextLine>
            <TextLine id="tr_1_tl_19" custom="readingOrder {index:18;}">
                <Coords points="959,1647 2005,1593 2505,1658 2729,1578 3291,1633 3291,1484 2809,1459 2614,1553 2382,1459 2013,1531 1202,1437 959,1506"/>
                <Baseline points="978,1599 1062,1593 1151,1593 1241,1587 1331,1587 1420,1587 1510,1587 1599,1587 1689,1581 1778,1587 1868,1587 1957,1587 2047,1587 2136,1587 2226,1587 2315,1587 2405,1581 2494,1587 2584,1581 2673,1575 2763,1575 2852,1575 2942,1575 3032,1581 3121,1587 3211,1593 3300,1587"/>
                <TextEquiv>
                    <Unicode>The built is inettet.. I and</Unicode>
                </TextEquiv>
            </TextLine>
            <TextLine id="tr_1_tl_20" custom="readingOrder {index:19;}">
                <Coords points="3870,1734 6567,1803 6534,1596 6121,1662 4945,1553 4742,1658 3870,1654"/>
                <Baseline points="3891,1695 3981,1695 4070,1695 4160,1695 4249,1695 4339,1707 4428,1712 4518,1707 4607,1701 4697,1707 4786,1701 4876,1707 4965,1707 5055,1712 5144,1712 5234,1712 5324,1718 5413,1724 5503,1724 5592,1730 5682,1730 5771,1736 5861,1736 5950,1742 6040,1748 6129,1748 6219,1754 6308,1760 6398,1766 6487,1772 6577,1778"/>
                <TextEquiv>
                    <Unicode>nicht folg.... Wenn einen ertreit ist.</Unicode>
                </TextEquiv>
            </TextLine>
            <TextLine id="tr_1_tl_21" custom="readingOrder {index:20;}">
                <Coords points="1068,1806 1828,1839 2585,1756 3309,1853 3309,1665 3044,1600 2624,1683 2367,1611 2215,1701 1940,1611 1068,1658"/>
                <Baseline points="1086,1736 1175,1748 1265,1748 1354,1754 1444,1760 1533,1760 1623,1754 1712,1754 1802,1754 1892,1754 1981,1754 2071,1754 2160,1754 2250,1754 2339,1760 2429,1760 2518,1754 2608,1754 2697,1754 2787,1754 2876,1754 2966,1766 3055,1772 3145,1778 3234,1784 3318,1790"/>
                <TextEquiv>
                    <Unicode>St. Alorsphine de Celt ist</Unicode>
                </TextEquiv>
            </TextLine>
            <TextLine id="tr_1_tl_22" custom="readingOrder {index:21;}">
                <Coords points="3805,1955 4120,1980 4438,1875 5271,1969 5553,1890 5832,2009 6382,1926 6382,1788 5879,1821 5546,1734 4670,1839 3924,1723 3805,1796"/>
                <Baseline points="3825,1862 3915,1862 4004,1862 4094,1868 4184,1868 4273,1868 4363,1862 4452,1868 4542,1868 4631,1868 4721,1862 4810,1862 4900,1868 4989,1868 5079,1868 5168,1874 5258,1868 5347,1868 5437,1868 5526,1874 5616,1874 5705,1874 5795,1874 5885,1880 5974,1880 6064,1880 6153,1880 6243,1892 6332,1898 6392,1898"/>
                <TextEquiv>
                    <Unicode>Tienst.  Un holin coll dem erst Tuhl</Unicode>
                </TextEquiv>
            </TextLine>
            <TextLine id="tr_1_tl_23" custom="readingOrder {index:22;}">
                <Coords points="1028,1966 1292,2031 2386,1915 3352,2034 3348,1861 2787,1770 1633,1890 1024,1806"/>
                <Baseline points="1044,1909 1134,1915 1223,1921 1313,1921 1402,1921 1492,1927 1581,1927 1671,1927 1760,1933 1850,1927 1939,1927 2029,1921 2118,1909 2208,1915 2297,1909 2387,1915 2476,1915 2566,1921 2656,1921 2745,1933 2835,1939 2924,1951 3014,1951 3103,1963 3193,1975 3282,1987 3360,1993"/>
                <TextEquiv>
                    <Unicode>de neuf, ne fait et verrolle.</Unicode>
                </TextEquiv>
            </TextLine>
            <TextLine id="tr_1_tl_24" custom="readingOrder {index:23;}">
                <Coords points="2158,1998 2219,2013 2237,1998 2320,2045 2378,2038 2472,2071 2585,2016 2643,2049 2672,2034 2672,1969 2621,1980 2523,1937 2425,1980 2371,1948 2349,1966 2252,1911 2212,1944 2154,1937"/>
                <Baseline points="2178,1987 2268,1999 2357,2005 2447,2005 2536,2005 2626,2011 2679,2011"/>
                <TextEquiv>
                    <Unicode>Hilhaft.</Unicode>
                </TextEquiv>
            </TextLine>
            <TextLine id="tr_1_tl_25" custom="readingOrder {index:24;}">
                <Coords points="3888,2103 3968,2132 4015,2103 4315,2100 4362,2074 4416,2114 4663,2103 4663,1940 4576,1922 4384,1966 4246,1937 4018,2002 3888,1984"/>
                <Baseline points="3909,2053 3998,2059 4088,2065 4178,2065 4267,2065 4357,2059 4446,2065 4536,2065 4625,2065 4673,2065"/>
                <TextEquiv>
                    <Unicode>geweit ich</Unicode>
                </TextEquiv>
            </TextLine>
            <TextLine id="tr_1_tl_26" custom="readingOrder {index:25;}">
                <Coords points="996,2183 1415,2168 1557,2266 2125,2110 3142,2212 3301,2176 3301,2038 1980,2067 1520,1987 996,2056"/>
                <Baseline points="1014,2118 1104,2124 1193,2118 1283,2124 1372,2118 1462,2124 1551,2124 1641,2124 1730,2118 1820,2118 1909,2112 1999,2112 2089,2106 2178,2106 2268,2118 2357,2118 2447,2118 2536,2118 2626,2112 2715,2118 2805,2118 2894,2124 2984,2130 3073,2130 3163,2136 3252,2142 3312,2142"/>
                <TextEquiv>
                    <Unicode>hechble feit; a. Deut un tok f</Unicode>
                </TextEquiv>
            </TextLine>
            <TextLine id="tr_1_tl_27" custom="readingOrder {index:26;}">
                <Coords points="3924,2360 4120,2393 4322,2252 6418,2349 6415,2158 3920,2129"/>
                <Baseline points="3945,2238 4034,2244 4124,2244 4213,2250 4303,2250 4392,2250 4482,2250 4571,2250 4661,2250 4751,2250 4840,2256 4930,2250 5019,2250 5109,2250 5198,2244 5288,2250 5377,2244 5467,2244 5556,2244 5646,2250 5735,2250 5825,2256 5914,2256 6004,2256 6093,2256 6183,2262 6273,2274 6362,2274 6422,2274"/>
                <TextEquiv>
                    <Unicode>M. T. A will die ute Schiljehn.</Unicode>
                </TextEquiv>
            </TextLine>
            <TextLine id="tr_1_tl_28" custom="readingOrder {index:27;}">
                <Coords points="930,2360 3207,2306 3171,2201 2990,2270 2617,2176 2234,2255 2092,2179 1962,2259 1426,2270 1249,2161 934,2172"/>
                <Baseline points="949,2315 972,2309 1062,2315 1151,2309 1241,2309 1331,2315 1420,2309 1510,2309 1599,2309 1689,2309 1778,2303 1868,2297 1957,2291 2047,2291 2136,2297 2226,2297 2315,2297 2405,2297 2494,2297 2584,2297 2673,2297 2763,2297 2852,2297 2942,2297 3032,2303 3121,2303 3211,2291"/>
                <TextEquiv>
                    <Unicode>das in einigen Sternen il</Unicode>
                </TextEquiv>
            </TextLine>
            <TextLine id="tr_1_tl_29" custom="readingOrder {index:28;}">
                <Coords points="3884,2491 5437,2487 5709,2567 6020,2472 6299,2516 6299,2360 5781,2429 5343,2331 4844,2429 4616,2331 3884,2422"/>
                <Baseline points="3903,2482 3981,2482 4070,2482 4160,2482 4249,2482 4339,2482 4428,2482 4518,2471 4607,2471 4697,2476 4786,2476 4876,2476 4965,2471 5055,2476 5144,2476 5234,2476 5324,2476 5413,2476 5503,2476 5592,2476 5682,2482 5771,2482 5861,2488 5950,2482 6040,2471 6129,2476 6219,2482 6308,2476"/>
                <TextEquiv>
                    <Unicode>Ärchü..  Luneisit xx</Unicode>
                </TextEquiv>
            </TextLine>
            <TextLine id="tr_1_tl_30" custom="readingOrder {index:29;}">
                <Coords points="970,2541 2266,2621 2483,2498 3059,2520 2936,2396 2404,2328 2082,2386 1307,2324 974,2404"/>
                <Baseline points="990,2506 1008,2506 1098,2518 1187,2518 1277,2512 1366,2512 1456,2512 1545,2506 1635,2506 1724,2506 1814,2500 1903,2494 1993,2494 2083,2494 2172,2494 2262,2494 2351,2494 2441,2488 2530,2494 2620,2488 2709,2488 2799,2494 2888,2494 2978,2500 3067,2494"/>
                <TextEquiv>
                    <Unicode>der Erde gefugt kommt.</Unicode>
                </TextEquiv>
            </TextLine>
            <TextLine id="tr_1_tl_31" custom="readingOrder {index:30;}">
                <Coords points="4225,2639 4272,2643 4358,2708 4427,2664 4453,2672 4463,2512 4431,2512 4402,2530 4369,2494 4340,2509 4322,2501 4304,2516 4232,2505"/>
                <Baseline points="4243,2614 4285,2614 4374,2608 4464,2602"/>
                <TextEquiv>
                    <Unicode>Tre</Unicode>
                </TextEquiv>
            </TextLine>
            <TextLine id="tr_1_tl_32" custom="readingOrder {index:31;}">
                <Coords points="4029,2777 4930,2827 5064,2722 5843,2675 6009,2766 6502,2672 6505,2516 6197,2610 5792,2534 4033,2643"/>
                <Baseline points="4052,2703 4094,2703 4184,2709 4273,2709 4363,2721 4452,2721 4542,2721 4631,2715 4721,2715 4810,2709 4900,2715 4989,2709 5079,2703 5168,2697 5258,2691 5347,2685 5437,2679 5526,2679 5616,2679 5705,2673 5795,2673 5885,2673 5974,2673 6064,2673 6153,2673 6243,2667 6332,2662 6422,2662 6511,2662"/>
                <TextEquiv>
                    <Unicode>83 Überten it der Laiwe Ihre H6</Unicode>
                </TextEquiv>
            </TextLine>
            <TextLine id="tr_1_tl_33" custom="readingOrder {index:32;}">
                <Coords points="992,2766 3262,2737 3262,2668 2690,2559 2360,2643 1723,2559 1542,2643 996,2548"/>
                <Baseline points="1014,2691 1098,2709 1187,2709 1277,2709 1366,2715 1456,2715 1545,2709 1635,2703 1724,2703 1814,2697 1903,2697 1993,2697 2083,2703 2172,2703 2262,2697 2351,2703 2441,2697 2530,2697 2620,2691 2709,2691 2799,2697 2888,2697 2978,2697 3067,2697 3157,2703 3246,2703 3270,2703"/>
                <TextEquiv>
                    <Unicode>turd the Politicon there....</Unicode>
                </TextEquiv>
            </TextLine>
            <TextLine id="tr_1_tl_34" custom="readingOrder {index:33;}">
                <Coords points="3939,2979 4449,3037 5249,2882 6158,3005 6465,2925 6469,2806 5933,2744 5683,2827 5448,2740 5010,2871 3942,2802"/>
                <Baseline points="3957,2936 3969,2936 4058,2942 4148,2942 4237,2948 4327,2948 4416,2948 4506,2948 4595,2942 4685,2936 4774,2930 4864,2924 4953,2918 5043,2912 5133,2900 5222,2876 5312,2870 5401,2870 5491,2864 5580,2864 5670,2864 5759,2864 5849,2870 5938,2876 6028,2882 6117,2882 6207,2882 6296,2888 6386,2888 6475,2888"/>
                <TextEquiv>
                    <Unicode>Proprie in dit lei Überlau i</Unicode>
                </TextEquiv>
            </TextLine>
            <TextLine id="tr_1_tl_35" custom="readingOrder {index:34;}">
                <Coords points="1082,2929 1423,2921 1473,2972 1879,2896 2147,2965 2302,2900 2451,2972 2563,2936 2567,2831 2281,2744 2031,2798 1857,2737 1767,2813 1517,2871 1329,2806 1086,2816"/>
                <Baseline points="1104,2912 1140,2912 1229,2918 1319,2918 1408,2912 1498,2912 1587,2906 1677,2900 1766,2900 1856,2894 1945,2888 2035,2894 2124,2894 2214,2888 2303,2888 2393,2894 2482,2882 2572,2876"/>
                <TextEquiv>
                    <Unicode>wir er litt darf.</Unicode>
                </TextEquiv>
            </TextLine>
            <TextLine id="tr_1_tl_36" custom="readingOrder {index:35;}">
                <Coords points="1017,3113 1987,3091 2252,3164 2653,3081 3178,3178 3157,2972 2353,3001 2212,2932 1593,3044 1017,2972"/>
                <Baseline points="1038,3097 1128,3103 1217,3097 1307,3091 1396,3085 1486,3085 1575,3091 1665,3091 1754,3085 1844,3085 1933,3085 2023,3085 2112,3085 2202,3085 2291,3085 2381,3085 2471,3085 2560,3079 2650,3079 2739,3085 2829,3091 2918,3097 3008,3097 3097,3109 3187,3115"/>
                <TextEquiv>
                    <Unicode>the ttory..  Es well je ein nahuhal</Unicode>
                </TextEquiv>
            </TextLine>
            <TextLine id="tr_1_tl_37" custom="readingOrder {index:36;}">
                <Coords points="3996,3171 5506,3229 6132,3120 6368,3196 6426,2979 4000,3066"/>
                <Baseline points="4016,3157 4100,3169 4189,3169 4279,3169 4369,3169 4458,3163 4548,3157 4637,3151 4727,3151 4816,3145 4906,3133 4995,3121 5085,3121 5174,3109 5264,3103 5353,3097 5443,3097 5532,3097 5622,3097 5711,3097 5801,3097 5891,3103 5980,3103 6070,3109 6159,3109 6249,3115 6338,3115 6428,3115"/>
                <TextEquiv>
                    <Unicode>du homme tracie, il mette</Unicode>
                </TextEquiv>
            </TextLine>
            <TextLine id="tr_1_tl_38" custom="readingOrder {index:37;}">
                <Coords points="1220,3294 1307,3298 1426,3225 1607,3265 1799,3215 1832,3233 1872,3222 1875,3160 1759,3193 1720,3168 1676,3178 1622,3120 1564,3142 1368,3095 1292,3131 1224,3131"/>
                <Baseline points="1241,3234 1259,3234 1348,3223 1438,3223 1527,3223 1617,3217 1707,3217 1796,3211 1886,3199"/>
                <TextEquiv>
                    <Unicode>nanten i</Unicode>
                </TextEquiv>
            </TextLine>
            <TextLine id="tr_1_tl_39" custom="readingOrder {index:38;}">
                <Coords points="1108,3425 1296,3345 1593,3330 1893,3428 2103,3330 2320,3381 2646,3312 3225,3403 3294,3392 3298,3211 2635,3262 1911,3186 1253,3301 1108,3229"/>
                <Baseline points="1128,3342 1151,3342 1241,3342 1331,3336 1420,3336 1510,3330 1599,3324 1689,3324 1778,3318 1868,3318 1957,3318 2047,3318 2136,3318 2226,3312 2315,3312 2405,3306 2494,3306 2584,3300 2673,3300 2763,3300 2852,3300 2942,3312 3032,3318 3121,3324 3211,3336 3300,3336"/>
                <TextEquiv>
                    <Unicode>sonderstiffen, Krs, den</Unicode>
                </TextEquiv>
            </TextLine>
            <TextLine id="tr_1_tl_40" custom="readingOrder {index:39;}">
                <Coords points="4069,3443 4427,3399 4634,3501 5980,3363 6458,3497 6462,3189 6295,3236 6147,3146 5796,3287 5600,3196 5224,3312 4854,3215 4069,3262"/>
                <Baseline points="4088,3360 4142,3360 4231,3366 4321,3366 4410,3372 4500,3372 4589,3360 4679,3366 4768,3366 4858,3366 4947,3360 5037,3360 5127,3360 5216,3360 5306,3360 5395,3360 5485,3354 5574,3354 5664,3348 5753,3348 5843,3348 5932,3348 6022,3354 6111,3348 6201,3348 6290,3354 6380,3360 6469,3342"/>
                <TextEquiv>
                    <Unicode>a de trunes, nt-es in Hape</Unicode>
                </TextEquiv>
            </TextLine>
            <TextLine id="tr_1_tl_41" custom="readingOrder {index:40;}">
                <Coords points="2454,3414 2483,3406 2538,3425 2596,3425 2748,3410 2773,3421 2820,3410 2820,3348 2795,3359 2744,3341 2701,3374 2668,3374 2646,3352 2606,3367 2556,3327 2501,3316 2451,3327"/>
                <Baseline points="2476,3396 2566,3396 2656,3402 2745,3402 2829,3414"/>
                <TextEquiv>
                    <Unicode>Heem, N</Unicode>
                </TextEquiv>
            </TextLine>
            <TextLine id="tr_1_tl_42" custom="readingOrder {index:41;}">
                <Coords points="1137,3548 2291,3475 3309,3569 3305,3428 3077,3392 1137,3396"/>
                <Baseline points="1157,3491 1247,3491 1336,3491 1426,3491 1516,3497 1605,3497 1695,3497 1784,3497 1874,3491 1963,3485 2053,3479 2142,3479 2232,3467 2321,3467 2411,3473 2500,3479 2590,3485 2679,3491 2769,3491 2858,3485 2948,3497 3038,3509 3127,3521 3217,3533 3306,3539 3312,3539"/>
                <TextEquiv>
                    <Unicode>bo in..... in Schwerin beim Cours</Unicode>
                </TextEquiv>
            </TextLine>
            <TextLine id="tr_1_tl_43" custom="readingOrder {index:42;}">
                <Coords points="2071,3591 2143,3616 2487,3580 2592,3627 2650,3598 2853,3645 2849,3566 2740,3555 2632,3490 2458,3497 2389,3530 2291,3479 2205,3515 2067,3501"/>
                <Baseline points="2089,3581 2178,3575 2268,3575 2357,3575 2447,3581 2536,3587 2626,3593 2715,3599 2805,3605 2858,3605"/>
                <TextEquiv>
                    <Unicode>siben haben.</Unicode>
                </TextEquiv>
            </TextLine>
            <TextLine id="tr_1_tl_44" custom="readingOrder {index:43;}">
                <Coords points="4069,3624 4478,3725 4728,3638 6491,3634 6491,3522 6284,3443 5535,3519 4981,3417 4746,3511 4069,3446"/>
                <Baseline points="4088,3599 4178,3605 4267,3605 4357,3605 4446,3605 4536,3605 4625,3605 4715,3599 4804,3599 4894,3593 4983,3593 5073,3593 5162,3587 5252,3587 5341,3593 5431,3593 5520,3593 5610,3587 5700,3593 5789,3593 5879,3593 5968,3593 6058,3599 6147,3611 6237,3611 6326,3616 6416,3622 6499,3622"/>
                <TextEquiv>
                    <Unicode>nicht auf die gewunden werden lassen</Unicode>
                </TextEquiv>
            </TextLine>
            <TextLine id="tr_1_tl_45" custom="readingOrder {index:44;}">
                <Coords points="1104,3776 1604,3714 1973,3812 2190,3747 3019,3826 3012,3707 2806,3638 2545,3685 1919,3591 1636,3663 1093,3504"/>
                <Baseline points="1122,3670 1211,3676 1301,3676 1390,3682 1480,3682 1569,3688 1659,3694 1748,3694 1838,3706 1927,3712 2017,3718 2106,3718 2196,3724 2285,3730 2375,3730 2465,3736 2554,3736 2644,3748 2733,3748 2823,3748 2912,3748 3002,3748 3026,3748"/>
                <TextEquiv>
                    <Unicode>Auch in Verkauf ist er nicht nur</Unicode>
                </TextEquiv>
            </TextLine>
            <TextLine id="tr_1_tl_46" custom="readingOrder {index:45;}">
                <Coords points="4069,3870 5401,3787 6592,3834 6592,3678 5238,3631 4069,3743"/>
                <Baseline points="4088,3807 4094,3802 4184,3813 4273,3813 4363,3813 4452,3813 4542,3807 4631,3802 4721,3802 4810,3796 4900,3796 4989,3796 5079,3790 5168,3790 5258,3790 5347,3790 5437,3784 5526,3784 5616,3784 5705,3790 5795,3784 5885,3784 5974,3784 6064,3784 6153,3790 6243,3796 6332,3790 6422,3790 6511,3790 6601,3802"/>
                <TextEquiv>
                    <Unicode>wir. I know a landle... w a she have</Unicode>
                </TextEquiv>
            </TextLine>
            <TextLine id="tr_1_tl_47" custom="readingOrder {index:46;}">
                <Coords points="1198,3946 1730,3964 1991,3899 2288,3964 2436,3888 2599,3949 2682,3910 2679,3790 2313,3743 2201,3797 1625,3783 1531,3844 1292,3805 1198,3844"/>
                <Baseline points="1217,3873 1307,3879 1396,3879 1486,3885 1575,3885 1665,3897 1754,3897 1844,3897 1933,3897 2023,3891 2112,3891 2202,3897 2291,3885 2381,3885 2471,3891 2560,3897 2650,3891 2691,3885"/>
                <TextEquiv>
                    <Unicode>ein fertig... Obg. betal.</Unicode>
                </TextEquiv>
            </TextLine>
        </TextRegion>
    </Page>
</PcGts>
