7000 4680
524 2898 738 3062 G.H.P.
503 3545 670 3667 no 1
6307 646 6518 837 153
4480 808 6570 1011 es. Sei dieser Gabe würdig, indem du dich
4480 993 6448 1186 zu bescheiden weisst.Es war schön. Nun
4472 1113 6338 1311 aber ist's zu Ende. Leb wohl.Er soll
4444 1267 6445 1475 mich ausgeruht und heiter finden.Auch
5262 1454 5452 1535 rem
4475 1441 6526 1668 dirwird’s gut schon Dich im Schlaf noch
4485 1603 6477 1811 zu erfrischen. Ein neuer Tag, wer weiss,
4480 1767 5497 1973 was er dir bringt.
4478 1843 6529 2142 Max: Mir ist, als wär mein Leben heut zu
4478 2114 4793 2265 Ende.
4480 2168 6409 2424 Judith: Und mein's fängt an.Du warst
4485 2411 5395 2559 ein Vorspiel nur.
4485 2484 6529 2734 Max: Und werden wir einander nie begeg-
4488 2737 4751 2872 nen?
4478 2783 6359 3034 Judith: Das wäre möglich. Abenteurer
4483 3018 5299 3214 sind wir beide.
4498 3107 6328 3352 Max: Wohin wird er mit dir fahren?
4498 3320 6466 3516 Judith: Das ist gleich. Fort von hier,
4498 3458 6054 3683 ins Ferne.Leb wohl,Geliebter.
4480 3633 5262 3826 Max: Leb wohl.
4472 3779 6357 3938 Judith: (verschwindet in ihr Zimmer.
4475 3925 5643 4126 Türe schliesst sie h).
