3576 3976
537 451 1223 664 Ambros, Arduin.
1972 432 2849 607 bravit at allect
1518 492 2846 683 Auperd Febrillen in Thun
591 584 886 683 Arduin
543 629 3097 797 Anguär'Ich bin pü nktlich.nicht wahr? Heute der erste
772 727 2805 835 Amsin. Is that he has in there of any Euver comptutes
200 715 441 851 Stapel
549 765 2805 940 August. Erinnern Sie sich nicht, dass ich Sie zum
219 832 470 988 l'aiif...
581 905 3040 1083 Fruhstuck eingeladen habe? Wollen bis mit mir reisen
581 1055 2954 1242 Ich habe den besten Koch, eine schöne Geliebte wird
187 1055 489 1236 M Harvé
140 1232 537 1385 en égleich
584 1229 2982 1429 mit mir reisen, wenn sie mich nicht aufsitzen lässt,
718 1347 1550 1461 Nach. Sie ist habe.......
203 1356 441 1493 Havent
591 1363 2973 1582 (ich kenne sie noch nicht.) Mir fehlt nur ein Hofnarr,
629 1521 2236 1731 Ambros. Aber mir fehlt kein Prinz.
623 1658 3002 1849 Arduin: Was treiben Sie hier, ich möchte hier nicht
626 1826 3103 1985 bleiben. Wissen Sie etwas von Aurolio? xxx Gegesert.
1010 1957 2042 2052 Voir Aussi veut il si ne hier is
1004 2017 2890 2169 Ich höre, dass sich Gysar umgebracht hat,
626 2020 953 2198 Ambros
1248 2106 2455 2195 Hett ik bin nicht zu gelend
629 2147 3167 2347 Arduin, Für so anstandig hatte ich ihn nicht gehalten
629 2306 1928 2503 Ambros Wie meinen Sie das?
648 2423 2995 2624 Arduin. Wie immer. Wo ist Falkenir- Geben Sie mir
642 2573 2713 2732 einen Rat, auf welcher Seite ich kämpfen soll
677 2732 3056 2903 Ambros Sie fragen viel, Sie sind in einer erregten
724 2919 1143 3090 Stimmung
677 3024 3113 3262 Arduin Ich soll eine Prinzessin aus einem regieren
692 3233 1652 3424 den Hause heiraten.
