3560 3992
582 476 3006 719 Max, der Direktor' geckenhaft, grauer Spitzbart, etwas
1311 659 2011 854 Eau Anne
585 665 1266 863 louch, lauernd.
563 771 2139 991 Direktor: Sie sind Fruhaufsteher.
547 943 3118 1129 Er weiss nicht, dass Max und Judith zueinander gehören,
185 994 467 1157 d'une
1644 1113 1957 1189 wrigen
579 1148 2923 1295 daher mahnt Judith im letzten Auftritt Max zur Vor
166 1122 480 1285 & in 8.10
157 1250 377 1432 stift.
2069 1250 2983 1439 gilde solte. Schon
569 1237 1903 1452 siont. (Bezene i.). Guephin
2254 1346 2702 1464 hirts fort!
125 1391 422 1538 les vareux.
563 1407 2929 1631 Direktor' Bleiben Sie längere Zeit hier‘ Gesegnete
566 1573 2878 1743 Insel.Nordisches Licht,südliche Vegetation, grosse
553 1720 2990 1877 Zukunft. Ihr Landsmann Herr Ambrosius Döhl ist hier,
1672 1835 2632 1957 du 7n piedsieres du
2363 1842 2919 1957 not gewichtet.
569 1906 3015 2008 Geruchte von der Kriegserklärung. Wir werden neutral
556 2046 2970 2203 bleiben,h offentlich. Ich war im tiefsten Süden und
604 2190 2945 2347 im höchsten Norden. Ich habe als Liftbo### begonnen.
604 2334 2923 2532 Um neun kommt das Schiff aus Kopenhagen. Wir haben
585 2488 2881 2695 haute Abend ein Konzert hier.Viel Kunst... (###nd
592 2632 2993 2788 Seine Tochter Gilda kommt. Direktor stellt sie vor.
592 2779 1842 2977 15 jährig.
2606 2785 3073 2942 John Oucke
630 2926 2507 3130 Max kusst ihr die Hand. Sie den xxx
585 3121 2680 3268 Gilda hat das Schiff von der Anhöhe gesehen.
550 3242 3012 3456 Max (auch auf die Anhöhe) Das kann nur die Yacht des
585 3415 3015 3620 Prinzen Arduin sein. (Nun ahnt er) - (Ueber den Prinzen
531 3556 1883 3767 Arduin.) Desdruchte sagte.
