<?xml version="1.0" encoding="UTF-8" standalone="yes"?>
<PcGts xmlns="http://schema.primaresearch.org/PAGE/gts/pagecontent/2013-07-15" xmlns:xsi="http://www.w3.org/2001/XMLSchema-instance" xsi:schemaLocation="http://schema.primaresearch.org/PAGE/gts/pagecontent/2013-07-15 http://schema.primaresearch.org/PAGE/gts/pagecontent/2013-07-15/pagecontent.xsd">
    <Metadata>
        <Creator>prov=READ-COOP:name=TrHtr:version=2.1.0:model_id=51170:date=30_07_2023_00:25</Creator>
        <Created>2023-05-10T13:15:09.181+02:00</Created>
        <LastChange>2023-07-30T00:25:12.166+02:00</LastChange>
        <TranskribusMetadata docId="1428571" pageId="55410297" pageNr="64" tsid="131471716" status="IN_PROGRESS" userId="64420" imgUrl="https://files.transkribus.eu/Get?id=XVBUJESIPOYEISMQHFSCXJOH&amp;fileType=view" xmlUrl="https://files.transkribus.eu/Get?id=JPFMHYQBZQTTXFRZWVDWDKQB" imageId="44684440"/>
    </Metadata>
    <Page imageFilename="1428571_0064.jpg" imageWidth="6952" imageHeight="4424">
        <ReadingOrder>
            <OrderedGroup id="ro_1711792746139" caption="Regions reading order">
                <RegionRefIndexed index="0" regionRef="tr_2"/>
                <RegionRefIndexed index="1" regionRef="tr_1"/>
            </OrderedGroup>
        </ReadingOrder>
        <TextRegion id="tr_2" custom="readingOrder {index:0;}">
            <Coords points="597,1000 2370,1000 2370,3693 597,3693"/>
            <TextLine id="tr_2_tl_1" custom="readingOrder {index:0;}">
                <Coords points="1591,1073 1627,1085 1647,1067 1670,1078 1731,1067 1783,1090 1808,1078 1857,1096 1885,1090 1885,973 1821,976 1798,958 1739,973 1716,963 1698,970 1678,955 1629,991 1591,986"/>
                <Baseline points="1606,1050 1695,1056 1785,1050 1874,1056 1892,1050"/>
                <TextEquiv>
                    <Unicode>H.C.H.F.F:S.</Unicode>
                </TextEquiv>
            </TextLine>
            <TextLine id="tr_2_tl_2" custom="readingOrder {index:1;}">
                <Coords points="970,1121 1024,1113 1050,1136 1216,1078 1267,1101 1331,1083 1361,1113 1461,1098 1463,991 1338,981 1290,953 1226,986 1185,973 1129,1001 1098,983 1067,996 973,976"/>
                <Baseline points="985,1056 1074,1068 1164,1068 1253,1062 1343,1062 1432,1056 1468,1056"/>
                <TextEquiv>
                    <Unicode>G.H.F.P.</Unicode>
                </TextEquiv>
            </TextLine>
            <TextLine id="tr_2_tl_3" custom="readingOrder {index:2;}">
                <Coords points="615,1267 1157,1241 1353,1277 1489,1233 1818,1295 1823,1062 1491,1131 1216,1078 1050,1134 950,1088 807,1144 618,1139"/>
                <Baseline points="632,1229 662,1229 752,1229 841,1229 931,1229 1020,1229 1110,1223 1200,1223 1289,1223 1379,1217 1468,1217 1558,1211 1647,1211 1737,1206 1826,1200"/>
                <TextEquiv>
                    <Unicode>Gemeld at Jnn med nid d</Unicode>
                </TextEquiv>
            </TextLine>
            <TextLine id="tr_2_tl_4" custom="readingOrder {index:3;}">
                <Coords points="613,1399 1065,1479 1624,1399 2053,1440 2074,1228 1836,1300 1568,1251 1249,1323 794,1239 613,1264"/>
                <Baseline points="626,1385 644,1379 734,1379 823,1385 913,1379 1003,1373 1092,1373 1182,1373 1271,1373 1361,1373 1450,1373 1540,1367 1629,1367 1719,1367 1809,1367 1898,1361 1988,1361 2077,1355"/>
                <TextEquiv>
                    <Unicode>bescheid, eiW.hemad eniem. xxx</Unicode>
                </TextEquiv>
            </TextLine>
            <TextLine id="tr_2_tl_5" custom="readingOrder {index:4;}">
                <Coords points="580,1565 720,1614 955,1553 1417,1527 1655,1599 1808,1548 1808,1428 1622,1399 1463,1471 1203,1484 656,1445 582,1489"/>
                <Baseline points="597,1534 650,1534 740,1534 829,1534 919,1534 1008,1534 1098,1528 1188,1528 1277,1528 1367,1522 1456,1522 1546,1522 1635,1516 1725,1522 1814,1522"/>
                <TextEquiv>
                    <Unicode>s'a dûm se dedA.Tadvebno</Unicode>
                </TextEquiv>
            </TextLine>
            <TextLine id="tr_2_tl_6" custom="readingOrder {index:5;}">
                <Coords points="659,1711 789,1685 878,1744 930,1719 1060,1744 1159,1706 1277,1739 1522,1678 1588,1714 1647,1701 1647,1596 1412,1596 1300,1634 1090,1548 659,1614"/>
                <Baseline points="674,1683 758,1683 847,1689 937,1689 1026,1683 1116,1683 1206,1677 1295,1677 1385,1677 1474,1677 1564,1671 1653,1671"/>
                <TextEquiv>
                    <Unicode>rein nola nnew. xxxe</Unicode>
                </TextEquiv>
            </TextLine>
            <TextLine id="tr_2_tl_7" custom="readingOrder {index:6;}">
                <Coords points="582,1844 812,1908 1205,1903 1310,1862 1691,1900 1729,1895 1731,1762 1159,1706 889,1744 787,1685 582,1729"/>
                <Baseline points="597,1832 662,1838 752,1838 841,1826 931,1832 1020,1832 1110,1838 1200,1838 1289,1838 1379,1832 1468,1826 1558,1820 1647,1820 1737,1820"/>
                <TextEquiv>
                    <Unicode>Te xxx nedas! xxx</Unicode>
                </TextEquiv>
            </TextLine>
            <TextLine id="tr_2_tl_8" custom="readingOrder {index:7;}">
                <Coords points="618,2043 769,2000 1190,1997 1425,2092 1560,2020 1785,2025 1788,1874 1522,1931 1341,1864 838,1938 764,1897 618,1910"/>
                <Baseline points="632,1988 716,1988 805,1994 895,1994 985,1988 1074,1994 1164,1988 1253,1988 1343,1988 1432,1988 1522,1982 1611,1982 1701,1976 1791,1976"/>
                <TextEquiv>
                    <Unicode>rebell.Jdo###a.xxx ani)</Unicode>
                </TextEquiv>
            </TextLine>
            <TextLine id="tr_2_tl_9" custom="readingOrder {index:8;}">
                <Coords points="833,2212 904,2227 1039,2150 1389,2148 1525,2206 1657,2166 1765,2189 1941,2137 1943,2025 1749,2015 1553,2084 1374,2069 1236,2002 835,1994"/>
                <Baseline points="847,2149 871,2143 961,2143 1050,2149 1140,2149 1229,2143 1319,2143 1408,2137 1498,2137 1588,2131 1677,2131 1767,2131 1856,2131 1946,2125"/>
                <TextEquiv>
                    <Unicode>xxxxxx, xxx.</Unicode>
                </TextEquiv>
            </TextLine>
            <TextLine id="tr_2_tl_10" custom="readingOrder {index:9;}">
                <Coords points="672,2301 1134,2385 1397,2334 1882,2380 1903,2235 1627,2232 1430,2178 1175,2247 858,2204 672,2263"/>
                <Baseline points="686,2298 746,2304 835,2304 925,2304 1014,2298 1104,2298 1194,2298 1283,2298 1373,2298 1462,2292 1552,2292 1641,2286 1731,2286 1820,2286 1910,2280"/>
                <TextEquiv>
                    <Unicode>Gmxx lews fim kommoll a</Unicode>
                </TextEquiv>
            </TextLine>
            <TextLine id="tr_2_tl_11" custom="readingOrder {index:10;}">
                <Coords points="621,2480 756,2518 942,2452 1111,2554 1310,2457 1596,2549 1920,2480 2084,2536 2145,2505 2148,2367 2020,2332 1274,2390 1185,2347 1139,2390 1052,2362 881,2421 725,2380 623,2426"/>
                <Baseline points="638,2459 722,2453 811,2453 901,2453 991,2453 1080,2453 1170,2453 1259,2447 1349,2447 1438,2453 1528,2447 1617,2447 1707,2441 1797,2441 1886,2441 1976,2435 2065,2429 2155,2423"/>
                <TextEquiv>
                    <Unicode>-lem. Sjdoim hebi ei, aan om' (n</Unicode>
                </TextEquiv>
            </TextLine>
            <TextLine id="tr_2_tl_12" custom="readingOrder {index:11;}">
                <Coords points="605,2804 891,2761 1050,2812 1165,2761 1502,2832 1698,2755 2186,2804 2189,2641 1931,2635 1668,2521 1530,2567 1463,2531 1239,2661 608,2661"/>
                <Baseline points="620,2776 668,2770 758,2770 847,2764 937,2764 1026,2758 1116,2764 1206,2758 1295,2758 1385,2752 1474,2746 1564,2752 1653,2752 1743,2752 1832,2752 1922,2746 2011,2740 2101,2746 2191,2746"/>
                <TextEquiv>
                    <Unicode>Jno? bais. namell sib dous bel) :</Unicode>
                </TextEquiv>
            </TextLine>
            <TextLine id="tr_2_tl_13" custom="readingOrder {index:12;}">
                <Coords points="1055,2967 1193,2980 1361,2914 1527,2965 1803,2906 1851,2924 1874,2914 1877,2758 1502,2832 1376,2784 1320,2824 1231,2773 1057,2776"/>
                <Baseline points="1068,2925 1074,2919 1164,2913 1253,2913 1343,2913 1432,2913 1522,2913 1611,2907 1701,2907 1791,2907 1880,2907"/>
                <TextEquiv>
                    <Unicode>....</Unicode>
                </TextEquiv>
            </TextLine>
            <TextLine id="tr_2_tl_14" custom="readingOrder {index:13;}">
                <Coords points="595,3105 1001,3070 1576,3146 1780,3064 2125,3085 2173,3075 2176,2847 1951,2819 1854,2911 1399,2988 955,2921 598,2993"/>
                <Baseline points="608,3074 656,3080 746,3080 835,3080 925,3074 1014,3068 1104,3062 1194,3068 1283,3068 1373,3068 1462,3068 1552,3062 1641,3062 1731,3056 1820,3056 1910,3056 2000,3050 2089,3050 2179,3044"/>
                <TextEquiv>
                    <Unicode>würden 'im 'doin Jng aaß -</Unicode>
                </TextEquiv>
            </TextLine>
            <TextLine id="tr_2_tl_15" custom="readingOrder {index:14;}">
                <Coords points="779,3269 1009,3284 1241,3246 1305,3292 1504,3269 1581,3320 1685,3292 1688,3179 1351,3116 1187,3167 1022,3141 904,3174 845,3121 781,3121"/>
                <Baseline points="794,3223 800,3223 889,3223 979,3223 1068,3223 1158,3223 1247,3223 1337,3223 1426,3223 1516,3217 1606,3212 1695,3217"/>
                <TextEquiv>
                    <Unicode>of edam mew jhm..</Unicode>
                </TextEquiv>
            </TextLine>
            <TextLine id="tr_2_tl_16" custom="readingOrder {index:15;}">
                <Coords points="1042,3417 1152,3399 1182,3425 1295,3404 1346,3422 1379,3407 1425,3440 1542,3409 1601,3430 1622,3425 1624,3312 1532,3297 1504,3269 1484,3284 1371,3271 1315,3294 1244,3246 1162,3305 1119,3310 1085,3284 1044,3299"/>
                <Baseline points="1056,3379 1092,3379 1182,3379 1271,3379 1361,3373 1450,3367 1540,3367 1629,3367"/>
                <TextEquiv>
                    <Unicode>j'a exi ai nov</Unicode>
                </TextEquiv>
            </TextLine>
            <TextLine id="tr_2_tl_17" custom="readingOrder {index:16;}">
                <Coords points="1126,3557 1272,3580 1331,3542 1617,3529 1890,3596 2023,3529 2260,3555 2263,3465 2015,3409 1828,3460 1540,3412 1338,3460 1129,3419"/>
                <Baseline points="1140,3534 1194,3534 1283,3540 1373,3528 1462,3528 1552,3522 1641,3522 1731,3522 1820,3522 1910,3522 2000,3516 2089,3516 2179,3516 2268,3516"/>
                <TextEquiv>
                    <Unicode>würde xxx xxx</Unicode>
                </TextEquiv>
            </TextLine>
            <TextLine id="tr_2_tl_18" custom="readingOrder {index:17;}">
                <Coords points="1565,3780 1660,3746 1744,3764 1933,3698 2109,3698 2181,3754 2242,3736 2362,3764 2367,3545 2324,3527 2227,3565 2148,3532 2020,3603 1571,3537"/>
                <Baseline points="1582,3683 1653,3677 1743,3671 1832,3671 1922,3665 2011,3665 2101,3665 2191,3659 2280,3665 2370,3659"/>
                <TextEquiv>
                    <Unicode>erziffinden und aus</Unicode>
                </TextEquiv>
            </TextLine>
        </TextRegion>
        <TextRegion id="tr_1" custom="readingOrder {index:1;}">
            <Coords points="4471,266 6555,266 6555,3723 4471,3723"/>
            <TextLine id="tr_1_tl_1" custom="readingOrder {index:0;}">
                <Coords points="6165,360 6195,352 6206,363 6216,352 6221,358 6239,352 6259,335 6282,342 6326,324 6341,327 6341,230 6308,220 6264,225 6249,209 6165,199"/>
                <Baseline points="6179,316 6268,322 6346,316"/>
                <TextEquiv>
                    <Unicode>51</Unicode>
                </TextEquiv>
            </TextLine>
            <TextLine id="tr_1_tl_2" custom="readingOrder {index:1;}">
                <Coords points="4456,521 5695,552 6428,493 6430,363 5427,447 4456,429"/>
                <Baseline points="4471,501 4555,513 4644,513 4734,513 4824,513 4913,507 5003,501 5092,501 5182,495 5271,495 5361,495 5450,495 5540,489 5630,489 5719,489 5809,483 5898,483 5988,477 6077,477 6167,477 6256,471 6346,471 6435,465"/>
                <TextEquiv>
                    <Unicode>Fenz: Erster Stock links, Numero fünf.</Unicode>
                </TextEquiv>
            </TextLine>
            <TextLine id="tr_1_tl_3" custom="readingOrder {index:2;}">
                <Coords points="4474,690 5731,646 5932,695 6134,638 6438,690 6443,516 4477,557"/>
                <Baseline points="4489,662 4567,662 4656,662 4746,662 4835,662 4925,656 5015,656 5104,656 5194,650 5283,644 5373,644 5462,644 5552,644 5641,638 5731,638 5821,638 5910,632 6000,632 6089,626 6179,626 6268,620 6358,620 6447,608"/>
                <TextEquiv>
                    <Unicode>Oh, man kennt seine Freunde. Herr Baron</Unicode>
                </TextEquiv>
            </TextLine>
            <TextLine id="tr_1_tl_4" custom="readingOrder {index:3;}">
                <Coords points="4492,822 4755,868 5483,794 6412,822 6415,667 5069,735 4985,674 4750,682 4492,741"/>
                <Baseline points="4507,817 4537,817 4626,817 4716,817 4806,811 4895,805 4985,805 5074,805 5164,800 5253,800 5343,794 5432,794 5522,794 5612,794 5701,788 5791,788 5880,788 5970,788 6059,782 6149,776 6238,776 6328,770 6418,770"/>
                <TextEquiv>
                    <Unicode>wohnten in früheren Jahren allen Vor-</Unicode>
                </TextEquiv>
            </TextLine>
            <TextLine id="tr_1_tl_5" custom="readingOrder {index:4;}">
                <Coords points="4472,993 4949,968 5049,1022 5593,953 6006,1011 6489,945 6492,838 6027,799 5700,873 5447,817 4474,919"/>
                <Baseline points="4489,973 4525,973 4615,967 4704,967 4794,967 4883,961 4973,961 5062,955 5152,961 5241,955 5331,955 5421,955 5510,949 5600,949 5689,949 5779,943 5868,943 5958,943 6047,943 6137,937 6227,931 6316,925 6406,925 6495,919"/>
                <TextEquiv>
                    <Unicode>stellungen, in denen ich sang, in Ihrer</Unicode>
                </TextEquiv>
            </TextLine>
            <TextLine id="tr_1_tl_6" custom="readingOrder {index:5;}">
                <Coords points="4474,1142 4523,1152 4579,1134 4740,1165 4804,1121 4850,1142 4908,1129 4998,1170 4998,999 4929,991 4878,1019 4773,973 4684,1014 4587,986 4525,1011 4474,993"/>
                <Baseline points="4489,1116 4579,1122 4668,1116 4758,1116 4847,1116 4937,1116 5003,1116"/>
                <TextEquiv>
                    <Unicode>Loge bei.</Unicode>
                </TextEquiv>
            </TextLine>
            <TextLine id="tr_1_tl_7" custom="readingOrder {index:6;}">
                <Coords points="4482,1267 5189,1305 5327,1262 5432,1305 6065,1256 6068,1116 4484,1134"/>
                <Baseline points="4495,1265 4549,1271 4638,1271 4728,1265 4818,1265 4907,1265 4997,1259 5086,1265 5176,1259 5265,1259 5355,1253 5444,1253 5534,1253 5624,1247 5713,1247 5803,1241 5892,1235 5982,1241 6071,1229"/>
                <TextEquiv>
                    <Unicode>Falkenir: Und einigen anderen.</Unicode>
                </TextEquiv>
            </TextLine>
            <TextLine id="tr_1_tl_8" custom="readingOrder {index:7;}">
                <Coords points="4487,1433 6397,1430 6443,1308 5932,1239 5672,1308 5279,1269 4793,1374 4489,1336"/>
                <Baseline points="4501,1414 4567,1414 4656,1420 4746,1420 4835,1420 4925,1414 5015,1414 5104,1408 5194,1408 5283,1408 5373,1408 5462,1408 5552,1403 5641,1397 5731,1397 5821,1391 5910,1385 6000,1385 6089,1385 6179,1385 6268,1385 6358,1379 6447,1373"/>
                <TextEquiv>
                    <Unicode>Fenz: Natürlich, auch anderen die Frau</Unicode>
                </TextEquiv>
            </TextLine>
            <TextLine id="tr_1_tl_9" custom="readingOrder {index:8;}">
                <Coords points="4472,1606 6277,1540 6392,1601 6420,1448 5187,1433 4666,1530 4474,1474"/>
                <Baseline points="4489,1570 4543,1570 4632,1576 4722,1570 4812,1570 4901,1570 4991,1564 5080,1564 5170,1558 5259,1558 5349,1558 5438,1552 5528,1552 5618,1552 5707,1546 5797,1546 5886,1546 5976,1540 6065,1540 6155,1540 6244,1534 6334,1528 6424,1522"/>
                <TextEquiv>
                    <Unicode>Mama. Ich sehe sie noch vor mir. Immer</Unicode>
                </TextEquiv>
            </TextLine>
            <TextLine id="tr_1_tl_10" custom="readingOrder {index:9;}">
                <Coords points="4502,1765 5575,1708 6208,1767 6446,1693 6448,1604 5943,1558 5501,1627 4507,1614"/>
                <Baseline points="4519,1719 4573,1725 4662,1725 4752,1725 4841,1725 4931,1719 5021,1719 5110,1713 5200,1713 5289,1707 5379,1707 5468,1707 5558,1707 5647,1701 5737,1701 5827,1695 5916,1695 6006,1695 6095,1695 6185,1689 6274,1689 6364,1683 6453,1683"/>
                <TextEquiv>
                    <Unicode>in Schwarz, im Haar ein Perlentropfen.</Unicode>
                </TextEquiv>
            </TextLine>
            <TextLine id="tr_1_tl_11" custom="readingOrder {index:10;}">
                <Coords points="4489,1936 6492,1869 6515,1719 5971,1800 5455,1719 4495,1772"/>
                <Baseline points="4507,1880 4549,1880 4638,1880 4728,1874 4818,1868 4907,1862 4997,1868 5086,1868 5176,1868 5265,1862 5355,1862 5444,1856 5534,1856 5624,1856 5713,1850 5803,1850 5892,1850 5982,1844 6071,1844 6161,1838 6250,1838 6340,1838 6430,1832 6519,1826"/>
                <TextEquiv>
                    <Unicode>Balenir; sie haben eingutes Gedächtnis</Unicode>
                </TextEquiv>
            </TextLine>
            <TextLine id="tr_1_tl_12" custom="readingOrder {index:11;}">
                <Coords points="4492,2058 6262,2043 6354,2025 6356,1908 4495,1943"/>
                <Baseline points="4507,2029 4567,2029 4656,2029 4746,2023 4835,2029 4925,2023 5015,2017 5104,2017 5194,2011 5283,2011 5373,2011 5462,2011 5552,2011 5641,2011 5731,2006 5821,2006 5910,2000 6000,2000 6089,1994 6179,1994 6268,1994 6358,1994"/>
                <TextEquiv>
                    <Unicode>Meine Mutter ist zwanzig Jahre lang</Unicode>
                </TextEquiv>
            </TextLine>
            <TextLine id="tr_1_tl_13" custom="readingOrder {index:12;}">
                <Coords points="4502,2229 5337,2173 5427,2217 5582,2168 5958,2201 5960,2071 5756,2025 4507,2058"/>
                <Baseline points="4519,2185 4531,2179 4621,2185 4710,2179 4800,2179 4889,2179 4979,2173 5068,2173 5158,2173 5247,2167 5337,2167 5427,2161 5516,2161 5606,2155 5695,2155 5785,2155 5874,2155 5964,2149"/>
                <TextEquiv>
                    <Unicode>tot. Ich war damals achtzehn.</Unicode>
                </TextEquiv>
            </TextLine>
            <TextLine id="tr_1_tl_14" custom="readingOrder {index:13;}">
                <Coords points="4487,2337 4821,2388 5176,2324 5654,2390 6006,2309 6124,2365 6349,2344 6351,2258 5769,2183 5605,2232 5261,2183 4489,2224"/>
                <Baseline points="4501,2334 4561,2340 4650,2334 4740,2334 4829,2328 4919,2334 5009,2328 5098,2328 5188,2322 5277,2322 5367,2322 5456,2316 5546,2310 5635,2310 5725,2310 5815,2304 5904,2304 5994,2304 6083,2304 6173,2298 6262,2298 6352,2298"/>
                <TextEquiv>
                    <Unicode>Fenz: ist es möglich? Zänzig Jahre.</Unicode>
                </TextEquiv>
            </TextLine>
            <TextLine id="tr_1_tl_15" custom="readingOrder {index:14;}">
                <Coords points="4492,2510 5680,2521 5958,2459 6272,2526 6418,2492 6423,2352 4495,2413"/>
                <Baseline points="4507,2483 4543,2489 4632,2489 4722,2489 4812,2489 4901,2483 4991,2483 5080,2483 5170,2477 5259,2471 5349,2471 5438,2465 5528,2465 5618,2465 5707,2465 5797,2459 5886,2459 5976,2459 6065,2459 6155,2453 6244,2453 6334,2447 6424,2447"/>
                <TextEquiv>
                    <Unicode>Mir ist’s, als hätte ich sie vor drei</Unicode>
                </TextEquiv>
            </TextLine>
            <TextLine id="tr_1_tl_16" custom="readingOrder {index:15;}">
                <Coords points="4492,2671 5823,2618 5958,2697 6405,2618 6474,2671 6515,2498 4497,2505"/>
                <Baseline points="4507,2644 4549,2644 4638,2644 4728,2644 4818,2644 4907,2638 4997,2638 5086,2638 5176,2632 5265,2632 5355,2626 5444,2626 5534,2614 5624,2614 5713,2614 5803,2614 5892,2614 5982,2603 6071,2609 6161,2609 6250,2603 6340,2603 6430,2603 6519,2603"/>
                <TextEquiv>
                    <Unicode>Jahren, nein, gestern noch -  Allerdings</Unicode>
                </TextEquiv>
            </TextLine>
            <TextLine id="tr_1_tl_17" custom="readingOrder {index:16;}">
                <Coords points="4505,2824 6423,2791 6507,2766 6512,2653 4507,2674"/>
                <Baseline points="4519,2800 4543,2800 4632,2800 4722,2794 4812,2794 4901,2788 4991,2788 5080,2788 5170,2788 5259,2782 5349,2782 5438,2776 5528,2776 5618,2776 5707,2770 5797,2764 5886,2764 5976,2764 6065,2758 6155,2758 6244,2752 6334,2752 6424,2752 6513,2746"/>
                <TextEquiv>
                    <Unicode>ich selbst habe längere Zeit die Bühne</Unicode>
                </TextEquiv>
            </TextLine>
            <TextLine id="tr_1_tl_18" custom="readingOrder {index:17;}">
                <Coords points="4505,2962 6144,2970 6331,2932 6333,2850 5743,2776 5085,2873 4952,2801 4507,2840"/>
                <Baseline points="4519,2955 4549,2955 4638,2949 4728,2949 4818,2943 4907,2943 4997,2943 5086,2937 5176,2937 5265,2931 5355,2931 5444,2931 5534,2931 5624,2925 5713,2925 5803,2919 5892,2919 5982,2919 6071,2913 6161,2913 6250,2907 6340,2901"/>
                <TextEquiv>
                    <Unicode>nicht mehr betreten. Man nennt das</Unicode>
                </TextEquiv>
            </TextLine>
            <TextLine id="tr_1_tl_19" custom="readingOrder {index:18;}">
                <Coords points="4500,3133 5794,3110 5828,2965 5205,2947 5031,2993 4924,2950 4502,3011"/>
                <Baseline points="4513,3104 4579,3110 4668,3104 4758,3098 4847,3098 4937,3098 5027,3092 5116,3092 5206,3086 5295,3086 5385,3086 5474,3080 5564,3080 5653,3080 5743,3080 5832,3074"/>
                <TextEquiv>
                    <Unicode>Ehrenmitglied,Herr Baron,</Unicode>
                </TextEquiv>
            </TextLine>
            <TextLine id="tr_1_tl_20" custom="readingOrder {index:19;}">
                <Coords points="4500,3276 6290,3274 6545,3233 6548,3131 4502,3133"/>
                <Baseline points="4513,3253 4585,3259 4674,3253 4764,3253 4853,3253 4943,3247 5032,3247 5122,3247 5212,3241 5301,3241 5391,3235 5480,3229 5570,3229 5659,3229 5749,3229 5838,3223 5928,3223 6018,3223 6107,3217 6197,3217 6286,3212 6376,3212 6465,3206 6555,3200"/>
                <TextEquiv>
                    <Unicode>Falkenir: Ich denke noch ihres Don Jum</Unicode>
                </TextEquiv>
            </TextLine>
            <TextLine id="tr_1_tl_21" custom="readingOrder {index:20;}">
                <Coords points="4497,3465 5897,3386 6257,3448 6517,3384 6520,3315 5761,3251 4627,3325 4502,3279"/>
                <Baseline points="4513,3415 4555,3409 4644,3409 4734,3409 4824,3403 4913,3403 5003,3403 5092,3397 5182,3397 5271,3397 5361,3385 5450,3391 5540,3385 5630,3379 5719,3379 5809,3379 5898,3373 5988,3373 6077,3373 6167,3367 6256,3367 6346,3367 6435,3367 6525,3361"/>
                <TextEquiv>
                    <Unicode>Fenz: Sprechen sie nicht davon. Ich ha-</Unicode>
                </TextEquiv>
            </TextLine>
            <TextLine id="tr_1_tl_22" custom="readingOrder {index:21;}">
                <Coords points="4518,3591 5881,3532 6397,3578 6548,3542 6550,3455 5138,3412 4663,3529 4520,3458"/>
                <Baseline points="4531,3570 4585,3570 4674,3564 4764,3564 4853,3564 4943,3552 5032,3552 5122,3552 5212,3552 5301,3546 5391,3546 5480,3540 5570,3540 5659,3540 5749,3534 5838,3534 5928,3528 6018,3528 6107,3522 6197,3522 6286,3522 6376,3522 6465,3522 6555,3522"/>
                <TextEquiv>
                    <Unicode>be ihn geträllert, gesungen meinetwegen,</Unicode>
                </TextEquiv>
            </TextLine>
            <TextLine id="tr_1_tl_23" custom="readingOrder {index:22;}">
                <Coords points="4500,3739 4857,3782 5718,3683 6282,3751 6318,3629 6126,3542 5904,3603 5797,3550 5360,3565 5067,3639 4865,3573 4505,3580"/>
                <Baseline points="4513,3713 4531,3713 4621,3713 4710,3713 4800,3707 4889,3707 4979,3707 5068,3701 5158,3695 5247,3689 5337,3689 5427,3689 5516,3683 5606,3683 5695,3683 5785,3683 5874,3677 5964,3677 6053,3677 6143,3671 6233,3671 6322,3665"/>
                <TextEquiv>
                    <Unicode>auch gespielt vielleicht, aber</Unicode>
                </TextEquiv>
            </TextLine>
        </TextRegion>
    </Page>
</PcGts>
