6776 4408
6004 266 6228 449 109
4345 415 6289 662 selbst gesagt, den Versuch ist es doch
4353 581 6189 857 wert.Willst du sie ohne jeden Kampf
1414 657 1636 811 G.H.F.F:F:D:H:F.H:D'H:H.D'F:H4D
4355 801 5320 979 Andern überlassen?
4379 906 5628 1170 Westerhaus: Ruf sie mir.
4392 1207 6231 1461 Oder er ist entschlossen mit ihr zu
4375 1409 4834 1573 fliehen.
850 1426 1060 1607 G.H.F.P.
4399 1492 6245 1693 Oder er gelt und will an Julie erst
4404 1663 6275 1871 nach seinem zurückkommen aus dem Bu-
4404 1798 6348 2018 reau die Frage stellen. Er geht,um zu
4423 1954 6216 2164 ordnen. Uebersicht zu schaffen. Dann
4428 2088 6397 2320 fiele di o nächste Scene mit Julia fort
4433 2252 6275 2491 Und Julie käme herein,frägt Judith:
4450 2440 5022 2628 wo ist er?
4448 2530 6402 2794 Ueberdies bittet ihn Judith vielleicht
4470 2733 5728 2933 etwas für Max zu retten.
4580 2755 6084 3004 Ich kommt mit solche Bagestelle nicht abge¬
4462 2968 5415 3207 nicht die hiezu
