6808 4376
4220 530 6152 747 Falkenir: Dich verschmähen? Nein, ich
4256 716 6275 927 bin dein und wie du früher sagtest, dei-
4259 906 4792 1027 ne Heimat.
4267 991 5827 1231 Aurelie: Und so ist alles gut.
4254 1166 6144 1380 Falkenir: Doch kann ich sie dir erst
3687 1259 4110 1452 Tout est
4267 1295 6190 1491 wirklich sein, wenn du auch weisst,mes
3767 1398 4135 1589 Freunde.
4282 1437 6157 1656 Fremde ist.)ch darf dich um die Welt
3816 1558 4061 1681 ) -
4277 1622 6185 1764 nicht (ganz) betrügen. Die Fremde, Kind,
3826 1643 4195 1808 en Nair.
4269 1766 6247 1952 dann erst ist Heimat schön. Dann Heimt
4285 1972 4558 2117 orst.
4277 2011 6273 2220 Aurelie: Ich habe keine Sehnsucht, mich
4290 2248 5606 2372 schaudert vor der Fremde.
4329 2325 6152 2583 Falkonir: Glaubst du das wirklich?
4300 2459 6224 2673 Klingt das Wort nicht süsser als du's
4290 2606 6329 2814 hören magst? Fremde - - Zauber - - Wun-
4303 2794 6368 2990 der - - Welt - -  Männlichkeit - verathst
4313 2943 5559 3157 verstehet du ihren Ruf?)
4287 3069 6064 3345 Aurelie: Du schickst mich hinaus?
4295 3301 6365 3435 Falkenir: Ich gebe dir die Freiheit wie-
4313 3391 6301 3631 der,auf die du allzu früh Verzicht ge-
4318 3644 4560 3855 tan.
