<?xml version="1.0" encoding="UTF-8" standalone="yes"?>
<PcGts xmlns="http://schema.primaresearch.org/PAGE/gts/pagecontent/2013-07-15" xmlns:xsi="http://www.w3.org/2001/XMLSchema-instance" xsi:schemaLocation="http://schema.primaresearch.org/PAGE/gts/pagecontent/2013-07-15 http://schema.primaresearch.org/PAGE/gts/pagecontent/2013-07-15/pagecontent.xsd">
    <Metadata>
        <Creator>prov=READ-COOP:name=TrHtr:version=2.1.0:model_id=51170:date=30_07_2023_00:24</Creator>
        <Created>2023-05-10T13:15:01.646+02:00</Created>
        <LastChange>2023-07-30T00:24:53.330+02:00</LastChange>
        <TranskribusMetadata docId="1428571" pageId="55410021" pageNr="13" tsid="131471665" status="IN_PROGRESS" userId="64420" imgUrl="https://files.transkribus.eu/Get?id=PAMPJMWSEJDCKLFHVFQQMNIN&amp;fileType=view" xmlUrl="https://files.transkribus.eu/Get?id=MNHMJAELNETXRBFUWWJFYUBV" imageId="44684164"/>
    </Metadata>
    <Page imageFilename="1428571_0013.jpg" imageWidth="6904" imageHeight="4200">
        <ReadingOrder>
            <OrderedGroup id="ro_1711792649944" caption="Regions reading order">
                <RegionRefIndexed index="0" regionRef="tr_2"/>
                <RegionRefIndexed index="1" regionRef="tr_1"/>
            </OrderedGroup>
        </ReadingOrder>
        <TextRegion id="tr_2" custom="readingOrder {index:0;}">
            <Coords points="465,522 3245,522 3245,3959 465,3959"/>
            <TextLine id="tr_2_tl_1" custom="readingOrder {index:0;}">
                <Coords points="605,764 1389,748 2013,611 2462,673 2826,598 2830,468 2075,540 615,472"/>
                <Baseline points="626,626 686,632 775,638 865,644 954,644 1044,644 1133,638 1223,638 1312,638 1401,638 1491,638 1580,632 1670,626 1759,620 1849,620 1938,614 2028,608 2117,602 2207,596 2296,590 2386,590 2475,584 2565,578 2654,572 2744,572 2833,578"/>
                <TextEquiv>
                    <Unicode>Fall Iil hoff Sincins &amp;c.d and</Unicode>
                </TextEquiv>
            </TextLine>
            <TextLine id="tr_2_tl_2" custom="readingOrder {index:1;}">
                <Coords points="732,917 1659,924 1818,849 1965,907 2153,810 2394,911 2407,706 2166,631 1685,816 1044,719 738,810"/>
                <Baseline points="751,894 799,882 888,876 978,876 1067,876 1157,865 1246,865 1336,859 1425,853 1515,847 1604,841 1694,841 1783,835 1873,829 1962,823 2052,811 2141,805 2231,799 2320,799 2410,793"/>
                <TextEquiv>
                    <Unicode>allzeit. mein Brins</Unicode>
                </TextEquiv>
            </TextLine>
            <TextLine id="tr_2_tl_3" custom="readingOrder {index:2;}">
                <Coords points="1099,1161 1509,1034 1717,1077 1997,1005 2573,1015 2579,898 2407,927 2124,816 1965,907 1802,859 1525,966 1220,914 1106,979"/>
                <Baseline points="1121,1055 1151,1050 1240,1038 1330,1032 1419,1032 1509,1026 1598,1026 1688,1026 1777,1020 1867,1014 1956,1002 2046,1002 2135,996 2225,990 2314,990 2404,990 2493,996 2583,984"/>
                <TextEquiv>
                    <Unicode>Pogand H. odedrut</Unicode>
                </TextEquiv>
            </TextLine>
            <TextLine id="tr_2_tl_4" custom="readingOrder {index:3;}">
                <Coords points="709,1278 911,1255 1002,1301 1155,1246 1259,1294 1460,1236 1646,1343 2134,1252 2208,1171 1955,1090 1727,1080 1643,1132 1477,1083 1262,1106 1086,1210 829,1083 712,1119"/>
                <Baseline points="727,1234 781,1234 871,1228 960,1240 1050,1240 1139,1240 1228,1240 1318,1228 1407,1228 1497,1223 1586,1223 1676,1223 1765,1223 1855,1223 1944,1217 2034,1217 2123,1211 2213,1217"/>
                <TextEquiv>
                    <Unicode>nen Hübriefe.....</Unicode>
                </TextEquiv>
            </TextLine>
            <TextLine id="tr_2_tl_5" custom="readingOrder {index:4;}">
                <Coords points="631,1441 803,1477 1236,1473 1499,1405 1711,1441 1997,1386 2000,1327 1916,1340 1857,1288 1639,1343 1473,1249 1350,1330 1015,1288 849,1327 742,1278 637,1311"/>
                <Baseline points="650,1425 662,1425 751,1431 841,1437 930,1437 1020,1437 1109,1431 1199,1425 1288,1419 1378,1413 1467,1407 1557,1396 1646,1390 1736,1390 1825,1384 1915,1378 2004,1378"/>
                <TextEquiv>
                    <Unicode>Er lel de Tuin.</Unicode>
                </TextEquiv>
            </TextLine>
            <TextLine id="tr_2_tl_6" custom="readingOrder {index:5;}">
                <Coords points="446,1649 1210,1616 1343,1685 2199,1558 2820,1630 2862,1490 2039,1399 1298,1535 1135,1483 917,1584 566,1493 452,1561"/>
                <Baseline points="465,1646 536,1640 626,1634 715,1640 805,1640 894,1640 984,1628 1073,1628 1163,1616 1252,1610 1342,1598 1431,1592 1521,1586 1610,1580 1700,1575 1789,1575 1879,1569 1968,1569 2058,1563 2147,1557 2237,1557 2326,1551 2416,1545 2505,1545 2595,1545 2684,1539 2774,1539 2863,1545"/>
                <TextEquiv>
                    <Unicode>Aest. Est. jetzt. bekom Buvel ab me.</Unicode>
                </TextEquiv>
            </TextLine>
            <TextLine id="tr_2_tl_7" custom="readingOrder {index:6;}">
                <Coords points="582,1873 654,1893 693,1867 794,1880 823,1851 1106,1841 1109,1786 914,1825 849,1782 810,1799 748,1740 611,1825 589,1821"/>
                <Baseline points="602,1873 668,1861 757,1855 847,1855 936,1849 1026,1837 1115,1825"/>
                <TextEquiv>
                    <Unicode>de c</Unicode>
                </TextEquiv>
            </TextLine>
            <TextLine id="tr_2_tl_8" custom="readingOrder {index:7;}">
                <Coords points="1308,2033 1682,2078 1971,2004 2072,2049 2654,1961 2878,2000 2908,1857 2635,1841 2488,1763 2306,1877 2189,1815 1883,1909 1669,1818 1314,1870"/>
                <Baseline points="1324,2016 1384,2010 1473,2010 1563,2004 1652,2004 1742,1998 1831,1992 1921,1986 2010,1980 2100,1980 2189,1974 2278,1968 2368,1962 2457,1956 2547,1950 2636,1950 2726,1950 2815,1956 2905,1974"/>
                <TextEquiv>
                    <Unicode>Eilebe d Fm Cuchir</Unicode>
                </TextEquiv>
            </TextLine>
            <TextLine id="tr_2_tl_9" custom="readingOrder {index:8;}">
                <Coords points="628,2043 670,2062 820,2046 894,2098 953,2046 999,2062 999,1929 959,1925 943,1942 894,1942 859,1961 807,1912 758,1906 680,1981 628,1997"/>
                <Baseline points="644,2040 733,2040 823,2040 912,2040 1002,2046 1008,2046"/>
                <TextEquiv>
                    <Unicode>Ral</Unicode>
                </TextEquiv>
            </TextLine>
            <TextLine id="tr_2_tl_10" custom="readingOrder {index:9;}">
                <Coords points="631,2309 2293,2254 2394,2231 2400,2101 1925,2160 1659,2095 1493,2166 1360,2101 1174,2205 849,2241 742,2153 637,2205"/>
                <Baseline points="650,2308 703,2302 793,2296 882,2296 972,2290 1061,2284 1151,2278 1240,2261 1330,2255 1419,2255 1509,2249 1598,2249 1688,2243 1777,2237 1867,2231 1956,2225 2046,2219 2135,2213 2225,2207 2314,2207 2404,2195"/>
                <TextEquiv>
                    <Unicode>Pindre.    t-il sie</Unicode>
                </TextEquiv>
            </TextLine>
            <TextLine id="tr_2_tl_11" custom="readingOrder {index:10;}">
                <Coords points="1246,2423 1538,2482 1636,2426 1691,2475 2033,2420 2156,2469 2524,2459 2641,2417 2644,2332 2407,2319 2280,2254 2056,2264 1929,2352 1636,2283 1516,2342 1249,2322"/>
                <Baseline points="1264,2422 1306,2422 1396,2422 1485,2416 1575,2416 1664,2410 1753,2410 1843,2404 1932,2404 2022,2392 2111,2392 2201,2386 2290,2386 2380,2386 2469,2380 2559,2380 2648,2386"/>
                <TextEquiv>
                    <Unicode>Sie lädel Ambr.</Unicode>
                </TextEquiv>
            </TextLine>
            <TextLine id="tr_2_tl_12" custom="readingOrder {index:11;}">
                <Coords points="589,2511 771,2511 787,2491 813,2508 846,2498 894,2534 933,2534 930,2319 898,2335 881,2319 859,2335 826,2319 722,2335 660,2368 608,2423 585,2423"/>
                <Baseline points="608,2493 698,2499 787,2493 876,2499 942,2505"/>
                <TextEquiv>
                    <Unicode>And</Unicode>
                </TextEquiv>
            </TextLine>
            <TextLine id="tr_2_tl_13" custom="readingOrder {index:12;}">
                <Coords points="1216,2693 1906,2716 2469,2605 2865,2670 2976,2618 3090,2687 3233,2667 3239,2556 3057,2465 2914,2534 2609,2433 2247,2537 1223,2540"/>
                <Baseline points="1234,2690 1276,2690 1366,2690 1455,2690 1545,2684 1634,2678 1724,2672 1813,2666 1903,2660 1992,2648 2082,2636 2171,2630 2261,2625 2350,2613 2440,2607 2529,2601 2619,2601 2708,2595 2798,2595 2887,2595 2976,2595 3066,2607 3155,2613 3245,2630"/>
                <TextEquiv>
                    <Unicode>Wen de Volk en Hertzelne</Unicode>
                </TextEquiv>
            </TextLine>
            <TextLine id="tr_2_tl_14" custom="readingOrder {index:13;}">
                <Coords points="637,2706 680,2722 729,2703 790,2726 907,2716 972,2761 1031,2726 1073,2745 1132,2726 1132,2693 1077,2687 966,2612 904,2654 865,2657 800,2592 748,2592 664,2674 637,2674"/>
                <Baseline points="656,2702 745,2702 835,2708 924,2708 1014,2708 1103,2720 1139,2726"/>
                <TextEquiv>
                    <Unicode>Ruhn.</Unicode>
                </TextEquiv>
            </TextLine>
            <TextLine id="tr_2_tl_15" custom="readingOrder {index:14;}">
                <Coords points="621,3015 1099,3087 2072,2947 2482,3005 2931,2953 2940,2771 1252,2823 930,2908 761,2849 624,2921"/>
                <Baseline points="638,3006 703,2994 793,2994 882,2994 972,2994 1061,2988 1151,2988 1240,2982 1330,2982 1419,2976 1509,2971 1598,2965 1688,2959 1777,2953 1867,2947 1956,2947 2046,2941 2135,2935 2225,2929 2314,2923 2404,2911 2493,2911 2583,2905 2672,2905 2762,2905 2851,2905 2941,2911"/>
                <TextEquiv>
                    <Unicode>late left; in colltice int eyenlle</Unicode>
                </TextEquiv>
            </TextLine>
            <TextLine id="tr_2_tl_16" custom="readingOrder {index:15;}">
                <Coords points="764,3223 1626,3266 1821,3161 2508,3168 2511,3093 2313,3116 2004,3022 1802,3113 1516,3057 1421,3119 1265,3054 1005,3184 907,3119 768,3145"/>
                <Baseline points="781,3221 811,3215 900,3209 990,3209 1079,3209 1169,3203 1258,3203 1348,3197 1437,3191 1527,3179 1616,3173 1706,3167 1795,3161 1885,3161 1974,3155 2064,3150 2153,3144 2243,3144 2332,3144 2422,3144 2511,3144"/>
                <TextEquiv>
                    <Unicode>in allen Lage: Nieen.</Unicode>
                </TextEquiv>
            </TextLine>
            <TextLine id="tr_2_tl_17" custom="readingOrder {index:16;}">
                <Coords points="686,3506 1480,3405 2082,3474 2342,3366 3041,3428 3155,3376 3165,3210 2010,3239 1581,3340 1272,3259 1002,3392 696,3259"/>
                <Baseline points="709,3448 751,3454 841,3442 930,3442 1020,3442 1109,3442 1199,3430 1288,3412 1378,3406 1467,3406 1557,3406 1646,3400 1736,3394 1825,3388 1915,3388 2004,3382 2094,3376 2183,3376 2273,3370 2362,3364 2451,3364 2541,3364 2630,3358 2720,3358 2809,3346 2899,3346 2988,3346 3078,3340 3167,3352"/>
                <TextEquiv>
                    <Unicode>Ain: Ceint in Hofste hatt; n eme</Unicode>
                </TextEquiv>
            </TextLine>
            <TextLine id="tr_2_tl_18" custom="readingOrder {index:17;}">
                <Coords points="1051,3659 1395,3724 1877,3604 2221,3692 2787,3552 3184,3623 3194,3441 2335,3399 1669,3555 1278,3451 1060,3509"/>
                <Baseline points="1073,3645 1139,3639 1228,3633 1318,3627 1407,3621 1497,3627 1586,3621 1676,3621 1765,3609 1855,3603 1944,3597 2034,3591 2123,3585 2213,3585 2302,3579 2392,3567 2481,3561 2571,3561 2660,3555 2750,3549 2839,3549 2929,3549 3018,3549 3108,3549 3197,3549"/>
                <TextEquiv>
                    <Unicode>it he will be in the</Unicode>
                </TextEquiv>
            </TextLine>
            <TextLine id="tr_2_tl_19" custom="readingOrder {index:18;}">
                <Coords points="1073,3831 1548,3874 2065,3763 2482,3786 2488,3708 2303,3724 2156,3646 1981,3688 1903,3633 1760,3731 1646,3708 1577,3753 1268,3695 1080,3721"/>
                <Baseline points="1091,3818 1151,3812 1240,3812 1330,3812 1419,3812 1509,3812 1598,3812 1688,3806 1777,3794 1867,3782 1956,3770 2046,3764 2135,3758 2225,3758 2314,3752 2404,3752 2493,3746"/>
                <TextEquiv>
                    <Unicode>ercem. Amlors.</Unicode>
                </TextEquiv>
            </TextLine>
            <TextLine id="tr_2_tl_20" custom="readingOrder {index:19;}">
                <Coords points="816,4010 2365,3952 2891,3848 3200,3906 3230,3724 2553,3721 1795,3870 829,3783"/>
                <Baseline points="841,3937 906,3937 996,3937 1085,3949 1175,3949 1264,3943 1354,3949 1443,3949 1533,3943 1622,3931 1712,3925 1801,3919 1891,3907 1980,3901 2070,3895 2159,3895 2249,3895 2338,3895 2428,3889 2517,3883 2607,3877 2696,3865 2786,3859 2875,3842 2965,3836 3054,3830 3144,3830 3233,3830"/>
                <TextEquiv>
                    <Unicode>Amts. Sie nie ja in Kreis zu witz. Anbei!</Unicode>
                </TextEquiv>
            </TextLine>
        </TextRegion>
        <TextRegion id="tr_1" custom="readingOrder {index:1;}">
            <Coords points="3830,284 6622,284 6622,3893 3830,3893"/>
            <TextLine id="tr_1_tl_1" custom="readingOrder {index:0;}">
                <Coords points="6440,371 6469,377 6479,368 6534,364 6547,377 6567,361 6590,377 6609,374 6629,130 6599,140 6580,124 6554,143 6541,137 6521,150 6498,133 6456,130"/>
                <Baseline points="6461,346 6532,340 6622,334"/>
                <TextEquiv>
                    <Unicode>11</Unicode>
                </TextEquiv>
            </TextLine>
            <TextLine id="tr_1_tl_2" custom="readingOrder {index:1;}">
                <Coords points="3864,498 4937,504 4931,312 4804,309 4622,407 4456,381 4345,423 4049,329 3857,338"/>
                <Baseline points="3877,465 3967,465 4056,465 4146,465 4235,471 4325,477 4414,477 4504,483 4593,489 4683,489 4772,489 4862,495 4945,489"/>
                <TextEquiv>
                    <Unicode>Sie machen in den...</Unicode>
                </TextEquiv>
            </TextLine>
            <TextLine id="tr_1_tl_3" custom="readingOrder {index:2;}">
                <Coords points="3913,621 3997,650 4101,611 4248,683 4303,641 4436,654 4537,709 4973,654 5171,693 5162,530 5041,585 4840,553 4531,621 4358,556 4134,566 4001,485 3910,540"/>
                <Baseline points="3931,590 4021,596 4110,602 4200,614 4289,620 4378,626 4468,638 4557,638 4647,638 4736,638 4826,644 4915,650 5005,650 5094,662 5178,662"/>
                <TextEquiv>
                    <Unicode>S is médée to doit</Unicode>
                </TextEquiv>
            </TextLine>
            <TextLine id="tr_1_tl_4" custom="readingOrder {index:3;}">
                <Coords points="3815,820 4505,849 4554,803 4690,907 4915,852 5484,901 5474,703 5165,777 4872,664 4547,722 4453,654 4098,690 3805,637"/>
                <Baseline points="3830,751 3919,751 4009,763 4098,769 4188,769 4277,781 4367,781 4456,793 4546,793 4635,793 4725,799 4814,799 4903,805 4993,817 5082,817 5172,823 5261,829 5351,835 5440,835 5488,841"/>
                <TextEquiv>
                    <Unicode>Sr. Präs. hs überkeits</Unicode>
                </TextEquiv>
            </TextLine>
            <TextLine id="tr_1_tl_5" custom="readingOrder {index:4;}">
                <Coords points="3887,1018 4762,972 5741,1103 5965,1015 6492,1083 6485,904 6365,868 5585,979 5357,891 4540,920 3880,823"/>
                <Baseline points="3901,936 3991,942 4080,948 4170,954 4259,960 4349,960 4438,960 4528,966 4617,972 4707,972 4796,972 4886,972 4975,978 5065,990 5154,996 5244,1008 5333,1014 5423,1020 5512,1026 5601,1020 5691,1020 5780,1014 5870,1014 5959,1014 6049,1020 6138,1032 6228,1038 6317,1044 6407,1050 6496,1061 6502,1055"/>
                <TextEquiv>
                    <Unicode>Auf Ein Wort, W Ehelnau.... Set Ourelud.</Unicode>
                </TextEquiv>
            </TextLine>
            <TextLine id="tr_1_tl_6" custom="readingOrder {index:5;}">
                <Coords points="3971,1164 4983,1194 5158,1288 6176,1249 6173,1155 5676,1064 5581,1116 5025,1031 4843,1116 3962,982"/>
                <Baseline points="3985,1139 4074,1145 4164,1151 4253,1157 4343,1163 4432,1169 4522,1175 4611,1181 4701,1175 4790,1175 4880,1181 4969,1181 5059,1193 5148,1205 5238,1205 5327,1211 5417,1211 5506,1217 5596,1211 5685,1211 5775,1211 5864,1211 5953,1223 6043,1228 6132,1240 6186,1252"/>
                <TextEquiv>
                    <Unicode>Tout Cille trit figer niet h noch</Unicode>
                </TextEquiv>
            </TextLine>
            <TextLine id="tr_1_tl_7" custom="readingOrder {index:6;}">
                <Coords points="4043,1402 6307,1467 5894,1281 5110,1298 4937,1220 4635,1304 4036,1216"/>
                <Baseline points="4062,1348 4152,1348 4241,1354 4331,1360 4420,1366 4510,1372 4599,1378 4689,1384 4778,1384 4868,1378 4957,1378 5047,1384 5136,1390 5226,1396 5315,1407 5405,1413 5494,1413 5584,1419 5673,1419 5763,1419 5852,1425 5942,1425 6031,1431 6121,1437 6210,1449 6300,1461 6311,1461"/>
                <TextEquiv>
                    <Unicode>Aurili. Seul der chez beim</Unicode>
                </TextEquiv>
            </TextLine>
            <TextLine id="tr_1_tl_8" custom="readingOrder {index:7;}">
                <Coords points="3958,1571 4973,1685 5474,1620 6209,1682 6199,1506 5952,1477 5702,1525 5500,1454 5220,1535 5028,1434 4661,1525 4150,1421 3952,1464"/>
                <Baseline points="3973,1515 4062,1515 4152,1521 4241,1527 4331,1539 4420,1545 4510,1551 4599,1563 4689,1569 4778,1569 4868,1575 4957,1580 5047,1586 5136,1598 5226,1610 5315,1616 5405,1616 5494,1622 5584,1616 5673,1622 5763,1628 5852,1628 5942,1628 6031,1634 6121,1640 6210,1652"/>
                <TextEquiv>
                    <Unicode>tal it in uit keien Cui pct:</Unicode>
                </TextEquiv>
            </TextLine>
            <TextLine id="tr_1_tl_9" custom="readingOrder {index:8;}">
                <Coords points="4082,1769 5032,1795 5467,1912 6219,1893 6206,1743 5920,1688 5526,1747 5132,1643 4872,1721 4069,1597"/>
                <Baseline points="4092,1706 4182,1706 4271,1718 4361,1730 4450,1742 4540,1748 4629,1759 4719,1759 4808,1771 4898,1777 4987,1777 5076,1789 5166,1795 5255,1801 5345,1807 5434,1813 5524,1819 5613,1831 5703,1837 5792,1837 5882,1843 5971,1855 6061,1861 6150,1867 6228,1885"/>
                <TextEquiv>
                    <Unicode>Soll ut de eu Raill geben? - Tuhl</Unicode>
                </TextEquiv>
            </TextLine>
            <TextLine id="tr_1_tl_10" custom="readingOrder {index:9;}">
                <Coords points="3968,1971 4706,1955 6551,2153 6534,1948 5611,1974 4807,1831 4583,1912 3955,1818"/>
                <Baseline points="3979,1915 4068,1903 4158,1915 4247,1921 4337,1926 4426,1932 4516,1932 4605,1938 4695,1944 4784,1956 4874,1962 4963,1974 5053,1986 5142,1992 5232,2004 5321,2010 5411,2022 5500,2028 5590,2034 5679,2040 5769,2046 5858,2052 5948,2058 6037,2070 6126,2076 6216,2076 6305,2082 6395,2094 6484,2111 6556,2117"/>
                <TextEquiv>
                    <Unicode>tirale in hiebeviten: und wol nicht.</Unicode>
                </TextEquiv>
            </TextLine>
            <TextLine id="tr_1_tl_11" custom="readingOrder {index:10;}">
                <Coords points="4518,2052 4615,2108 4687,2088 4814,2127 4902,2108 4996,2134 5100,2095 5217,2108 5211,2036 5152,2052 5061,2007 4924,1984 4882,2026 4807,2026 4710,1955 4661,1981 4576,1948 4511,1974"/>
                <Baseline points="4534,2034 4623,2040 4713,2052 4802,2058 4892,2070 4981,2082 5071,2082 5160,2088 5226,2100"/>
                <TextEquiv>
                    <Unicode>Antin. Liebe “</Unicode>
                </TextEquiv>
            </TextLine>
            <TextLine id="tr_1_tl_12" custom="readingOrder {index:11;}">
                <Coords points="4056,2199 4849,2290 4963,2221 5441,2371 6193,2368 6173,2140 5962,2199 5780,2101 5594,2182 5097,2098 5015,2153 4183,1961 4040,2010"/>
                <Baseline points="4068,2111 4158,2111 4247,2123 4337,2135 4426,2147 4516,2159 4605,2165 4695,2177 4784,2189 4874,2201 4963,2207 5053,2225 5142,2231 5232,2237 5321,2243 5411,2249 5500,2249 5590,2255 5679,2261 5769,2261 5858,2267 5948,2267 6037,2278 6126,2278 6192,2284"/>
                <TextEquiv>
                    <Unicode>Ich glaub die zalle dein Lichschaft</Unicode>
                </TextEquiv>
            </TextLine>
            <TextLine id="tr_1_tl_13" custom="readingOrder {index:12;}">
                <Coords points="3952,2384 4703,2397 5256,2553 5936,2524 5923,2368 5799,2326 5477,2426 5263,2345 4970,2384 4645,2234 3942,2257"/>
                <Baseline points="3967,2344 4056,2338 4146,2344 4235,2344 4325,2356 4414,2368 4504,2368 4593,2368 4683,2380 4772,2392 4862,2404 4951,2416 5041,2428 5130,2434 5220,2446 5309,2451 5399,2457 5488,2463 5578,2469 5667,2469 5757,2475 5846,2481 5936,2487 5942,2487"/>
                <TextEquiv>
                    <Unicode>will. Alle un peu depuis</Unicode>
                </TextEquiv>
            </TextLine>
            <TextLine id="tr_1_tl_14" custom="readingOrder {index:13;}">
                <Coords points="3968,2595 5334,2664 5702,2797 6115,2771 6102,2556 5533,2589 5367,2501 4872,2582 4137,2394 3958,2423"/>
                <Baseline points="3985,2559 4074,2559 4164,2571 4253,2577 4343,2583 4432,2589 4522,2595 4611,2601 4701,2607 4790,2619 4880,2625 4969,2636 5059,2642 5148,2642 5238,2648 5327,2648 5417,2654 5506,2660 5596,2666 5685,2666 5775,2672 5864,2672 5953,2672 6043,2678 6115,2684"/>
                <TextEquiv>
                    <Unicode>Ahe, sich mit zu lange hie an</Unicode>
                </TextEquiv>
            </TextLine>
            <TextLine id="tr_1_tl_15" custom="readingOrder {index:14;}">
                <Coords points="4001,2820 6167,2901 6124,2752 5695,2797 5246,2690 5045,2774 4173,2605 3991,2654"/>
                <Baseline points="4015,2756 4104,2756 4194,2774 4283,2780 4373,2792 4462,2798 4551,2803 4641,2809 4730,2809 4820,2821 4909,2821 4999,2821 5088,2821 5178,2827 5267,2821 5357,2827 5446,2827 5536,2827 5625,2839 5715,2845 5804,2845 5894,2851 5983,2857 6073,2863 6162,2869 6174,2869"/>
                <TextEquiv>
                    <Unicode>The de Amelie Re may not</Unicode>
                </TextEquiv>
            </TextLine>
            <TextLine id="tr_1_tl_16" custom="readingOrder {index:15;}">
                <Coords points="4007,3012 4209,3080 4310,3028 4784,3044 4921,3142 5360,3041 5474,3113 5793,3048 5789,2924 5552,2875 5367,2924 4625,2823 4300,2898 4001,2859"/>
                <Baseline points="4021,2982 4110,2982 4200,2988 4289,3000 4378,3006 4468,3012 4557,3012 4647,3012 4736,3018 4826,3018 4915,3012 5005,3012 5094,3018 5184,3012 5273,3012 5363,3018 5452,3024 5542,3030 5631,3036 5721,3048 5798,3048"/>
                <TextEquiv>
                    <Unicode>mei -. (Acts Kbi I.)</Unicode>
                </TextEquiv>
            </TextLine>
            <TextLine id="tr_1_tl_17" custom="readingOrder {index:16;}">
                <Coords points="4001,3308 5178,3252 6066,3347 6059,3174 5503,3197 5158,3077 4856,3171 4554,3083 4394,3178 4189,3064 3994,3109"/>
                <Baseline points="4015,3209 4104,3209 4194,3215 4283,3227 4373,3233 4462,3233 4551,3239 4641,3245 4730,3245 4820,3245 4909,3245 4999,3239 5088,3239 5178,3245 5267,3245 5357,3251 5446,3257 5536,3263 5625,3269 5715,3281 5804,3287 5894,3299 5983,3311 6073,3317"/>
                <TextEquiv>
                    <Unicode>Twint. Roglach ist sie im Kloster.</Unicode>
                </TextEquiv>
            </TextLine>
            <TextLine id="tr_1_tl_18" custom="readingOrder {index:17;}">
                <Coords points="4606,3399 5383,3366 5705,3457 5972,3415 6472,3487 6463,3350 6059,3386 5640,3279 5168,3256 4986,3314 4843,3262 4602,3331"/>
                <Baseline points="4623,3376 4713,3370 4802,3358 4892,3358 4981,3352 5071,3352 5160,3352 5250,3358 5339,3364 5428,3370 5518,3376 5607,3382 5697,3388 5786,3400 5876,3400 5965,3412 6055,3418 6144,3424 6234,3442 6323,3460 6413,3466 6478,3472"/>
                <TextEquiv>
                    <Unicode>is kind out a ander pomre.</Unicode>
                </TextEquiv>
            </TextLine>
            <TextLine id="tr_1_tl_19" custom="readingOrder {index:18;}">
                <Coords points="4030,3597 4245,3496 6456,3623 6450,3477 5998,3415 4456,3444 4020,3321"/>
                <Baseline points="4044,3478 4134,3472 4223,3478 4313,3478 4402,3490 4492,3490 4581,3496 4671,3501 4760,3501 4850,3507 4939,3507 5029,3507 5118,3507 5208,3513 5297,3519 5387,3519 5476,3525 5566,3531 5655,3537 5745,3537 5834,3543 5924,3543 6013,3549 6103,3555 6192,3561 6282,3573 6371,3585 6461,3603"/>
                <TextEquiv>
                    <Unicode>O Mr. ne.. gilt die... wit em</Unicode>
                </TextEquiv>
            </TextLine>
            <TextLine id="tr_1_tl_20" custom="readingOrder {index:19;}">
                <Coords points="4066,3734 5464,3711 6128,3818 6121,3685 5763,3581 4550,3643 4056,3552"/>
                <Baseline points="4080,3651 4170,3663 4259,3663 4349,3675 4438,3680 4528,3680 4617,3686 4707,3692 4796,3692 4886,3698 4975,3698 5065,3704 5154,3704 5244,3710 5333,3704 5423,3710 5512,3716 5601,3728 5691,3734 5780,3740 5870,3740 5959,3752 6049,3764 6132,3776"/>
                <TextEquiv>
                    <Unicode>duce in wil eine Brurdart,</Unicode>
                </TextEquiv>
            </TextLine>
            <TextLine id="tr_1_tl_21" custom="readingOrder {index:20;}">
                <Coords points="4150,3835 5731,3893 5724,3773 5604,3825 5080,3718 4915,3760 4414,3682 4147,3760"/>
                <Baseline points="4164,3800 4253,3800 4343,3800 4432,3806 4522,3812 4611,3812 4701,3812 4790,3824 4880,3830 4969,3836 5059,3842 5148,3848 5238,3848 5327,3853 5417,3853 5506,3859 5596,3871 5685,3883 5733,3877"/>
                <TextEquiv>
                    <Unicode>Bei ihre Mühl het sie allein ge¬</Unicode>
                </TextEquiv>
            </TextLine>
        </TextRegion>
    </Page>
</PcGts>
