6872 4552
5903 487 6129 683 124
4333 701 5205 889 sein heut Nacht.
4336 790 6297 1093 Judith: So weit schon? Mit wem?Hast du
4351 1009 5233 1215 dich verabredet?
4366 1136 5686 1376 Julia: Ich habe die Wahl.
4374 1363 6211 1674 Besser, wenn der Beamte mit der Nah-
4382 1541 6351 1793 richt von der Verhaftung erst im Laufe
4405 1730 6325 1954 dieser Scene kommt.Etwa bei: Und wenn
4415 1916 5235 2114 er herauskommt -
4507 2002 6415 2267 Julie soll es't in Anfang; keinbar mit Verbet
4550 2140 6178 2326 versähnen, schuldig über selbst ein Büssau: es soll
4568 2219 5890 2412 alles when a in fahre in seiner weg.
4285 2313 6341 2688 Oder : Er mit heilte! Ich will fliebe (nicht ent tödten.)
4374 2484 6106 2756 Ode. Zu ich vermoet sein –. Ein zu folgen -
4272 2611 5650 2833 The Resist: die in Aentzug u. nehmen
4596 2716 6185 2978 Schlimm der K: zu dit zu beiden
4649 2812 6175 3093 Sous l'a même heurement deu tres
4550 2988 5561 3246 dass er ein Bettles ist.
4583 3090 6410 3406 dienst eine Sinne - so ist das verbindigsten
4616 3268 6127 3467 Der gesprochen sind. - (ten hebenpyrn
4466 3365 5808 3600 unser, nach einem Singe nicht he
4565 3419 6132 3758 has had an telteit with de
4912 3597 6522 3847 Frity Remn trine juurds
