6776 4408
5976 377 6208 551 108
4297 544 6250 811 Mit Nein hat sich nichts geändert.mit
4305 762 4528 872 Ja —
4290 850 6162 1095 Judith; genügen acht Tage,um in Si¬
4314 1022 5231 1188 cherheit zu sein?
4329 1120 6100 1316 Westerhaus: Die Wahrheit zu sagen,
4332 1311 6150 1492 ich habe mehr zur Verfügung, Wenn du
4314 1414 6147 1654 mich nicht verrätst, xxx Aber was für
4334 1602 6137 1766 ein Unsinn. Ich rede davon, als be-
4339 1759 6211 1960 stände wirklich - ich bilde mir ein,
4339 1884 6201 2078 Julia könnte um meinetwillen - Frei-
4354 2046 6167 2276 lich, bin ich erst drüben,-oh,solche
4351 2207 6125 2406 Dinge hat es gegeben. Unter anderem
4351 2379 6189 2585 Namen. Kämst du uns nach? Später,in
4371 2565 4753 2685 Jahren.
4361 2675 6297 2903 Judith: Und was indess aus mir gewor-
4363 2852 4623 2989 den?
4395 2935 6267 3124 Westerhaus: Du wirst eine Künstlerin
4373 3077 6346 3298 sein wo du bist und einen Prinzen hei-
4383 3244 6211 3457 raten. Aber all das ist ja verrückt,
4398 3440 4890 3609 leb wohl.
4381 3523 6145 3775 Judith: sprich mit ihr. Du hast es
