3320 4008
892 392 2338 598 Seraphine: Geht das auf mich
817 541 2727 760 Max: So heimatlich ist es bei dir. Las
809 742 2882 882 mich dein Freund bleiben. Als denn Freund
820 843 2843 1062 will ich mit dir reisen. Es verpflichtet
822 1023 1492 1201 ja zu nichts.
807 1206 2652 1340 Seraphine: Nein, mein Kind, davon kann
812 1304 2645 1513 keine Rede sein. Dein Brief war sehr
812 1467 2748 1655 vannünftig. Wir Zwei können nicht zu-
804 1632 2740 1809 sammen bleiben. Es wäre zu bedenklich.
799 1760 2740 1946 Auch hätt ich zu viel Sorgen. Mit zwei
809 1936 2838 2126 Kindern - mit einem Vater und einem Ge-
820 2093 2794 2273 liebten. Und dann hätte man sich wieder
183 2209 595 2351 but does.
804 2235 2840 2420 aneinander gewöhnt. Das ist das Schlimm-
180 2327 675 2495 Hos ne était
812 2405 2498 2583 ste. Daher kommt alles Furchtbare
247 2472 670 2593 ant mei.
227 2572 575 2709 Nun
804 2559 2848 2732 Max: Weisst du, dass ich schon jetzt wie
809 2735 2585 2923 der an dich gewöhnt, bin, Seraphine.
809 2876 2804 3036 Seraphine: Dann kann ich dir nur raten
802 2987 2755 3222 dich gleich wieder davonzutrollen. Ein
820 3204 2768 3333 Traum darf nur einmal geträumt werden.
807 3302 2544 3531 Max: Erinnerst du dich, Seraphine?
838 3477 2830 3686 Seraphine: Nur einmal, so schön er war.
