3272 4152
702 473 2508 705 Falkenir: Was soll's? Um was handel
692 689 2542 877 es sich? Sie schrieben mir von eine
682 851 1080 1029 Gefahr.
674 975 2629 1232 Ambros: Von einer nur: Dass es zu spä
679 1147 960 1317 wird.
689 1291 2536 1479 Fäkenir: Warum mengen Sie sich ein?
689 1469 2758 1639 Ambros: Sie erzählte mir alles. Freilich
682 1621 2107 1757 konnte man es auch erraten.
687 1736 2477 1922 Pal kenir: Und nun wär ich ihr eben
682 1896 2444 2104 Recht, nachdem, was sie erlebt hat.
682 2037 2675 2241 Ambros: Sie sprechen so? Wer wär's, der
687 2215 2616 2426 sie hinausgeschickt in Abenteuer? Der
682 2382 2377 2542 sich vermass, alles zu verstehen?
682 2526 2588 2719 Pal kenir: ja ich vermass mich. Unsinn
687 2686 2722 2855 ohnegleichen. Verstehen? Fluch dem Ver.
702 2840 2742 3033 stehen. Es nimmt uns nicht die Schmerzen
911 2966 1207 3069 chi R. of
682 2994 2639 3185 nur den Mut.Armseligste von allen Kün
684 3113 2588 3301 sten. Glückliche, die nicht verstehn. D
689 3288 2732 3496 ihres Zorns sich entlagten dürfen durch
728 3452 2619 3645 li= Tat.Doch ich verstehe, ja. Verstehe
700 3632 2686 3782 dass sie den jungenFant geliebt und in
