6840 4648
3837 907 4856 1076 Judith zu Max hinein.
3891 1046 4653 1252 ulia und Ambros.
3898 1076 6531 1421 sulia. Sie reisen ab gerade wenn Ihre Chancen gut stehen.
4182 1323 5035 1502 Arbeter nicht ver¬
3851 1482 4599 1699 Judith und Max.
3912 1658 4829 1817 Max: Ich liebe Sie.
5042 1621 5333 1837 in noff.
3932 1783 5668 2007 Judith' Sie sind verlobt mit Aurelie.
3922 1969 4714 2125 Max: Nicht mehr.
3942 1979 6294 2284 Judith; Schade. Haben Sie Ihr Geld noch bei meinem
5042 2179 5823 2304 Morgen.. Ist. Amst Ihre
3942 2254 5820 2433 Schwager liegen. Holen Sie es nachhause,
3942 2406 4950 2595 Max; Werden Sie mein.
3952 2463 6554 2741 Judithi Zu Gefährlich. Meine Carriere. In Sie wurde ich
3891 2643 6446 2869 mich verlieben. Eine Nacht - die erste - seien Sie be-
3912 2771 6636 3042 reit, seien Sie immer zu finden. Ich mit entschließen sich
3912 3008 6510 3265 Ambros: (zu Max/ Kommen Sie zu Fenz. Hochzeit. Gratulie-
3925 3242 4132 3367 ren.
3986 3221 6595 3529 Judith: Die Tochter meines Lehrers. Was machen Sie dort
3935 3512 4439 3678 Seraphine?
3949 3533 6470 3885 Max: Meine Freundin. Wohltuend. Das kleine Haus. (Drin
3952 3786 5384 3983 vielleicht eine Kartenpartie.)
744 3847 1645 4074 G.C.H.F.K.P.
