3496 4136
2709 277 2869 558 18
638 354 1232 568 Besont
257 571 2949 959 Prus - Oh Falheur i. Sie und vier, worauf..
377 878 3003 1166 Friste die dest – ersichert der Popélant
347 1086 2786 1389 Arcti. Reversal Zeltelen, und über p
418 1326 2772 1570 a-d-we theil. (or but protestant)
995 1473 1774 1647 [illegible]
548 1536 2231 1807 Le keurd Hg Aulos Roill
347 1723 2959 1934 Tuiv. Cb. ercollteit nicht.” ik war del o
518 1971 3009 2184 He will know in
721 1947 922 2088 Aye
444 2094 2912 2452 Wint as fl Uit Hen Dochl.... The
431 2338 2922 2635 Peuture le même chercher Et le sieur
394 2482 2849 2866 ein eersten Vorträngen das unser Hüt'l
407 2675 2826 3053 Nei.. Thi Leit.no all
711 2989 915 3120 orher
521 2996 2692 3210 Il y aauterieure avez eu leu but
514 3203 1473 3454 Aulm nebenst is of
498 3403 2759 3694 Tous. Cet de tilhevée - si n'a me
488 3717 1146 3935 serait...
