3480 3976
1175 302 1289 465 9.
2592 337 2735 513 14
439 360 2471 678 Judith aus ihrer Villa,Ambros ihr entgegen.
443 592 2894 815 Ambros: Ich suche Sie, Nun giltes Ihr Gerie zeigen.
436 755 2015 946 Judithi Was verlangen Sie von mir
430 911 2760 1124 Ambros. Bringen Sie es dahin, dass Arduin mit -ihnen
417 1063 2846 1277 diese Kuste verlässt,ehe seine Gaste zum Fruhstück
468 1194 2840 1398 erschienen sind. Nebstbei steht auch für Sie alles
452 1369 2225 1550 auf dem Spiel,er hat Aurelie geladen.
462 1538 3018 1703 Judit.: Wenn es mir nicht gelingt,sehen Sie mich selbst
458 1652 1563 1847 in einer Stunde wieder.
1235 1850 1417 1974 10.
446 1964 2649 2171 Max und Eligius kommen. Eligius begrüsst seine
449 2127 1277 2283 schöne Schülærin.
443 2283 2678 2490 Eligius begeleitet Judith zum Boot, der Direktor
503 2480 2378 2649 lässt sich eine Weile beunruhigt sehen.
1012 2592 1920 2830 11 komt wesfallen.
