3304 4088
796 343 2191 617 Max: Das hab ich nicht get.
796 566 2048 753 Seraphine: Jetzt aber wir
822 722 1787 906 verlang ich von dir
773 893 2621 1047 Max: Ganz im Gegenteil. Ich werde zu
796 1044 1823 1244 deinem Vater gehen.
773 1196 2220 1367 Seraphine: um Gotteswillen.
781 1329 2220 1544 Max: Hast du Angst vor ihm?
781 1469 2675 1687 Seraphine: Was fällr dir ein?Er wird
781 1633 2678 1810 mir’s nicht übel nehmen. Eher besteht
786 1792 2624 2004 die Gefahr, dass er stolz sein wird.
786 1987 2737 2153 Max: Auch ich bin stolz, so töricht es
776 2130 1265 2291 sein mag.
796 2222 2732 2450 Seraphine: Lass dich nicht verwirren.
786 2432 2819 2632 Du würdest es doch bereuen. Und gar ich,
781 2542 2744 2732 Später vielleicht - wer weiss. Ich bin
804 2729 2857 2890 ja sehr froh. Und dass du der Vater bist
794 2860 2778 3069 Nein, was alles im Traum passierenkann.
794 3023 2775 3200 Eigentlich ist es auch ein mischen ko.
786 3205 1108 3405 misch.
788 3313 2222 3535 Max: Wie du darüber sprichs
788 3517 2225 3704 Seraphine: Und soll ich dir
2273 3528 2419 3643 noc
2245 3694 2455 3804 über
814 3651 1956 3855 stehen? Früher hab ich
