6840 4392
6019 326 6225 499 112
4361 507 5999 698 Julia: Und wann sollen wir fort?
4371 668 6103 832 Westerhaus: Morgen.Viellicht heute
4351 803 6061 1001 Nacht noch. Deine Augen leuchten.
4369 962 5882 1170 Julia: Es könnte mich reizen.
4379 1111 6227 1277 Westerhaus: Bedenke. Ein Zurück auf
4369 1275 5718 1461 halbem Wege gäbe es nicht.
4386 1404 6329 1588 Julia: Ich denke an kein Zurück.Neues,
4376 1566 6190 1742 Ferne s. wie wunderbar. Warum zögern?
4379 1715 6292 1866 Westerhaus: Wir müssten tun, als wär's
4393 1854 6245 2058 eine Reise,um keinen Verdacht zu er-
4396 2075 4769 2214 wecken.
4384 2187 6227 2331 Julia: Vortrefflich. Und auch Judith
4401 2319 5962 2495 soll nichts wissen, nicht wahr?
4406 2445 6396 2651 Westerhaus: Auch jddith nichts. Niemand.
4398 2647 6282 2840 Julia: Und fort von all diesen - wie
4431 2763 6327 2945 wunderbar. Ich hasse sie, alle, auch Ju-
4418 2930 6416 3104 dith,du ahnst warum.Nur fort.Warum erst
4431 3071 5745 3270 morgen. Heute. Abends nohh.
4438 3250 5688 3407 Westerhaus: was ist dir?
4431 3402 6429 3566 Nulia: Mir scheint, dass ich dich liebe.
4431 3526 6173 3740 Für die son Einfall lieb ich dich.
