6952 4392
444 543 1451 861 de M. le
450 639 2720 997 Mai. Carilept a    et le tres de quelles
497 865 2912 1219 I am Sir M Récke de werth.
580 1086 2537 1375 l'eau la vieil de nou¬
490 1252 2663 1597 l'a été né il gefille!
540 1477 2686 1709 lai laistre nicht davon?
504 1640 2580 1915 Sie b einhil auf die Wille
560 1895 2624 2239 enhose - at funct ne an
553 2166 1146 2392 ondern
454 2292 2696 2604 Ist Geerp.  and
679 2514 2650 2859 Lz. Leere. Habe
682 2766 2614 3077 “tie will be. Ihr feb -
679 3034 1729 3352 re tout leur
3687 252 5711 566 2. Aus den haben. Ich u.
3753 504 5939 798 herr Herr Leb. Kein wir ist
3746 762 5972 1024 geben. Ich werde seinen. Ich nur
3717 898 5731 1289 de pouvoir les feu pfels.
5376 1110 5625 1239 G.C.F.P.
3717 1219 5959 1507 very nilleutl une avée.
3780 1418 5731 1676 us in belieb. i u d
3766 1540 5919 1891 enfants quele colla
3799 1845 5870 2100 will lang at ein Kerlels
3790 2034 5164 2282 I am in the
3740 2236 6413 2594 he.  Culy un une erfemer habe fin
3876 2451 5148 2832 Salamil... at
3740 2624 6082 3018 Be. Set he is ains - at her
3852 2915 6165 3216 in thement here in hill at her.
3790 3150 4449 3409 trage...
3796 3253 5876 3637 Mog. Sollclar. Es Lebenswerk
3866 3581 5598 3882 2. We he colle
