6968 4616
479 807 764 1014 a M. D.
581 1412 772 1624 re
444 1941 1385 2226 Februar eaelb ab..
457 2304 1127 2514 Hides nie zu
613 2490 903 2654 dies
479 2643 903 2807 G:A:S: aa h
6160 608 6423 831 156
4396 815 6397 1019 Max: Das denk ich nicht. Eine Spazier-
4420 1024 4759 1151 fahrt.
4418 1121 5630 1334 Direktor: Wohin Gilda?
4410 1309 6265 1465 Max: Das Fräule in geht wohll zu dem
4410 1452 6574 1611 Landungsplatz, um den Prinzen zu erwarten:
4407 1578 6415 1785 Gilda: Was kümmert mich der Prinz. Ich
4415 1753 6450 1949 warte nie.Auch nicht auf Prinzen. Kommt
4410 1912 4982 2103 er zu mir?
4401 2062 6077 2261 Max: Wenn er von Ihnen wüsste -
4410 2186 6233 2404 Gilda: Ja dann - Aber noch weisser
4410 2347 5762 2554 nichts von mir. (sie geht )
4393 2509 6383 2708 Direktor: Ja, nun verschwindet sie.Das
4412 2667 6370 2831 ist ihre Art.Auf Stunden - ans Meer
5789 2777 6063 2885 meine
4420 2858 6316 2998 ins Meer - eine Nixe. Ich xxx, sie
4415 2976 6475 3159 trifft Faune oder Tritonen,Meergötter.
4410 3140 5888 3356 Max: Sie nehmen das so hin?
4415 3294 6405 3514 Direktor: Oh, mein verehrter Herr.Ihre
4407 3439 6364 3611 Mutter war an dieser gesegneten Küste
4415 3600 6450 3767 geboren. Seltsames Blut.Hier gelten an-
4410 3751 6464 3969 dere Gesetz als anderswo. Man muss die
4407 3901 6512 4141 Dinge nehmen, wie sie kommen und sie wie
