3576 3960
475 446 2890 732 Max und Ambros, Direktor tritt auf mit Seraphine und
478 594 1101 819 Eligius Fenz.
2110 697 2897 880 1. des pétiers de
472 780 2078 992 Direktor Die Zimmer sind berei t.
2412 812 3025 1034 Gyrn dieben
453 951 1625 1121 Ambros hat sie bestellt.
466 1069 2832 1310 Seraphine begrüsst Max harmlos. Sie sind zu meinem
154 1188 462 1349 Erahilich
520 1256 2861 1394 Konzert hergekommen? In Befeite de helle instreur collen-
132 1320 427 1439 11 in the
1516 1352 1952 1448 o ee ete ae
151 1400 427 1506 is to take
504 1416 2951 1583 Aligius erzählt von den bisherigen Konzerten.Gestern
148 1484 475 1644 vagen
507 1574 2903 1747 in Aopenhagen grosser Erfolg. Denken Sie,wer gestern
507 1689 3089 1891 drin war? Mein hochmögender Freund, der Freiherr von Fal
546 1827 1545 2039 kenir. Amher. samt.
491 2020 2662 2164 Max und Ambros blicken einarder an, Seraphine
495 2168 3044 2331 beklagt sich über ihre schlechten Begleiter. Sie haben
485 2344 2370 2498 haben schon auf dem Schiff gefrihstückt.
1172 2424 1699 2527 gibt en nisen.
485 2431 2938 2675 Eligius. Hier musses Nixen geben. Er fordert Max auf
450 2627 2925 2794 einen Spaziergang zu machen. (hier im
2078 2710 2408 2813 neuen.
450 2791 2807 2961 Séraphine: Sie müssen aber bald wieder da sein und
1153 2887 3076 3060 The Register willité dem Nachen Unping N.N.Y.
440 2932 1429 3092 mit mir üben. Kann
427 3064 2993 3234 Direktor: Haben die Herrschaften nichts gehört von den
434 3224 2845 3433 Kriegsgeruchten? Zwei Diplomaten haben ihre Abreise
437 3404 2412 3571 angemeldet, fahren mit dem Abendschiff weg.
