6840 4392
1194 764 1625 915 nds t aam
676 803 925 1016 G.H.F.P.F
1207 950 1444 1133 G.C.F.P
1180 1074 1361 1224 G.C.F.P.
433 3228 764 3444 Dans M.V.
4420 538 6258 783 Fabri: Niemals wird es Ihrer würdig
4450 764 4709 925 sein.
5052 746 5820 930 Hil möchte sein
5916 764 6121 903 in
4430 871 6256 1070 Aurelie: Wie wollen Sie das wissen,
4435 1016 5820 1185 da Sie mich nicht kennen.
4445 1153 6381 1373 Fabri: Es müsste so werden, dass einer,
4437 1290 6315 1525 der es so sähe, wie ich’s gemalt, nach
4435 1491 6356 1657 hundert Jahren noch wahnsinnig würde,
4435 1579 6337 1804 weil er zu spät auf die Welt kam, das
4454 1748 5933 1943 um das Urbild noch zu sehen.
4452 1916 6378 2078 Aurelie: Sie sind sehr eitel, sehr auf
4472 2071 5455 2261 Ihren Ruhm bedacht.
4464 2230 6285 2394 Fabri: Kommt's auf den Namen an? Sie
4452 2379 6297 2580 mögen ihn vergessen. Das Werk müsste
4450 2492 6393 2714 da sein, das Bild, Ihr Bild,Aurelie. Was
4467 2695 5514 2820 ist Ihnen? Mir war-
4467 2839 5928 3001 Aurelie: Mir war - (lauscht)
4476 2961 6427 3184 Fabri: Ein Wagen hält im Hof.Herr von
4464 3125 5852 3329 Reisanberg wahrsche inlich.
4474 3243 6439 3468 Aurelie; Die Stunde wäre ungewöhnlich.
4447 3407 6366 3644 Nein, der ist es nicht. Malen Sie wei-
4474 3571 6315 3808 ter. (Kleine Pause) Es wäre lustig,
