6904 4168
1106 268 2209 498 schreiben mit Treu¬
775 356 3000 668 du résultat    du
788 482 2972 813 nach dem gelifen ist, daß er be¬
750 652 3154 1040 Avec le clavetet : in hout fladt
750 819 3293 1216 chef et leuuilie du peupt therent.
2178 1021 2896 1220 wärter
706 1128 3158 1475 Rentor. E it is very first man orst
700 1260 3123 1664 xx her Gris. in
863 1491 3000 1790 Seine Freund. En cet remettre.
952 1695 3173 1973 Je crois créfé, tron est au dernier les
898 1884 2496 2162 with us vie it in
832 1982 3072 2319 Archivi. Schreib Ei Det hoffe in dicier
964 2193 3321 2534 Ich bin das 11 hoff. Sie in der samt
889 2370 3397 2770 Auffuell selbst die Afahrung wurden
958 2543 3407 2871 Arbei    ai  isit üsterfuhr
983 2811 2745 3252 Afsch. wer Sie nicht für die
1245 3047 2288 3378 wenn sie
1169 3195 3293 3542 Dr A ceux Freveliess, eetk
1210 3482 3139 3794 31nd Elad be mit mir is ich an
901 3608 3353 4018 Eur-Es tolt indit une ciferie tt a
4295 252 4544 514 Frok
4093 325 6479 659 ant longe keu fois. So werde er besser
4191 577 6189 889 mit selbst erfahrt; den letzten
4059 778 6265 1071 Art. (sollbebst von dem h. le gibt)
5231 945 5852 1103 amient
4062 967 6498 1301 gleichbressere iam hørtlich gelegenheit
4093 1188 6315 1481 seiten ein solche Schicksal. & gebe
4090 1377 5801 1733 Amtr. Wie verreis can de titre
4201 1604 6460 1979 Eine wie klarbeit seil viel das Lebe
4226 1900 5751 2159 eine gegen alle im
5521 1913 5994 2118 Auler.
4194 1973 6545 2351 he is in the [illegible]
4906 2222 5363 2389 And
4163 2146 6652 2606 Ao noch wieder ein angemt u lebenwärtig.
4396 2304 4847 2426 allubi.
4169 2442 6564 2842 Amtruß. Meinigungen kommen
4380 2669 6744 2991 Monsieur
4481 2928 6583 3211 Bareil un intérêt. ab suxa
4509 3123 5852 3369 wir ist mit alle.
4220 3211 6526 3580 Au leusse hi wie da lest Mr.
4541 3520 5266 3775 haben!
4213 3655 6325 3926 Quiten. Es teil viel, daß sie Sache
