6936 4232
1016 406 2566 711 Irobslei-diedsalfe-enigeneß
461 612 2556 802 nnew, Thebte wenn aab bniw asW:diedas! I8
568 768 2563 995 aasb. das das xxxnicht vollsmnig xxx
521 878 2566 1138 dooch saust meneass gnaleg nedaid iim ae
625 1047 2571 1339 -mit nedolfuegrüd meinte nassamnesaileg
1620 1230 2587 1428 men mich das ne xxx
758 1383 2589 1628 ejaewdo2, dagna eniet den :enidgete2
646 1550 2595 1769 se biiw Tholigöm dollänim ae iai, oafÄ
857 1623 2615 1925 am 19. Januar aus.
873 1837 2628 2061 Regneteidos meb nov abneda nebnuda
578 1982 2623 2191 Taass ejied menieb 'tus gnaf oa dol nnew
836 2139 2641 2360 os zu Stemmi Jaid ub.ab.:htedsaid
560 2308 2639 2569 Dnöd xxxndonsM.neghageg melaidosaria
1412 2425 2636 2626 t. Es idem Jdoim mag doi
672 2542 2628 2790 .ha Jdoim at s'Janmox Jusiad :esldgane
586 2707 2652 2941 geb menie aas, sella demmi doob aaiew nah
1704 2855 2639 3063 .buiv neges enebnÄ
719 2993 2683 3225 J.C.nielle heisV geb bau ug:diedssiff
912 3173 2686 3345 xxxm xxx nenobäk nie janiv
784 3337 2639 3551 niesteld einen sebtes niw : esidgenem
711 3472 2688 3665 sel.nesienianuk eniem si henniged suk
779 3590 2686 3832 ebnew dol.nemmeiged dolm buiv mein V
943 3741 2696 4014 miasdereizitt xxx undl ied dass
4428 419 5976 620 Max peisenberg kommt vorbél.
5473 547 5689 638 nt
4426 586 6226 839 Seraphine: (wirft ihm eine Rose zu)
4426 771 5554 922 Max: (merkt es nicht).
4436 836 6445 1102 Seraphine: (wirft heftig die zweite vor
4455 1063 5176 1214 seine Füsse. )
4431 1214 5426 1407 Max: Galt das mir?
4449 1349 6437 1527 Seraühine: Das wäre wohl möglich, Und
4465 1503 6544 1685 dort liegt noch eine. Und hier ist gleich
4465 1626 6429 1860 eine dritte. So wie an Sie wenigstens,
4460 1795 5708 1980 dass es gute Dinge sind.
4913 1899 6374 2045 Oh Fraule, knten clenken, nach Gebuh
4460 1938 6552 2157 Max: Tausend Dank. Könnt ich doch gleich
4460 2136 6471 2279 so danken, wie ich wollte. Mit gleicher
4473 2222 6526 2438 gabe und mit gheichem Duft. Doch wunder-
4559 2389 6098 2496 doch unendre verstecht bleichtempe Thede¬
4486 2417 6341 2582 samer weisser Flieder blüht hinterm
4910 2542 5273 2652 Vernil in
4470 2576 5895 2780 Schloss. Den bring ich dir.
5507 2608 6695 2782 I'm soldt kind... in order
4478 2717 6427 2988 Sezaphine: Dir?/Ich trage keine Maske,
4478 2925 5020 3110 mein Herr.
4877 2951 5989 3121 & they don't.. not in the
4488 3024 6518 3269 Max: Die trägst du. Auge, Lippen, Lächeln,
4496 3155 6497 3366 Worte. Alles das ist Maske. Nun hol ich
4488 3293 6414 3564 dun Flieder, dann tanzen wir zusammen.
4501 3459 6554 3704 Seraphine: Bemüh dich nicht. Bis du wie-
4507 3637 6580 3853 derkommst, hab ich dich längst vergessen.
