3272 4024
881 415 1291 582 mal wird
1726 394 2782 644 ja nicht begegnen, da
915 554 1958 760 ich verschmäht werde.
858 698 2669 886 Ambros: Machen Sie sich nur lustig
2669 752 2818 876 Ab
848 879 1097 1059 mich
876 1018 2646 1231 Aurelie: Tu ich das? Ich glaube nicht
850 1221 2921 1350 Ambros:Es paast mir nicht eine Rolle zu
855 1334 2852 1538 spielen in einem Stück, dass ich selber
848 1471 2914 1646 dichte. Und gar während ich es noch dich
842 1654 2800 1819 te. Ich will nicht von meinen eigenen
832 1780 2661 1966 Gestalten missverstanden werden. Ich
832 1961 2834 2107 vor allem kein unglücklicher Liebhaber
822 2113 1110 2272 sein.
832 2213 1953 2445 Aurelie: Unglücklich?
806 2383 2715 2589 Ambros: Nenn ich den, in dessen Armen
814 2579 2455 2762 die Geliebte-eines Andern denkt
812 2751 2682 2914 Aurelie: Wer sagt Ihnen das? Frei b.
814 2885 2824 3076 ich. Losgelöst. Niemanden lieb ich. Kann
809 3040 1909 3225 keines Andern denken.
809 3156 2749 3390 Ambros: Die Probe steht noch aus. Aber
899 3344 2661 3514 wird sich bald erweisen. Er kommt
863 3491 1803 3694 urelie: Wer kommt?
