3352 3992
503 353 2629 650 Aber sie sollen da Erste sein. Nur müssen
506 600 1163 757 finden sein.
500 678 2917 1000 Haben sie übrigens Ihr sold aus der Bank genom.
497 897 738 1041 men?
494 1016 1510 1263 Max: Morgen.
494 1225 2889 1501 Judith: Da könnte es zu spät sein. Sie sind un
500 1422 1222 1623 verbesserlich.
485 1510 2817 1816 Ambros kommt wieder herein,geht zu plisabeths
472 1732 2410 1929 Hochzeit, fordert Max zum Mitgehen auf
469 1876 2785 2132 Sie begeben sich noch einmal in den Salon zu.
460 2026 2532 2257 rück, Max muss noch einen Walzer spielen.
456 2192 2698 2401 rine kurze Szene zwischen Judith und Ambros
460 2345 2970 2501 Judith. Der Prokurist des Bankhauses kommt.Er will
453 2463 1801 2639 die gnädige Frau sprechen,
438 2607 2051 2823 Judith: Wir haben Gesellschaft,
431 2757 2673 2992 Prokurist: Ja, ich weiss. Es ist ein Unglück
447 2929 2861 3148 geschehen. Westerhaus sollte verhaftet werden,er
431 3061 1482 3276 hat sich erschossen.
425 3217 2804 3445 Jusith: Gehen sie und überlassen sie mir alles
413 3358 825 3545 Uebrige
422 3517 1354 3770 Judith und Ambros.
