3528 3976
2681 365 2806 502 11
1275 390 1406 514 6.
508 514 1777 717 Ambros,Arduin,Aurelie dazu.
493 670 2765 826 Arduin hält es für eine abgekarte e Sache. Seine
2023 770 2949 948 (Tin it ist andars).
499 832 2715 1029 Liebe flammt sofort wieder auf.
539 1001 2853 1150 Arduin. Komm mit mir, du bist ja frei.Falkenir ist
539 1076 979 1238 ein Naßr.
539 1182 2884 1322 Ambros: Die bergessen, Prinz, dass schon eine Andere
539 1309 1490 1450 aus dem Schiff ist.,
542 1409 2248 1612 Arduin' Sie soll deine Hofdame sein.
542 1590 2893 1777 Aurelie Deine Zeit ist noch nicht da. Ich glaube,
583 1727 3012 1905 deme Zeit wird nie kommen. Was machst du hier? Ich
586 1895 1643 2086 will dich nicht sehen.
586 1986 3086 2220 Ardmin: Dein Bild ist auf meinem Schiff. Noch hat es
583 2179 3018 2347 keiner gesehen. Kommt die und aus, wenn in einem schon
1945 2285 2871 2460 Wasgewitn Bild
589 2313 1858 2544 Aurelie; Du hast mein Bild
599 2519 1144 2665 Πακκλαηταχκ
586 2497 3058 2756 Arduin Gysar hat es mir verkauft. Immerhin um einen
175 2656 471 2846 Vileve
592 2706 3055 2909 hohen Preis. Er hat sich erschossen. Vielleicht weil
196 2828 514 2968 19f nd
558 2856 3018 3036 ich ihm mit der Reitpeitsche eins versetzt habe,nach
187 2968 533 3142 phil Cent
555 3021 1936 3202 dem er es mir verkauft hatte.
212 3099 480 3267 Etat
848 3149 2033 3339 & elles et plus aussi pl
218 3242 377 3367 in the
888 3273 2812 3513 and one point une sum. Auchia-Aindore.
253 3348 505 3485 dom
1029 3404 2656 3629 4er Talheure, - de uit écrit
779 3545 2712 3750 I am [illegible] also ist danger with
