7016 4664
6250 568 6514 804 154
4480 771 6491 1063 Max allein, hin und her, setzt sieh auf
4511 994 5055 1135 eine Bank.
4503 1107 6468 1305 Der Direktor kommt. (Grauer Spitzbart,
4508 1274 6435 1472 sehr elegant, ein Gemisch von devotem
4516 1438 6481 1623 und frechem Benehmen. Er hat beim Tor
4503 1572 6494 1788 des Hotels mit einem Bediensteten ge-
4511 1749 6517 1888 sprochen, blickt hin und her, wie um zu
4508 1916 6494 2117 sehen, ob alles in Ordnung ist, gewahrt
4518 2086 4811 2217 Max).
4529 2147 6581 2399 Direktor: Herr von Reisenberg,ein Früh-
4536 2389 5096 2564 aufst eher.
4534 2469 6368 2700 Max: Die Morgen sindhier so schön.
4547 2646 6530 2851 Direktor: Nicht nur die Morgen. Es ist
4557 2823 6522 3016 eine gesegnete Küste,Herr von Reisen-
4544 2918 6537 3193 berg. Allzu gesegnet.-Sie bléäbann noch
4560 3126 5906 3324 lang,Herr von Reisenberg?
4552 3296 5703 3517 Max: Noch unbestimmt.
4590 3429 6548 3601 (14 jährige Gilda, des Direktors Toeh-
4557 3630 5189 3817 ter kommt).
4565 3758 5672 3958 Gilda: Guten Morgen.
4570 3856 6635 4138 Direktor: Guten Morgen, Gilda. (küsst sie
