6856 4344
4351 459 6168 695 Ambros,Julia,Judith und Westerhaus.
4353 639 6132 800 Max kommt mit drei Fliederzweigen.
4351 803 6205 991 Judïth: (ihm entgegen) Aber offenbar
3619 703 4128 913 Braunigt
3738 900 4092 1071 in his
4370 947 5580 1193 suchen Sie eine Andere.
4358 1025 6285 1308 Max: Ich suche nichts, aber ich finde.
4380 1247 6063 1484 Judith: Gib mir den Flieder, Max.
4382 1374 6163 1598 Max: Verlange was du willst,sehöne
4382 1527 6122 1762 Maske, mieh selbst, wenn es dir be-
4390 1730 4953 1911 liebt,-
4412 1781 6349 2069 Judith: Darauf verzieht ich, Den Flie-
4426 2067 4643 2218 der.
4424 2142 5756 2379 Max: Der ist versprochen.
4792 2301 5004 2403 brum
4407 2264 6273 2552 Judith: Sie ist nicht da. Sie kommt
4424 2428 6383 2682 nicht. Sie ist fört. Wer weiss mit wen.
4412 2577 6359 2840 Max: Immerhin,da es drei Zweige sind,
4455 2772 5719 2972 den hier, wenn du willst.
4438 2865 6410 3174 Judith: (zerbricht ihn) Da. (vor die Fün-
4443 3140 4680 3331 so)
4451 3170 6329 3457 Maxi Also Judith Auch ohne, dass Sie
4460 3348 6381 3570 die Maske ablegen,an dieser Bewegung
4477 3531 6320 3741 hätte, ich Sie erkannt.Siehst du, wie
4473 3675 6398 3897 klug ich war, dass ich dir nicht alle
