3624 4792
2772 1038 2904 1169 19
1445 1207 1617 1321 14.
940 1221 3147 1562 Aurecie, Falkenir. d'être très desser le Prob
940 1419 3007 1642 Aurelie' Haat du die erste Probe bestanden?
943 1602 2064 1783 Faixenir: Du siehst ja.
957 1737 2969 1926 „Aurelie“ Weil du ihn nicht erschlagen hast
1003 1895 2373 2107 Aber wie sieht es in dir aus
957 2072 3256 2296 Falkenir: Habe Geduld, ich werde nie davon reden.
966 2201 3075 2479 Aurelie Du merkst nicht, dass es nichts war.
1015 2368 3055 2597 Du bist auf ihn eifersuchtiger als auf die
1072 2479 3204 2729 Malenluft, die in jener Nacht wehte. Aber ich
1038 2651 3290 2846 will die Probe gelten lassen. Ich glaube, es ist
1038 2789 3259 3047 Zeit, dass wir auf das Schiff des Prinzen Arduin
1052 2972 2339 3213 gehen. Auf eine Trote —:
1155 3156 2743 3391 Oder erwählt in den jetzt in Anter¬
