6824 4408
634 374 823 647 eo
642 563 2262 808 soob ae dat doteney neb. dasag i
864 769 2372 963 xxx nebei xxx als ob daliiw.
1646 879 2555 1103 Kreisstände ausbri¬
1539 1060 2270 1269 als xxx : xxx
1271 1340 2150 1587 measoldosjus jai
1279 1633 1666 1821 Ces Ills
1162 2102 2186 2303 [?] no [?] [?] r¬
899 2395 1722 2586 xxx gärt. xxxe
568 2654 1842 2912 Molefiely diiht mit je
6086 285 6313 530 110
3582 397 4096 629 31 1.1516.
4308 522 5284 736 Westerhaus.-Julia.
4331 650 5847 856 Julia: Was willst du von mir?
4313 800 6124 1011 Westerhaus: Nur eine Frage an dich
4326 973 6226 1144 richten. All das gehört in diesem Au¬
4346 1088 6310 1327 genblick nicht mahr mir und nicht mehr
4336 1251 6272 1475 dir.Ich habe verspielt.Du bist ruhig?
4356 1414 6331 1635 Julia: Keinen Menschen wird es überra-
4349 1549 6185 1776 schen. Grade mich sollte es? Weiter.
4356 1707 6287 1939 Westerhaus: Dann ist es ja gut. Meine
4374 1849 6203 2091 Wahl: Schande, Tod, Flucht. Kerker, das
4364 2020 6206 2204 scheidet aus. Also Tod oder Flucht.
4379 2158 6341 2395 Sie könnte gelingen. Doch versuch ichs
4387 2349 5760 2507 nur, wenn du mit mir gehst.
4384 2456 6043 2693 Julia: Und wenn ichs nicht tue?
4369 2621 6122 2777 Westerhaus: Sagt ichs nicht eben?
4394 2733 6448 3014 Julia: Bedeut' ich dir wirklich so viel
4397 2930 5615 3164 Westerhaus: Es scheint.
4410 3062 6254 3251 Julia: nu hast einen plan, einen bis
4417 3202 6440 3426 in die Einzelheiten feststehenden Plan
4417 3383 6068 3533 Westerhaus: Warum vermutest du?
4422 3526 6417 3786 Julia: Du sagtest, sie müsste gelingen,
