6952 4360
1504 549 2089 755 zusammen anordnissen
315 716 1901 995 xxx seb mejeg aab das Reuschei-
358 885 1774 1177 in xxx waren xxx xxx
691 1046 1680 1289 . ddoleflelv heröda
212 1195 1938 1474 _3.. aiss2 xxx 'diew nie :xxann¬
224 1343 2126 1586 Kleilnien xxx. xxx anla eiw xxx
300 1462 2150 1738 exoüt mehlem sihid maa ifo2. febsaR
394 1653 2153 1904 sai Jstefus. xxx en sa! dal äussa!
288 1756 2189 2083 vigpris (e) miella Jntel aiv dei
646 1980 1989 2247 (da zii xxx idas xxx mna
1923 2108 2192 2235 G.C.F.P.
1243 2111 2183 2384 ondi Jsfol).
3712 306 4794 634 Zielte. konnte Sie!
3712 503 5540 795 Ma. très lept vérit gefelles
3712 761 5331 1064 Jnd. E. - als in fest!
3715 822 6080 1277 Sie ist dort cent am Shlan. u
3845 1186 4667 1495 sibt seulx
3824 1313 6268 1622 m0. Er une de lutte. Ce t-il d pue
3697 1531 5780 1868 be. Bekleverweil zu Meck.
3827 1725 6101 2092 sich. C. um betrifft bei den
3921 2001 5337 2268 Thiune Revaree.
3976 2098 6032 2393 if we were in the time
3736 2365 5944 2687 de- Si ce - si il va vermeille
4018 2605 4658 2805 Hansch
3833 2614 6177 3017 zw...  Ail fol. deine. &c.
3857 2860 5965 3187 but hei vielleicht auch eine
4042 3117 5929 3369 vorhanden. Aber in complicant
4057 3357 4631 3518 alle..
3930 3339 5916 3712 the last a pliebte wapd in
3900 3639 4394 3948 Tent
