3464 3960
1147 391 1305 582 12.
456 556 2427 805 Seraphine, Max'Aurelie und Falkenir kommen.
472 717 2575 937 Ein harmloses Gespräch, mit Haltung gefuhrt.
436 895 3034 1141 Seraphine wird durch ihren Vater abberufen. Sie entfern
481 1057 2016 1241 sich mit einiger Aengstlichkeit.
436 1179 3024 1354 Max bleibt absichtlich, das Gepräch wird es bedenklicher
439 1357 2931 1593 Aurelie nimmt Abschied von Max und Max entfernt sich.
543 1493 2423 1735 I am etc. but in Jervis K. untheft ble
