3560 4456
2840 455 3026 637 162
1104 523 2989 851 (Fest möchte ich hoffen, dass
928 801 3122 1012 mir nicht kommt. Sollte ich wieder einmal
900 956 2995 1145 was ich begonnen, nicht gewachsen sein?
1247 1067 2741 1278 Ist Zeit oder schlimm - dass F. kommt.
2822 1101 2955 1225 G.F.P.
1507 1169 2357 1324 Ihr mittel.
1924 1278 2893 1609 le but il se mettout
1061 1302 1603 1504 Falkenir
712 1336 1027 1593 Ambros
1609 1439 1992 1599 la dol.
739 1507 835 1612 M.
687 1547 2203 1754 Falkenir: Ambros,wo ist sie?
699 1596 3190 1887 Ambros: sie ist hier. Wenige Schritte von yhnen.
693 1841 3140 2039 Geeld. Ich habe es für meine Pflicht gehalten.
687 1958 3097 2153 Sie werden dann tun, was Ihnen gut dünkt. Aber
2497 2070 2982 2221 sant aussi a
708 2166 2280 2357 zuerst sollen Sie alles hören.
2221 2153 3032 2339 wenn he de lest.
712 2265 3106 2515 Falkenir: Ich will nicht fragen. Ich will sie
696 2401 3091 2695 zurück haben. Ich in diese ganze Zeit umher
724 2540 3162 2837 gewandert wie ein Schuldiger,wie ei Narr. Was
746 2713 3171 2927 immer geschehen, ich bin der hundertfach Schul-
2441 2849 3153 2973 une vie en stver.
789 2890 3060 3156 tige. Woher sie immer kommt,Ambros, ich werde
770 3115 1745 3310 mein Wort einlösen.
773 3134 3072 3453 umbros: Das eben ist es. Sie gaben Ihr Wort.
900 3385 3078 3607 glauben sich verpflichtet. Das ist's,was
947 3536 3233 3728 gefürchtet habe. Sie haben keine Verpflich-
1182 3812 3258 4099 Sie sprechen, wie wenn sie eine Verwor-
