6904 4184
1012 287 2114 582 Sei werken...
3739 257 6128 567 Cultiv... Hanf ist mit in i 8h
579 293 794 546 E
920 439 3246 726 Gysax. that wende no in Bild
3906 436 5077 690 empangen haben.
899 585 3037 890 nicht
3903 609 5372 893 forl. The a/m And
1009 735 3368 1048 but I have a very
4011 803 6334 1093 not had on a Hand in the first
1012 994 3186 1227 mevere Bilder auch wie es mir einen
3727 1033 5423 1287 Au xxx
982 1200 3368 1421 beliebt.. wird ich Ihnen ein Bild schercken.
4008 1221 5984 1553 Will E.A. I. & A.... will him
5014 1398 5653 1574 then when
1144 1407 3237 1714 - is hab nur de Zeit jusqu'à cet
4070 1454 6050 1669 nicht wol die mir rück:
923 1633 3315 1887 Ruche.. I doeck van coemte aa Curlin
4005 1693 6265 1947 Just. (het n for lein inge r).
1042 1851 2622 2114 up 5. Februar
4025 1908 5975 2153 Oct 11 Loft, Sr Arch.....
1881 2010 2138 2138 in
1063 2069 3360 2296 Ich habe ull nicht bei gesetz¬
4073 2081 6182 2341 Aus, auf in H u Trinken.
1057 2237 3073 2476 the Uncht.    he  (manchueel)
4142 2371 5647 2592 de ceci en eu jeté
1308 2416 3282 2598 in eien tän... Geb to Acht...
4058 2505 6459 2825 Zi t. Sei stelligsten bereit! Es ist
1156 2571 3091 2810 defs Uhr.. edle Hauptvittiene
5053 2688 6629 2944 de cette, &, il faut surtout
4551 2738 5850 2950 (In clost in).
1135 2750 3079 3028 in einem Kerb aufsachtet!
4321 2888 6465 3159 Kri Sie... in Herren. Ehe wollen
908 2953 2935 3180 Will Eife. Wolle hi nicht tin,
5313 3064 6519 3249 Anton. Meine Seren
4237 3168 5247 3363 saver...
5405 3210 6615 3428 cten. Ob segen a Tein
1251 3124 1735 3389 yours it.
979 3333 2849 3643 Ducke. (but I had for 2 & 1
4076 3300 5650 3604 Curt. Wir ist der E.
2700 3440 2989 3578 roll
1177 3512 3204 3813 nbrfertig! N.Y. & the
4022 3533 6226 3897 Dr Sir Subiect in Eure
1120 3691 3100 3936 in H. anlieter, den Credi¬
