2904 3592
2385 424 2551 545 101
688 502 2606 700 Maktor: Dass ihn forter ich hin ja froh, dass er
1190 674 1504 764 enndleit
1016 657 2542 873 (wieaer. sinnal) da ist Iwiriy hat Ihnen
1052 800 2687 964 wohl gesagt um was ich Sie bitten wollte.
1599 895 1923 981 sie wrdlen
1069 923 2697 1069 Ja gewiss. Es handelt sich um diesen Auf-
695 895 821 1076 1r
1061 1038 2720 1204 5.t7. für Tareri Fauen Verin. Jenienweiss
1954 1142 2654 1280 he in. cb de berer e
1071 1176 1288 1250 26
1061 1192 1816 1335 Micht allei darum.
707 1221 992 1345 Matter:
1059 1285 2680 1449 Aber ieh vereiehre sie gränigs Frau, ich
714 1361 840 1452 Tr..
1069 1397 2701 1576 bin nicht desshalh gekommen. Fir einen Sre-
1076 1549 2628 1683 ber dürfen Sie mich nicht halten. Herr
1069 1685 2727 1842 van Zack hat nämlich einer Frack für mich
1081 1828 1606 1940 hergeschickt.
762 1959 2013 2082 Berta: Ac, darum sind es zwei.
728 2059 2318 2216 Mutter: Sie gehen auch auf diesen Ball?
490 2320 1618 2463 Blo innach bie den ein
526 2416 1897 2632 Ich sih laheen Wegwor.
350 2473 488 2563 tr
257 2558 1954 2751 und weis klänte dt Weg was
255 2727 1097 2911 gelobt kan.
