3000 3640
2414 370 2571 533 198
713 550 929 637 Lisa:
1007 518 2680 668 Du bist so- jung, Wiliy. Mir ist beinah als
1059 626 2608 800 warst du fünger, als ich. kannst du für
1014 746 2762 920 die Erigkeit bürgend Weinsag nichts, nichts
1018 881 2636 1061 ich will gar nichts hörn. Ich weiss, dass
1014 1035 2664 1166 Du mich iebst. Una ich sag Dir nur; seibst
1046 1124 2547 1305 wenn morgen alles zuende wäre, wenn Du
1051 1253 2595 1416 mier morgnverliesstst, wenn ich menls
659 1390 1079 1544 weder er
1042 1375 2656 1542 nehe von dir hörte, weil du phötzlich an-
966 1494 2630 1660 ringst mich zu verachten oder weil du frei-
1051 1633 1655 1794 sein willst....
1035 1764 1399 1927 Eisa...
729 1768 955 1955 11215
1011 1879 2638 2036 das schwör ich Dir; nichts, nichts könnte
735 1916 922 2031 Lisa
1686 1984 1905 2058 hne
1009 1992 2621 2140 mir die Frinnerungateser Tageszerstören.
1088 2099 2023 2188 in diese einedervolle der
1053 2108 2667 2292 Es kommen schönere. Tausendfach schönere.
726 2175 977 2290 Wiliv:
1053 2223 2447 2416 Hab keine Angst Bisa. Ich weiss ja.
1053 2334 2593 2525 das ist ss. Du hast Angst. Glaub mir jeg
1161 2473 1522 2556 meinel
1061 2484 2571 2662 wird ketnelsurgen für Dich geben, auch
1011 2608 2667 2769 wenn sich alld von Dir-abwenden. Wenn ich
1024 2723 2606 2893 Dich erstshahe, für immer, in Frieden, in
807 2788 1142 2982 Sitectes
1033 2838 2573 3012 ate, dann werd ich ie erheigen wie nie
1035 2975 2662 3162 ein Mensch gearbeitst hat. Du kennst mich
