3032 3752
1089 512 2117 686 Ohn Ihnen Shwechel zu woll.
746 665 2471 819 Steirbr: Das hätten Sie doch nicht notwendi-
1150 792 1358 938 Rapr.
1067 911 2654 1022 Wer denn, als ich? Gibt es überhaupt ein
798 925 958 1060 lapp:
1240 1008 1615 1096 infameren
1062 1003 2672 1157 niederträchtigeres Los als das meinegt
1085 1118 2787 1288 ewigen Weher vernrsn, herumzugehen
1116 1270 2686 1389 unter Merschen, in deren Seele man hin-
1128 1371 2798 1572 einzuschauen verman wie kein anderer Fhurch
1134 1524 2550 1651 eine Zedt schreiten, deren Atenman
1125 1644 2537 1790 spürt wie niemand sonst fAlle Liene
1087 1763 2724 1912 allen Hass; alle Wüchternheit allen Wahn
1134 1854 2771 2027 sinn, allen Schurkerei und alle Kise, Gufe
1170 2018 2756 2167 alle Dummnreit und Flugheit der Mensch-
1143 2133 2652 2284 heit erfasst haben wie keiner-und von.
1899 2239 2129 2320 lis me
1134 2232 2638 2424 allem dem, was man so tiefkerkannt hat
1146 2375 2810 2550 nichts aufbewahren können für ein späteres
1146 2505 2747 2672 Geschlecht. Die ganze Welf in sich tragen
1155 2614 2747 2801 wie Shakespeare und icht einmal so viel
1161 2722 2853 2918 daron aussprechen zu könen wie Herr Gleiss-
1143 2862 2812 3033 ner. Glauben Sie nicht, dass das Qual ge-
1560 2952 2749 3105 jularpe boder neetheilsren
1173 3040 2683 3162 rui 152t uotatetph heten.
979 3096 2794 3317 itr: Und immer dieser Herr Gleissner.. Dens
1763 3173 2753 3371 Gt. Tromint. zus hoh mein tos
