2904 3528
1172 245 1599 465 Frectet u
1640 312 2053 493 serdnnit
2314 526 2446 677 20
738 549 2561 804 was ahntichest An äünlichsten wäre noch inner.
733 669 2005 907 wenn er dehendig geblieben wäre.
746 817 1124 963 (Onruhe
950 886 1949 1032 dan heb hn nal se
383 917 595 1134 Frot.
610 953 2661 1195 J. stoh slaube der Rosauntet von nebenen, se sehr ulr
723 1101 2697 1302 den Infall behlagen müssen, seht uns weiter nichts
715 1233 1813 1425 en. Die Sitzung dauert fort.
720 1338 1387 1481 (Unruhe. Bravol
378 1379 641 1614 prot d.
705 1445 1826 1657 Frau Plattörer hat des Nort.
352 1578 674 1737 Frou RI.
723 1581 2590 1826 Ech senad olerchbesinnte Freunde und freunden-
715 1706 2607 1949 non uneso ponen vir neute eines griesenen Krets
684 1851 2615 2063 vorsammelt. Uckene. Dirchtorgn. Perleger, Künstler
712 1984 2569 2199 und Kunstierlichen singherbelgeströnt, alle et-
667 2109 2475 2372 nas sinnes mit mit fdase dfe situstion Freuen
654 2212 2633 2444 hoss eines Rultzrechetef unwürdis ist und dass sie
171 2291 531 2541 21 wolle
649 2344 2518 2638 niont vortrauben venf sron vordto beras ouosunr
199 2475 472 2628 dbete
674 2523 2536 2733 licher sein, ebge diesehörung hat mich eimvents
192 2592 572 2801 berend
631 2625 2684 2865 aus dem Konzepl gebracht und so elle ich zum Schluss
661 2745 2464 2998 Ieh beattelse, dass die Mer Versanmelten sine
603 2893 1318 3072 Rosolution Boren
1336 2906 2559 3210 r m e  e
192 2944 1262 3233 & der Bewolht appellen
