<?xml version="1.0" encoding="UTF-8" standalone="yes"?>
<PcGts xmlns="http://schema.primaresearch.org/PAGE/gts/pagecontent/2013-07-15" xmlns:xsi="http://www.w3.org/2001/XMLSchema-instance" xsi:schemaLocation="http://schema.primaresearch.org/PAGE/gts/pagecontent/2013-07-15 http://schema.primaresearch.org/PAGE/gts/pagecontent/2013-07-15/pagecontent.xsd">
    <Metadata>
        <Creator>prov=READ-COOP:name=PyLaia@TranskribusPlatform:version=2.7.0:model_id=50870:lm=none:date=22_01_2024_20:54</Creator>
        <Created>2023-09-27T14:39:31.054+02:00</Created>
        <LastChange>2024-01-22T20:54:57.710+01:00</LastChange>
        <TranskribusMetadata docId="1589056" pageId="60125802" pageNr="40" tsid="145641300" status="IN_PROGRESS" userId="40391" imgUrl="https://files.transkribus.eu/Get?id=KAKQIDPXQEWANPICEJAIGNCG&amp;fileType=view" xmlUrl="https://files.transkribus.eu/Get?id=ZQWFQTOEPPSWJUHGEPVEZINU" imageId="48550879"/>
    </Metadata>
    <Page imageFilename="1589056_0040.jpg" imageWidth="3128" imageHeight="3704">
        <ReadingOrder>
            <OrderedGroup id="ro_1711790172781" caption="Regions reading order">
                <RegionRefIndexed index="0" regionRef="tr_1"/>
            </OrderedGroup>
        </ReadingOrder>
        <TextRegion orientation="0.0" id="tr_1" custom="readingOrder {index:0;}">
            <Coords points="402,446 402,3228 2907,3228 2907,446"/>
            <TextLine id="tr_1_tl_1" custom="readingOrder {index:0;}">
                <Coords points="2492,546 2517,552 2523,546 2535,560 2543,555 2552,560 2566,546 2584,560 2601,549 2618,560 2638,558 2647,434 2586,445 2561,428 2532,448 2515,434 2500,434"/>
                <Baseline points="2514,500 2541,499 2568,497 2595,496 2622,493 2650,489"/>
                <TextEquiv>
                    <Unicode>34</Unicode>
                </TextEquiv>
            </TextLine>
            <TextLine id="tr_1_tl_2" custom="readingOrder {index:1;}">
                <Coords points="1842,558 1908,583 1980,566 2035,595 2118,558 2242,589 2342,552 2448,578 2451,417 2276,411 2170,468 2109,443 1940,443 1842,405"/>
                <Baseline points="1859,534 1889,533 1919,531 1949,531 1979,530 2009,528 2039,522 2069,519 2099,519 2129,519 2159,518 2189,516 2219,518 2249,518 2279,516 2309,520 2339,523 2369,525 2399,527 2429,528 2459,528"/>
                <TextEquiv>
                    <Unicode>solcte Gerkon</Unicode>
                </TextEquiv>
            </TextLine>
            <TextLine id="tr_1_tl_3" custom="readingOrder {index:2;}">
                <Coords points="1351,583 1411,583 1448,555 1486,558 1491,431 1477,431 1454,414 1431,417 1408,397 1359,399"/>
                <Baseline points="1369,552 1399,557 1430,554 1461,551 1492,549"/>
                <TextEquiv>
                    <Unicode>11</Unicode>
                </TextEquiv>
            </TextLine>
            <TextLine id="tr_1_tl_4" custom="readingOrder {index:3;}">
                <Coords points="739,741 922,767 1069,675 1170,667 1575,667 1667,721 1831,687 1923,724 2055,675 2555,678 2767,626 2770,543 2000,575 1928,618 1828,566 1581,609 1471,555 1236,618 997,595 741,670"/>
                <Baseline points="755,704 856,691 957,682 1058,673 1159,668 1260,662 1361,661 1462,657 1563,653 1664,649 1765,647 1866,644 1967,641 2068,635 2169,632 2270,628 2371,623 2472,622 2573,616 2674,612 2775,599"/>
                <TextEquiv>
                    <Unicode>. glaude es hab Augenblicke, in denen ich audte-</Unicode>
                </TextEquiv>
            </TextLine>
            <TextLine id="tr_1_tl_5" custom="readingOrder {index:4;}">
                <Coords points="1003,759 1040,770 1112,739 1253,770 1328,724 1359,744 1402,727 1532,744 1664,721 1667,687 1532,664 1305,687 1267,658 1230,687 1164,667 1006,690"/>
                <Baseline points="1023,737 1055,732 1087,734 1120,732 1152,730 1185,728 1217,728 1249,728 1282,725 1314,719 1347,719 1379,719 1411,719 1444,719 1476,715 1509,713 1541,713 1573,713 1606,713 1638,711 1671,707"/>
                <TextEquiv>
                    <Unicode>(auhlalt ten denen</Unicode>
                </TextEquiv>
            </TextLine>
            <TextLine id="tr_1_tl_6" custom="readingOrder {index:5;}">
                <Coords points="905,828 2650,773 2655,667 2595,658 2276,701 2227,672 2170,716 2046,684 1954,733 1822,687 1638,744 908,767"/>
                <Baseline points="922,808 1008,810 1095,802 1182,793 1269,793 1356,793 1443,790 1529,785 1616,784 1703,779 1790,778 1877,774 1964,770 2051,767 2137,764 2224,759 2311,758 2398,755 2485,755 2572,752 2659,752"/>
                <TextEquiv>
                    <Unicode>dener aufschauen durfts, wie zu Heiligen.</Unicode>
                </TextEquiv>
            </TextLine>
            <TextLine id="tr_1_tl_7" custom="readingOrder {index:6;}">
                <Coords points="606,897 894,911 1006,871 1167,925 1391,920 1471,865 1934,899 2431,865 2512,920 2635,922 2762,911 2765,739 2494,810 2359,773 2204,819 1997,770 1796,836 1586,790 1247,836 606,822"/>
                <Baseline points="623,862 730,862 837,865 944,864 1052,867 1159,865 1266,867 1374,862 1481,867 1588,863 1696,859 1803,856 1910,853 2017,854 2125,855 2232,853 2339,856 2447,854 2554,852 2661,844 2769,838"/>
                <TextEquiv>
                    <Unicode>degut bersb Sh set cae c 1o tecnt verus</Unicode>
                </TextEquiv>
            </TextLine>
            <TextLine id="tr_1_tl_8" custom="readingOrder {index:7;}">
                <Coords points="1428,971 1523,994 1719,957 1770,986 1842,945 2115,977 2402,943 2402,894 2345,871 1598,905 1468,862 1428,888"/>
                <Baseline points="1444,922 1492,925 1540,926 1589,930 1637,929 1685,931 1734,930 1782,926 1830,925 1879,927 1927,926 1975,928 2024,931 2072,934 2120,928 2169,929 2217,930 2265,928 2314,928 2362,930 2411,931"/>
                <TextEquiv>
                    <Unicode>ii wolle prack.  vrtet</Unicode>
                </TextEquiv>
            </TextLine>
            <TextLine id="tr_1_tl_9" custom="readingOrder {index:8;}">
                <Coords points="920,1003 934,1003 945,991 960,1003 991,1000 1020,1020 1046,1014 1069,1020 1069,879 1049,876 1029,891 1014,876 1003,882 971,879 963,888 920,897"/>
                <Baseline points="934,943 962,941 991,943 1019,943 1048,942 1077,940"/>
                <TextEquiv>
                    <Unicode>ont</Unicode>
                </TextEquiv>
            </TextLine>
            <TextLine id="tr_1_tl_10" custom="readingOrder {index:9;}">
                <Coords points="546,968 583,971 598,960 632,971 644,963 698,968 759,957 762,874 736,879 704,868 658,908 624,891 595,902 580,891 566,902 549,899"/>
                <Baseline points="561,958 586,955 612,955 638,955 664,955 689,955 715,955 741,954 767,952"/>
                <TextEquiv>
                    <Unicode>Zack:</Unicode>
                </TextEquiv>
            </TextLine>
            <TextLine id="tr_1_tl_11" custom="readingOrder {index:10;}">
                <Coords points="543,1127 1075,1147 1345,1092 1480,1124 1937,1072 2012,1118 2233,1049 2661,1060 2756,1003 2848,1037 2851,948 2698,899 2402,991 2345,945 1624,1009 1486,974 1402,1003 1354,960 885,1032 549,1023"/>
                <Baseline points="561,1080 675,1076 790,1074 905,1067 1020,1065 1135,1062 1250,1056 1365,1051 1480,1049 1595,1042 1710,1040 1824,1032 1939,1031 2054,1023 2169,1016 2284,1017 2399,1015 2514,1007 2629,1005 2744,998 2859,990"/>
                <TextEquiv>
                    <Unicode>Frau Fl: (Und sonderbar es war gerade sie Zett, in der ich</Unicode>
                </TextEquiv>
            </TextLine>
            <TextLine id="tr_1_tl_12" custom="readingOrder {index:11;}">
                <Coords points="899,1264 1787,1250 1989,1204 2040,1247 2584,1161 2693,1190 2696,1083 2336,1098 2233,1049 2006,1121 1592,1092 1523,1135 905,1135"/>
                <Baseline points="919,1193 1008,1196 1097,1193 1186,1187 1276,1187 1365,1184 1454,1181 1543,1175 1633,1172 1722,1172 1811,1167 1900,1167 1990,1164 2079,1158 2168,1158 2257,1152 2347,1149 2436,1143 2525,1140 2614,1137 2704,1128"/>
                <TextEquiv>
                    <Unicode>einsam in einem kletnen norwegtschen Fischer.</Unicode>
                </TextEquiv>
            </TextLine>
            <TextLine id="tr_1_tl_13" custom="readingOrder {index:12;}">
                <Coords points="509,1230 543,1224 572,1241 618,1221 652,1244 747,1198 862,1193 871,1132 822,1132 799,1112 718,1141 701,1132 661,1158 612,1124 526,1127"/>
                <Baseline points="528,1211 554,1211 580,1213 606,1214 632,1212 658,1208 684,1203 711,1195 737,1187 763,1183 789,1180 815,1179 841,1172 868,1164"/>
                <TextEquiv>
                    <Unicode>nah de</Unicode>
                </TextEquiv>
            </TextLine>
            <TextLine id="tr_1_tl_14" custom="readingOrder {index:13;}">
                <Coords points="733,1371 980,1414 1420,1391 1555,1310 1986,1287 2118,1302 2173,1359 2448,1293 2566,1336 2747,1310 2753,1147 2417,1230 2152,1207 2046,1256 1839,1221 736,1262"/>
                <Baseline points="750,1333 850,1324 950,1325 1051,1321 1151,1319 1251,1316 1352,1312 1452,1305 1552,1304 1653,1295 1753,1294 1853,1290 1954,1283 2054,1280 2154,1279 2255,1275 2355,1272 2455,1268 2556,1262 2656,1260 2757,1253"/>
                <TextEquiv>
                    <Unicode>der dorf lobte, Stunde um Stunde, tggelang im Sand</Unicode>
                </TextEquiv>
            </TextLine>
            <TextLine id="tr_1_tl_15" custom="readingOrder {index:14;}">
                <Coords points="379,1405 408,1417 443,1394 457,1397 471,1388 491,1405 526,1388 540,1391 558,1282 523,1282 509,1264 503,1270 486,1264 460,1285 397,1290"/>
                <Baseline points="402,1355 427,1352 453,1350 478,1346 504,1341 529,1337 555,1334"/>
                <TextEquiv>
                    <Unicode>an</Unicode>
                </TextEquiv>
            </TextLine>
            <TextLine id="tr_1_tl_16" custom="readingOrder {index:15;}">
                <Coords points="1612,1379 1693,1388 1733,1359 1796,1371 1888,1354 1963,1377 2101,1354 2092,1296 2017,1310 1989,1287 1917,1308 1874,1290 1787,1302 1773,1287 1693,1322 1647,1296 1615,1308"/>
                <Baseline points="1629,1366 1654,1364 1679,1361 1704,1358 1729,1356 1754,1354 1779,1353 1804,1351 1829,1349 1854,1349 1879,1349 1904,1347 1929,1346 1954,1346 1979,1347 2004,1348 2029,1348 2054,1346 2079,1342 2104,1337"/>
                <TextEquiv>
                    <Unicode>in secim far</Unicode>
                </TextEquiv>
            </TextLine>
            <TextLine id="tr_1_tl_17" custom="readingOrder {index:16;}">
                <Coords points="879,1480 983,1526 1193,1526 1411,1477 1520,1512 1696,1471 1946,1491 2313,1400 2719,1411 2721,1351 2604,1313 2546,1354 2244,1333 1592,1408 1463,1374 882,1400"/>
                <Baseline points="895,1447 986,1449 1078,1447 1169,1443 1261,1440 1352,1435 1444,1434 1535,1429 1627,1428 1718,1424 1810,1420 1901,1418 1993,1414 2084,1410 2176,1406 2267,1403 2359,1399 2450,1396 2542,1387 2633,1387 2725,1384"/>
                <TextEquiv>
                    <Unicode>lag wie Gott michserschäffen. Damals hatte ich</Unicode>
                </TextEquiv>
            </TextLine>
            <TextLine id="tr_1_tl_18" custom="readingOrder {index:17;}">
                <Coords points="405,1477 428,1480 451,1466 480,1466 486,1477 509,1471 529,1483 563,1460 586,1466 601,1382 563,1388 549,1377 500,1405 471,1394 440,1402 420,1397"/>
                <Baseline points="423,1453 448,1453 474,1452 499,1447 525,1441 550,1434 576,1431 602,1429"/>
                <TextEquiv>
                    <Unicode>res</Unicode>
                </TextEquiv>
            </TextLine>
            <TextLine id="tr_1_tl_19" custom="readingOrder {index:18;}">
                <Coords points="920,1618 1023,1647 1287,1578 1382,1632 1483,1606 1552,1641 1724,1560 1897,1615 2423,1581 2569,1618 2825,1540 2828,1457 2474,1489 2428,1451 2060,1443 1894,1509 1701,1471 1624,1532 1414,1474 1287,1552 1155,1509 922,1526"/>
                <Baseline points="934,1578 1028,1578 1123,1575 1218,1572 1313,1569 1408,1566 1503,1563 1598,1559 1693,1556 1788,1553 1883,1547 1977,1543 2072,1540 2167,1537 2262,1533 2357,1531 2452,1526 2547,1526 2642,1522 2737,1516 2832,1504"/>
                <TextEquiv>
                    <Unicode>Träume... damals, sa nur damals war ich eine Dir</Unicode>
                </TextEquiv>
            </TextLine>
            <TextLine id="tr_1_tl_20" custom="readingOrder {index:19;}">
                <Coords points="911,1767 954,1773 963,1764 983,1764 994,1773 1020,1747 1043,1764 1066,1764 1066,1627 1029,1621 997,1644 968,1615 948,1627 940,1618 911,1618"/>
                <Baseline points="928,1707 956,1709 985,1710 1013,1710 1042,1708 1071,1707"/>
                <TextEquiv>
                    <Unicode>ne.</Unicode>
                </TextEquiv>
            </TextLine>
            <TextLine id="tr_1_tl_21" custom="readingOrder {index:20;}">
                <Coords points="928,1897 1808,1882 1980,1813 2879,1787 2882,1719 2704,1687 2572,1727 2345,1609 2147,1701 2035,1641 1934,1667 1851,1632 1664,1727 934,1770"/>
                <Baseline points="946,1838 1043,1832 1140,1829 1237,1826 1334,1824 1431,1818 1528,1817 1625,1814 1722,1811 1819,1805 1916,1804 2013,1799 2110,1792 2207,1790 2304,1790 2401,1781 2498,1781 2595,1776 2692,1772 2789,1769 2886,1766"/>
                <TextEquiv>
                    <Unicode>(mit natven staunen ) Sorstnd sie, gnddige Fraut</Unicode>
                </TextEquiv>
            </TextLine>
            <TextLine id="tr_1_tl_22" custom="readingOrder {index:21;}">
                <Coords points="569,1917 586,1920 629,1897 649,1894 670,1908 701,1894 750,1920 782,1920 787,1779 770,1776 759,1787 736,1773 721,1785 707,1776 687,1785 661,1770 644,1776 595,1747 575,1750"/>
                <Baseline points="587,1847 612,1847 637,1847 663,1847 688,1847 713,1846 739,1844 764,1843 790,1841"/>
                <TextEquiv>
                    <Unicode>Zach:</Unicode>
                </TextEquiv>
            </TextLine>
            <TextLine id="tr_1_tl_23" custom="readingOrder {index:22;}">
                <Coords points="2081,1900 2121,1894 2135,1911 2184,1914 2239,1885 2282,1908 2319,1888 2368,1900 2423,1877 2477,1891 2483,1793 2391,1831 2339,1790 2273,1825 2219,1808 2086,1810"/>
                <Baseline points="2098,1874 2123,1879 2149,1880 2175,1880 2201,1878 2227,1875 2253,1870 2279,1870 2304,1874 2330,1872 2356,1870 2382,1865 2408,1861 2434,1859 2460,1855 2486,1850"/>
                <TextEquiv>
                    <Unicode>ken de d</Unicode>
                </TextEquiv>
            </TextLine>
            <TextLine id="tr_1_tl_24" custom="readingOrder {index:23;}">
                <Coords points="575,2035 790,2052 986,1986 1178,2014 1437,1960 1566,1997 1635,1948 1805,1983 1966,1934 2017,1969 2043,1868 578,1914"/>
                <Baseline points="590,1972 662,1972 735,1972 808,1969 880,1966 953,1967 1026,1963 1098,1963 1171,1958 1244,1954 1317,1953 1389,1949 1462,1949 1535,1946 1607,1943 1680,1943 1753,1938 1825,1934 1898,1932 1971,1929 2044,1928"/>
                <TextEquiv>
                    <Unicode>Frau Fl: So sind wir alle, Herr Zach.</Unicode>
                </TextEquiv>
            </TextLine>
            <TextLine id="tr_1_tl_25" custom="readingOrder {index:24;}">
                <Coords points="1931,1994 2014,1997 2023,2009 2132,2000 2193,2017 2305,1980 2308,1905 2239,1888 2187,1914 2129,1902 2095,1928 2063,1920 2026,1946 1966,1934 1934,1943"/>
                <Baseline points="1949,1981 1975,1984 2001,1987 2027,1987 2053,1986 2079,1985 2105,1984 2131,1984 2157,1984 2183,1983 2209,1980 2235,1976 2261,1973 2287,1969 2313,1966"/>
                <TextEquiv>
                    <Unicode>überbeit</Unicode>
                </TextEquiv>
            </TextLine>
            <TextLine id="tr_1_tl_26" custom="readingOrder {index:25;}">
                <Coords points="914,2104 1092,2129 1466,2081 1598,2118 1825,2060 1920,2098 2158,2055 2471,2132 2724,2104 2730,1989 2592,1951 2178,2017 1874,1957 1759,2003 1535,1983 1098,2052 917,2014"/>
                <Baseline points="931,2089 1021,2089 1111,2084 1201,2085 1291,2080 1381,2075 1471,2074 1561,2069 1651,2065 1741,2060 1832,2059 1922,2057 2012,2053 2102,2050 2192,2047 2282,2047 2372,2047 2462,2041 2552,2038 2642,2035 2733,2029"/>
                <TextEquiv>
                    <Unicode>Das dürfte doch wohl eine Irrtum sein, Roddige</Unicode>
                </TextEquiv>
            </TextLine>
            <TextLine id="tr_1_tl_27" custom="readingOrder {index:26;}">
                <Coords points="566,2158 609,2155 618,2164 695,2144 750,2158 773,2141 799,2141 802,2046 773,2040 750,2049 724,2035 713,2046 672,2026 624,2052 612,2046 595,2058 569,2058"/>
                <Baseline points="584,2101 612,2103 640,2104 668,2104 696,2104 724,2104 752,2102 780,2101 808,2101"/>
                <TextEquiv>
                    <Unicode>Zach:</Unicode>
                </TextEquiv>
            </TextLine>
            <TextLine id="tr_1_tl_28" custom="readingOrder {index:27;}">
                <Coords points="1466,2190 1535,2213 1604,2178 1739,2204 1905,2181 1954,2221 2069,2181 2115,2198 2141,2190 2144,2078 2101,2063 1957,2124 1871,2069 1787,2112 1730,2083 1572,2121 1468,2086"/>
                <Baseline points="1480,2157 1513,2160 1546,2162 1580,2163 1613,2163 1647,2163 1680,2161 1713,2160 1747,2160 1780,2157 1814,2157 1847,2157 1880,2157 1914,2155 1947,2154 1981,2154 2014,2154 2047,2154 2081,2152 2114,2149 2148,2145"/>
                <TextEquiv>
                    <Unicode>Bros hedic mut</Unicode>
                </TextEquiv>
            </TextLine>
            <TextLine id="tr_1_tl_29" custom="readingOrder {index:28;}">
                <Coords points="931,2244 966,2259 991,2250 1009,2265 1109,2227 1213,2221 1253,2242 1287,2233 1287,2144 1227,2158 1158,2150 1132,2164 1032,2152 1006,2129 931,2147"/>
                <Baseline points="946,2220 972,2220 999,2220 1026,2220 1053,2220 1080,2220 1107,2218 1133,2217 1160,2217 1187,2216 1214,2214 1241,2218 1268,2220 1295,2220"/>
                <TextEquiv>
                    <Unicode>Frau.</Unicode>
                </TextEquiv>
            </TextLine>
            <TextLine id="tr_1_tl_30" custom="readingOrder {index:29;}">
                <Coords points="905,2397 1589,2333 1839,2351 1914,2402 2267,2319 2744,2336 2716,2210 2509,2247 2055,2187 1647,2285 1497,2233 1305,2288 908,2293"/>
                <Baseline points="925,2342 1016,2347 1107,2341 1198,2339 1290,2339 1381,2336 1472,2331 1564,2330 1655,2323 1746,2322 1838,2319 1929,2317 2020,2316 2111,2314 2203,2308 2294,2305 2385,2301 2477,2298 2568,2295 2659,2292 2751,2280"/>
                <TextEquiv>
                    <Unicode>wenn ich eine Frau liebte, Zack, Ich würde sie</Unicode>
                </TextEquiv>
            </TextLine>
            <TextLine id="tr_1_tl_31" custom="readingOrder {index:30;}">
                <Coords points="572,2431 592,2428 609,2440 672,2431 690,2440 716,2420 730,2420 730,2267 675,2276 661,2265 652,2273 635,2259 572,2265"/>
                <Baseline points="587,2360 612,2362 637,2363 662,2361 687,2360 712,2360 737,2363"/>
                <TextEquiv>
                    <Unicode>Nr:</Unicode>
                </TextEquiv>
            </TextLine>
            <TextLine id="tr_1_tl_32" custom="readingOrder {index:31;}">
                <Coords points="945,2515 1285,2543 1362,2486 1474,2523 2181,2451 2882,2469 2885,2368 2385,2394 2236,2342 2118,2391 1813,2408 948,2405"/>
                <Baseline points="961,2471 1057,2477 1154,2474 1250,2468 1347,2465 1443,2465 1540,2460 1636,2456 1733,2453 1829,2449 1926,2447 2023,2444 2119,2441 2216,2438 2312,2435 2409,2431 2505,2429 2602,2426 2698,2424 2795,2426 2892,2423"/>
                <TextEquiv>
                    <Unicode>überall hinführen. Zu Hinrichtungen, in Pordelle,</Unicode>
                </TextEquiv>
            </TextLine>
            <TextLine id="tr_1_tl_33" custom="readingOrder {index:32;}">
                <Coords points="994,2644 1555,2667 1770,2595 2181,2572 2828,2595 2854,2506 2532,2474 2402,2520 2351,2483 2175,2526 2052,2486 1839,2543 1701,2494 1365,2549 1322,2512 1279,2546 997,2538"/>
                <Baseline points="1014,2605 1106,2606 1198,2602 1291,2602 1383,2596 1476,2593 1568,2590 1660,2589 1753,2584 1845,2580 1938,2578 2030,2575 2122,2572 2215,2567 2307,2566 2400,2566 2492,2558 2584,2557 2677,2554 2769,2548 2862,2542"/>
                <TextEquiv>
                    <Unicode>in Gefangenhäuser, in die Ketakomben, ins Per-</Unicode>
                </TextEquiv>
            </TextLine>
            <TextLine id="tr_1_tl_34" custom="readingOrder {index:33;}">
                <Coords points="951,2802 1150,2811 1282,2762 1385,2793 1664,2716 1785,2779 1946,2727 2141,2765 2408,2701 2494,2742 2696,2687 2900,2710 2902,2586 2736,2569 2328,2658 1805,2624 1655,2673 957,2673"/>
                <Baseline points="970,2736 1066,2736 1163,2733 1260,2728 1357,2727 1454,2722 1551,2717 1647,2713 1744,2710 1841,2706 1938,2704 2035,2701 2132,2698 2229,2698 2325,2692 2422,2692 2519,2688 2616,2686 2713,2683 2810,2680 2907,2674"/>
                <TextEquiv>
                    <Unicode>lement. Man kennt eine Frau nicht, Zack, ehe sich</Unicode>
                </TextEquiv>
            </TextLine>
            <TextLine id="tr_1_tl_35" custom="readingOrder {index:34;}">
                <Coords points="951,2905 2167,2825 2681,2851 2808,2816 2811,2779 2420,2744 2316,2785 2020,2753 1940,2793 1874,2744 1635,2799 1483,2762 954,2808"/>
                <Baseline points="967,2871 1059,2868 1152,2865 1244,2859 1337,2859 1429,2853 1522,2850 1614,2847 1707,2841 1799,2839 1892,2835 1984,2833 2077,2827 2169,2823 2262,2823 2354,2821 2447,2817 2539,2814 2632,2814 2724,2808 2817,2802"/>
                <TextEquiv>
                    <Unicode>nicht jeder Winkel der Welt in ihren Augen ge-</Unicode>
                </TextEquiv>
            </TextLine>
            <TextLine id="tr_1_tl_36" custom="readingOrder {index:35;}">
                <Coords points="1604,2902 1762,2931 1946,2897 2009,2923 2463,2908 2520,2897 2523,2842 2345,2828 2305,2857 2170,2822 2029,2865 1604,2871"/>
                <Baseline points="1620,2901 1665,2901 1710,2899 1755,2896 1801,2895 1846,2895 1891,2892 1936,2892 1982,2895 2027,2895 2072,2892 2117,2892 2163,2889 2208,2886 2253,2883 2298,2883 2344,2880 2389,2880 2434,2880 2479,2880 2525,2877"/>
                <TextEquiv>
                    <Unicode>a e v.r unde per bor</Unicode>
                </TextEquiv>
            </TextLine>
            <TextLine id="tr_1_tl_37" custom="readingOrder {index:36;}">
                <Coords points="963,3052 2319,2951 2632,3015 2816,2980 2822,2842 2606,2825 2520,2900 2313,2920 1124,2900 968,2943"/>
                <Baseline points="981,3002 1073,2999 1165,2996 1257,2993 1350,2987 1442,2986 1534,2978 1626,2975 1719,2972 1811,2968 1903,2964 1995,2965 2088,2960 2180,2957 2272,2952 2364,2948 2457,2948 2549,2946 2641,2945 2733,2945 2826,2936"/>
                <TextEquiv>
                    <Unicode>splegelt hatz) Und man besttet eine Fraunicht</Unicode>
                </TextEquiv>
            </TextLine>
            <TextLine id="tr_1_tl_38" custom="readingOrder {index:37;}">
                <Coords points="1491,3058 2138,3061 2210,3032 2305,3058 2345,3043 2351,2951 2017,2974 1974,3006 1917,2980 1836,3009 1762,2980 1494,2986"/>
                <Baseline points="1507,3038 1549,3041 1591,3038 1634,3041 1676,3041 1718,3041 1761,3034 1803,3030 1845,3029 1888,3027 1930,3026 1972,3025 2015,3023 2057,3023 2099,3022 2142,3020 2184,3019 2226,3016 2269,3011 2311,3008 2354,3002"/>
                <TextEquiv>
                    <Unicode>Ich will heen ears se</Unicode>
                </TextEquiv>
            </TextLine>
            <TextLine id="tr_1_tl_39" custom="readingOrder {index:38;}">
                <Coords points="971,3170 2408,3121 2813,3184 2842,3020 2132,3066 974,3055"/>
                <Baseline points="987,3130 1080,3127 1173,3124 1266,3120 1359,3117 1452,3113 1545,3113 1638,3110 1731,3104 1824,3107 1917,3097 2010,3095 2103,3092 2196,3089 2289,3086 2382,3084 2475,3081 2568,3076 2661,3077 2754,3071 2847,3068"/>
                <TextEquiv>
                    <Unicode>ene man ste kennt. ack, wenn Sie nicht den Aut</Unicode>
                </TextEquiv>
            </TextLine>
            <TextLine id="tr_1_tl_40" custom="readingOrder {index:39;}">
                <Coords points="670,3244 1193,3227 1310,3273 1445,3204 1675,3219 1675,3147 1586,3135 1503,3170 1345,3130 670,3181"/>
                <Baseline points="686,3208 735,3210 785,3208 835,3211 885,3210 935,3204 985,3202 1034,3199 1084,3198 1134,3199 1184,3196 1234,3196 1284,3196 1334,3196 1383,3196 1433,3195 1483,3191 1533,3192 1583,3195 1633,3196 1683,3193"/>
                <TextEquiv>
                    <Unicode>et na in cumputute</Unicode>
                </TextEquiv>
            </TextLine>
            <TextEquiv>
                <Unicode></Unicode>
            </TextEquiv>
        </TextRegion>
    </Page>
</PcGts>
