3144 3720
536 728 1807 963 Rapp und Gletsener kommen herzu.
2133 760 2386 935 wnleh
843 889 2759 1064 Guten Abend Herr Hofrat, das Ist Ju etne Ueber-
525 943 677 1104 51.
880 1027 2455 1222 raschung, dass Sie wieder in Wien sind.
2578 1021 2827 1181 (sin
1646 1104 2842 1279 rent bend Han Urgist
2546 1213 2882 1325 und tiell
533 1158 1623 1348 Steinpr: Habe die Ehre. (
553 1256 2856 1505 61: UndSte stürzen sich ayeh gleich wieder ins brausende
895 1448 1752 1589 Leben der Grossstadtl
553 1514 2638 1752 Steinbr: (ste finden, dass es da braustl. Bieust
898 1655 2893 1824 (on ich welss ganz gut,/Herr Hofrat, dass sie nicht
551 1735 694 1887 51:
918 1775 2856 2004 der Grossstadt bedürfen, auf dass es Ihnen brau-
915 1904 2810 2076 se. (Wenn ste in Ihren Wuldern herumstrelfen oder
926 2036 2859 2228 auf Ihren Felsen herumklettern, oder in Ihrem Spt.
2222 2142 2552 2237 ihe Hale
918 2168 2759 2351 noza lesen -(aus Ihrer Einsamkelt braust Ihnen
926 2274 2793 2492 das Leben geradeso entgegen, wie unsgreinem aus
920 2463 2119 2601 allerlet trister Geselligkeit.
932 2543 2343 2736 ah, das kommt mir aber bekannt vor.
579 2589 900 2773 Steinbr:
886 2741 1230 2879 Wieso. 1
582 2756 714 2847 61:
955 2793 2793 2991 Nicht die Worte mein ich, sondern die Melodie.
588 2873 912 3031 Steinbr:
935 2928 2836 3177 Eo ist dls goschwollons (Hlosstnn und Rafsochaus
941 3140 1158 3243 weis.
1606 3111 2670 3326 Ianenbes ninit Han de
1933 3257 2199 3432 Tied
