2888 3544
2365 480 2518 601 174
604 557 2582 781 Zack: (Du wirst mich gleich verstenen/Stere mie
1069 714 2587 870 ant. Höre mich an.) Wenn Du ihn liebst,
995 825 2715 983 hist Du frei.Du magst sehen wanr Du willst,
315 808 744 1018 In erhit
1042 973 2693 1109 ich lasse Dich zieher hne. Hass ohne Groll.
370 1008 687 1163 i fert
2025 1045 2348 1143 bedacsis
269 1087 833 1215 te er mich blo
998 1079 2710 1261 edarfur eines Worts(und Du hast Deine
276 1188 714 1325 3, et ist
781 1210 2656 1392 Gaute Freiheit. Wnn es Dir beliibt, kannst Du
2102 1316 2318 1394 kanet
1045 1353 2511 1493 dieses Haus verlassen, und dass es Dir
1902 1431 2247 1518 tihrer
1018 1451 1377 1547 jenn nicht
207 1431 860 1651 dmmahged
963 1449 2745 1629 nieht schwer werde, ich neme alle Schuld auf
443 1579 828 1710 siet vo
1008 1609 1737 1742 mich zu nebne
379 1693 540 1813 Are
1000 1722 2139 1865 Du willst, dass. ich (forkehr2
160 1779 338 1865 era
601 1742 838 1860 Eisa:
1264 1838 1619 1912 murelet
971 1803 2614 2001 Ich will nicht dass Du fortgehst, Di hast
618 1909 823 2042 Test
1084 1969 2688 2099 die Wahl. Du darfst auch bleiben. Lisa,
1153 2094 1414 2163 selleren
1027 2079 2624 2240 in diesem Haus-als meine Gattim, wie Dus
1030 2193 2636 2378 gewesen. (Wenn Du mich liebst, so wirst Du
1079 2299 2693 2511 bleiber) Aber wenn Du mich betrügst. Lisa,
1109 2417 2700 2594 mit einem Wort nur, wern Du inmeiem Haus-
1079 2567 2651 2750 als meine Frau mich zum Gespött i d zum
1069 2681 2602 2853 Warren machst, (wenn ein anderer Lisa..
1018 2789 2535 2986 ein anderer- und ich..)dann ermürg ich
1062 2920 2639 3124 Dich.. ermürg ich Dich so wahr ich hier
