2920 3576
287 2347 632 2532 M. lbe
2452 418 2603 575 128
1038 532 2611 692 Du so weit nach drei Tagen. Ach Willy..
1029 690 2755 823 Das ist anders, Mutter. D. kennst sie eben
1059 815 2648 1003 Ja nicht. Werniett N 25
1042 941 2519 1063 wird iatorerin wetenetetmitht
1080 1048 2527 1211 aust D
1044 1170 2761 1374 das3 Dieven eineeg Schnerzkarmen
1035 1323 1882 1477 Kant,AA24ebt 9
1029 1438 2605 1601 Du weiret es in der
1756 1552 2452 1711 Bersiter möente
990 1576 1676 1717 Weit keinen HEE
1291 1674 1721 1771 zu hoffente.
1809 1679 2015 1792 met
1044 1700 2648 1837 Es wird nicht lange dauern, und Du wirst
1098 1807 1492 1906 ie ke
1014 1807 2635 1983 vieene ist. Sei rätrig Matter Und
1029 1938 2536 2133 Denk dran was ich Dir heuts sage: Da
1029 2079 2665 2227 wirst einmal froh sein, um meinetwillen?
1012 2178 2729 2332 dass ich serten war und gemusst ha-
1053 2307 2611 2472 be, wo palt kmein Glück zu finden ist..)
1018 2420 2609 2579 Äber stille jerzt Mutter, ich bite Dich.
1580 2545 1921 2645 auben
1057 2538 2768 2714 Was sollen die denken? Nicht Dich veruten.
1053 2680 2746 2840 Willy geh nicht auf den Balllich beschwöre
626 2735 911 2868 Mut er:
1065 2793 2675 3010 Dich.) das kannst Dumir doch zu Lieh tun.
1059 2915 2708 3113 Gerade wenn Du Deiner so sicher fist. und
1050 3085 1316 3192 ihrer.
577 3130 1218 3297 Ummen artt
