2904 3528
2294 423 2500 545 2441
617 483 2426 684 Gleissner: Wenn ich aber neinerseits oben
605 650 2524 827 hur das Noson geliebt hätte, das diefihigkeit
600 767 2493 963 bebes, einen solchen Brief zu schreiben, wenn
586 913 2498 1071 ich ihre Liebe nur um dieses Briefes willen
607 1023 1271 1173 brnidert hättet
607 1130 2392 1298 Treuenhof: Dann hättest du dein loos ver-
588 1293 868 1427 Atont.
598 1405 2354 1637 Gloissner: und ioh sage dir, dass ich den
593 1542 2328 1695 Schicksal immer noch ein Atout vorgeben.
583 1673 2400 1883 dart. Sonn rohor wolss ich, dass du ihr den
595 1816 2426 1965 Frief diktiert hast? sie hat es mir selbst
595 1926 2268 2094 gestenden. Und narun hal sie das getant
583 2120 2397 2223 Weil ich sie zu einem so reinen Wegen ent-
593 2192 1910 2345 wickelt habe, dass sie mir auch
2008 2204 2342 2347 1050 On-
583 2323 2328 2486 nahrheit nicht mohr vorschleieen konnte.
564 2443 2426 2629 so neit A be ich sie gebracht. Dagegen gibt
598 2572 2428 2753 es eine Andere, die noch vor wenigen Nochen
569 2708 2455 2918 das unschuldigste und sussoste Geschödt un-
571 2863 2414 2992 tor der Sonne nar, und die Ich so gründlich
569 3007 2380 3169 vordorben habe, dass sie instande wäre (zu
571 3117 2201 3334 Repp) nich morgen mit dir zu betrügen
1011 3258 1217 3379 ferlin
