2916 3703
898 647 1167 795 nicht.
1826 682 2737 827 denan sfeltotert kenn herret
1112 736 1432 859 der hellen
980 790 2584 935 Dass er Talent hat das- weiss doch jeder.
598 807 849 925 Muter:
989 884 2597 1066 Da hat die Mutter ganz recht) Mämiich je
605 970 923 1073 Steinbr!
1019 1002 2712 1189 der jurge Mensch hat Talent, Ob sichs halt
1031 1135 2638 1307 aarauf kommt es ar. Was ich schn talen-
965 1263 2725 1474 terte zeut gekannt hab. Aus den meisten ist
1034 1432 1661 1575 nichtsgeworden.
1666 1474 1937 1605 Mem
610 1487 2587 1711 Berta: Ja solche kenn ich auch, flst Du den Treu
1080 1644 2634 1851 enhof wiedergesehen in der letzten Zeit
404 1740 773 1856 ut d
549 1799 977 1979 Jeeurnerns
1080 1834 1341 1935 Onkel2
340 1878 502 1986 je
1051 1871 2641 2075 Freilich, ich war ein paar mal im Waffee
620 1991 773 2097 Si:
1058 2053 2008 2186 haus, mit ihm beisammen.
234 2109 807 2247 lusch e. Seib.
1041 2149 2503 2333 (wie hoshaft das Mädel ict (Uhna weiss
623 2188 918 2328 Mutter:
1014 2267 2587 2449 d och sehr gut, dass keiner mehr werder
1085 2402 2582 2587 karn, als der Treuerhof geworden ist,
1644 2523 1839 2599 e
977 2555 2656 2700 Weiter bringen, gewiss. das mag scherten
1068 2648 2722 2803 Ja die Mutter lässt nichts auf ihr komen!
1314 2754 2759 2855 len sebe beians e e et certlos wordt acte
1009 2816 2638 2973 jotwohl er so ein Flegel ist, dass er ihr
1085 2924 2656 3106 auf zwei Briefe niht einmal geertuotet
1117 3099 1322 3237 hat.
