2968 3480
348 2867 666 3047 Kollner
338 3030 653 3182 Prot. d
911 806 1089 946 2
774 1267 1124 1445 aae er
1134 1302 1385 1525 Muet
714 1442 2564 1630 Wirtshausbe in der Vorstadt (der hintete Fell
714 1567 2559 1745 conmetor ato dor vordoro. Moht e auret Vor
711 1690 2579 1900 henge der einender botaltt) in dem rushwlttioen
711 1835 2636 1970 teil ein langer Fisch für etwa sechzehn forsonen.
716 1945 2729 2146 vom zuer bis dret Mleinere Rsche. Die ganze dimme
709 2096 2601 2246 nicht tiof. Der Raum ist niedrig. Verraucht. Die
706 2216 2571 2399 belouchtung trib. Deeslammen. Mehn der Vorhans
714 2331 2556 2509 aufgcht ist die Bihne leer. Aen hört hinter der
706 2476 1743 2639 soene Instrimente stimnen.
691 2589 2569 2764 Koliner fuhrt Frau Flatterer und die beiden sin
736 2714 1212 2892 oot hotoch.
731 2849 1192 3010 Mor bitto.
744 2964 2456 3222 no haton sio und denn ee vorser hingesühret
