2904 3528
642 564 2307 801 Prstor sunger schorngt eine eroche, dis ae
634 743 2181 941 Feliner früher auf den Riech gestelltn
279 815 606 986 prst. S.
673 846 1874 1047 Dorne damen und Herrent denee
617 980 2262 1176 Eo hat sich aile un den Fisch srupptert.
268 1125 2516 1321 Prot. S.. Votne Danen und Herrent Vorallem danke ich in
651 1229 2496 1449 nen, dass Sie es sehlreich erschlenen sind und
623 1354 2466 1555 im Wanon dorstenberuserung) resp. Anregerin.
1756 1497 1983 1578 bnle
628 1480 2496 1670 (Jemand onsi lorder bordenter serböche ich die
606 1617 994 1779 Sdt.
595 1759 2198 1930 dandden die Prompets. Unruhe
257 1871 2424 2061 dio sungen leuter was tst denn dast das ocht sanicht.
251 2030 542 2131 Erst I.
603 2019 2382 2223 def Orcherstorberein von Lerchenfeld hat dane
606 2122 2452 2346 von Prote. ver wirt hat ss uns felder nichtsoe
1625 2262 1854 2346 wolt
634 2245 2575 2483 gobt. aber tat tosst wir worden uns dadurch nicht
589 2390 2494 2591 stören lassen. Sto frote tomnt erot vevonhe
600 2513 1994 2698 pee dode oer  ro
2041 2541 2399 2731 Gelke
581 2642 2441 2868 des Ist des Mioneigs. Jaf Een torsmotter! venn
595 2804 2404 2985 ich gerottet berdeh sblihet dansken derler
617 2924 1910 3066 chenfelder orefestervordin Prode
670 3044 849 3211 R
963 3038 1159 3228 he
1449 3052 1659 3228 de
