3000 3640
405 1320 734 1510 Minid
322 1467 715 1600 Mand ein
303 1569 717 1756 pese tste
2425 480 2558 587 180
1017 764 1874 1020 Trortor Ant.
821 1351 2560 1514 Atelter Willys. Nicht gross, Sortteht Hen-
852 1472 2537 1642 ten mt Hos GEAeter. Links seltlich
816 1592 2714 1794 ein Ptoch met Mapgen und Shlzzen. Links vorn ein
821 1723 2679 1910 Vorhang an Messingstange, Eingang in einen Ne-
816 1846 2671 2042 venraum. Links hinten ein Sipsabguss vielleicht
838 1966 2631 2172 nach einer römtschen Katserbiste. Ein kleines
809 2130 2539 2295 Tischchen rechts hinten mit Reuchregutstten.
831 2236 2511 2442 zuet Sessel danchen. Links nicht sehr weit
802 2357 2582 2560 vonr, Staffeled mit Bild. Ptuas weiter hinten
819 2480 2537 2686 ein grosser Armstuhl. Ein kleinerer Sossel
887 2589 1212 2671 richt an
778 2645 2612 2816 hinten des den Reketern. Vorn, rechts der, Ein-
786 2773 2631 2953 gang von der Treppe. Eine kleine Klagere an der
771 2889 2634 3052 wand rechts mit Büchetn. Unter der Ftagere liegt
774 3024 2518 3258 ein geöffneter Handkoffer. Neben dem Eingang
