3016 3768
2519 528 2692 677 152.
797 567 2706 807 ABer nun bin ich fertig mit- ihm und seines-
790 696 1213 828 gleichen.
776 831 1724 987 Steinbrunner: Fertig?
783 953 2644 1155 Rapp: Ich stel le meine-Feder von nun an un-
778 1100 2637 1299 den Dienst grösserer Angelegenheiten.Gläu-
761 1213 2584 1424 ben Siö,Herr Hofrat, ich wollte mein Leben
752 1359 2668 1587 damit verbringen durch eine Welt des Schöum
744 1489 2675 1702 und Narretei als Spielyederber zu spazieran?
740 1616 2641 1837 Es gibt allzu viel Elend und Schurkerei aud
725 1753 2584 1935 der Erde. (mit Selbstironie) Wir wollen se-
718 1880 2490 2087 hen was sich für die Menschheit wird tun
718 1995 1033 2132 lassen.
