2968 3496
574 119 1555 368 ale in arte dach lch de
710 201 1696 422 deer send wesenlachst
405 338 690 554 de lich
840 360 1532 551 ehehacfts.
2327 380 2536 554 2288
2270 536 2593 646 und mir.
792 527 2245 725 ich inr das Leben danit rottgh hönnte
795 676 2650 832 en ich noch einmal ihre Fisgerspitzen berühre.
767 800 2146 929 Ader sie wird nicht wieder kommen.
902 902 1853 984 tadelt et jas pleibelet
760 894 2603 1083 Ee kannt nicht darauf an, ob geradesie wöeder
452 934 604 1130 Nr.
1100 1026 1401 1113 odereicht
835 1016 2732 1249 komnt( Wir srieben doch inner dasselbe. Wenn wir
825 1147 2561 1344 erleben was wir sind. Ner darf sagen ich bin
815 1264 2710 1478 sicher keine zueite Erbärmlichheit zu begehen-
2076 1364 2712 1465 ti auh der ze
1530 1393 1952 1490 zu Grund pet
822 1423 2730 1600 wer an der ersten verhlutkt. Sohau tief in Deine
820 1542 2673 1744 schickseit uns bliekt Dir etwegen, Dein eigenes
810 1662 2754 1858 Bild, Was sagt Dtr Deine Verzuelflungt Nicht dass
815 1811 2663 1967 Du was niederträchtiges erlebt hast, nein, dass
807 1903 2804 2094 du bestimnt bist, Miederträchtigkelten zu erleben.
830 2027 2710 2211 was sagt dir Deine Reusl Nicht, das Sunde hinter
822 2148 2682 2392 dir ltost sondern, dass sie auf deinem Neg war
837 2332 2608 2486 tet. Was Dir widerfahren ist ruft Dir zu: sel
835 2491 1125 2588 bereiti
827 2506 2615 2777 roo s0lt toh tuh Proventos. war solt soh tund
1865 2777 2342 2936 cnter
1180 2772 1763 2953 in de niht
1297 2881 2471 3100 thn indecrt dorct
497 2608 745 2727 NEII
