<?xml version="1.0" encoding="UTF-8" standalone="yes"?>
<PcGts xmlns="http://schema.primaresearch.org/PAGE/gts/pagecontent/2013-07-15" xmlns:xsi="http://www.w3.org/2001/XMLSchema-instance" xsi:schemaLocation="http://schema.primaresearch.org/PAGE/gts/pagecontent/2013-07-15 http://schema.primaresearch.org/PAGE/gts/pagecontent/2013-07-15/pagecontent.xsd">
    <Metadata>
        <Creator>prov=READ-COOP:name=PyLaia@TranskribusPlatform:version=2.7.0:model_id=50870:lm=none:date=22_01_2024_20:55</Creator>
        <Created>2023-09-27T14:39:49.345+02:00</Created>
        <LastChange>2024-01-22T20:55:18.682+01:00</LastChange>
        <TranskribusMetadata docId="1589056" pageId="60126431" pageNr="162" tsid="145641438" status="IN_PROGRESS" userId="40391" imgUrl="https://files.transkribus.eu/Get?id=LXBEWVAFOLSBQXOGRARJVYEA&amp;fileType=view" xmlUrl="https://files.transkribus.eu/Get?id=KJIEKOQWMKXOLRVLRGXEAKBD" imageId="48551508"/>
    </Metadata>
    <Page imageFilename="1589056_0162.jpg" imageWidth="3032" imageHeight="3752">
        <ReadingOrder>
            <OrderedGroup id="ro_1711790352803" caption="Regions reading order">
                <RegionRefIndexed index="0" regionRef="tr_1"/>
            </OrderedGroup>
        </ReadingOrder>
        <TextRegion orientation="0.0" id="tr_1" custom="readingOrder {index:0;}">
            <Coords points="176,323 176,3437 2775,3437 2775,323"/>
            <TextLine id="tr_1_tl_1" custom="readingOrder {index:0;}">
                <Coords points="664,466 1221,447 1303,409 1399,455 1473,417 1759,439 2017,384 2022,294 1641,337 1534,302 1449,343 1133,313 999,376 752,310 669,351"/>
                <Baseline points="680,441 747,434 814,426 881,422 948,420 1015,420 1082,417 1150,417 1217,417 1284,413 1351,405 1418,405 1485,402 1552,397 1620,394 1687,388 1754,382 1821,381 1888,376 1955,370 2023,370"/>
                <TextEquiv>
                    <Unicode>Is bberged het fur d Mne</Unicode>
                </TextEquiv>
            </TextLine>
            <TextLine id="tr_1_tl_2" custom="readingOrder {index:1;}">
                <Coords points="2390,560 2406,562 2423,551 2431,560 2447,560 2458,551 2480,565 2500,562 2522,579 2552,571 2552,431 2522,431 2500,453 2480,455 2469,466 2428,464 2390,477"/>
                <Baseline points="2405,525 2430,526 2455,527 2480,528 2505,528 2530,525 2555,522"/>
                <TextEquiv>
                    <Unicode>149</Unicode>
                </TextEquiv>
            </TextLine>
            <TextLine id="tr_1_tl_3" custom="readingOrder {index:2;}">
                <Coords points="656,766 971,724 1106,755 1240,711 1506,763 1602,700 1753,755 1984,678 2099,719 2148,683 2329,719 2554,686 2554,568 2420,551 2329,601 2148,447 2008,442 1556,598 1243,554 1078,634 661,680"/>
                <Baseline points="674,725 768,725 863,719 957,719 1052,712 1146,707 1241,703 1335,699 1430,696 1524,692 1619,686 1713,683 1808,680 1902,674 1997,670 2091,663 2186,665 2280,663 2375,660 2469,653 2564,644"/>
                <TextEquiv>
                    <Unicode>eto Senro Trtoratur/ Son Bln. Mor Eleber, Aoh</Unicode>
                </TextEquiv>
            </TextLine>
            <TextLine id="tr_1_tl_4" custom="readingOrder {index:3;}">
                <Coords points="653,889 1205,842 1399,889 1476,837 1772,859 1986,823 2058,856 2554,807 2557,727 2236,763 1797,733 1641,782 1369,733 1202,790 999,766 656,826"/>
                <Baseline points="668,859 762,859 857,856 951,850 1046,846 1141,844 1235,839 1330,835 1425,832 1519,828 1614,823 1709,823 1803,817 1898,816 1993,811 2087,804 2182,799 2277,794 2371,791 2466,788 2561,788"/>
                <TextEquiv>
                    <Unicode>lever Morsrhenbenerrerten, das beteus leh zu</Unicode>
                </TextEquiv>
            </TextLine>
            <TextLine id="tr_1_tl_5" custom="readingOrder {index:4;}">
                <Coords points="675,1043 916,985 966,1023 1254,1004 1457,1045 1523,993 1734,1021 1954,971 2162,1007 2543,977 2546,886 2480,864 2365,900 2083,845 1885,914 1660,875 1419,916 1174,886 1106,927 1026,897 680,944"/>
                <Baseline points="692,982 784,985 877,980 970,977 1063,973 1156,967 1249,961 1341,961 1434,958 1527,955 1620,951 1713,951 1806,946 1899,942 1991,937 2084,934 2177,929 2270,931 2363,928 2456,922 2549,913"/>
                <TextEquiv>
                    <Unicode>meinem Betyls zu machen gedenke. Schichsale ge-</Unicode>
                </TextEquiv>
            </TextLine>
            <TextLine id="tr_1_tl_6" custom="readingOrder {index:5;}">
                <Coords points="672,1152 831,1172 911,1117 1037,1139 1210,1095 1408,1133 1616,1087 2291,1098 2554,1062 2557,1012 2211,985 1147,1056 1004,1001 675,1073"/>
                <Baseline points="689,1119 782,1115 876,1110 969,1107 1063,1099 1157,1094 1250,1092 1344,1089 1437,1086 1531,1086 1625,1077 1718,1076 1812,1071 1905,1071 1999,1065 2093,1062 2186,1060 2280,1057 2373,1051 2467,1050 2561,1038"/>
                <TextEquiv>
                    <Unicode>stalfent Wie denken Sie zum Beisptel über fol-</Unicode>
                </TextEquiv>
            </TextLine>
            <TextLine id="tr_1_tl_7" custom="readingOrder {index:6;}">
                <Coords points="873,1188 908,1185 947,1213 1029,1169 1092,1180 1262,1169 1268,1095 1235,1106 1213,1095 1139,1133 1092,1119 1040,1139 963,1139 941,1117 878,1114"/>
                <Baseline points="889,1170 914,1176 939,1174 965,1173 990,1171 1016,1168 1041,1165 1067,1165 1092,1167 1118,1165 1143,1163 1169,1160 1194,1156 1220,1153 1245,1149 1271,1146"/>
                <TextEquiv>
                    <Unicode>Experiuant</Unicode>
                </TextEquiv>
            </TextLine>
            <TextLine id="tr_1_tl_8" custom="readingOrder {index:7;}">
                <Coords points="691,1268 988,1243 1224,1287 1542,1213 1814,1251 1976,1207 2360,1215 2532,1185 2535,1125 1841,1144 1624,1089 1495,1188 1394,1150 947,1213 851,1161 694,1183"/>
                <Baseline points="710,1244 801,1241 892,1238 984,1234 1075,1229 1166,1221 1258,1223 1349,1220 1440,1217 1532,1209 1623,1206 1714,1202 1806,1200 1897,1196 1988,1194 2080,1190 2171,1184 2262,1182 2354,1182 2445,1179 2537,1170"/>
                <TextEquiv>
                    <Unicode>gendes, Herr Hofrat.: zu zivel welblichen Wesen</Unicode>
                </TextEquiv>
            </TextLine>
            <TextLine id="tr_1_tl_9" custom="readingOrder {index:8;}">
                <Coords points="398,1339 428,1344 439,1333 450,1339 491,1322 497,1328 535,1317 562,1322 565,1232 551,1232 532,1246 519,1240 510,1248 494,1243 453,1268 442,1268 431,1257 423,1265 401,1262"/>
                <Baseline points="417,1313 442,1315 468,1316 493,1314 519,1311 544,1308 570,1313"/>
                <TextEquiv>
                    <Unicode></Unicode>
                </TextEquiv>
            </TextLine>
            <TextLine id="tr_1_tl_10" custom="readingOrder {index:9;}">
                <Coords points="680,1397 1202,1419 1375,1358 1734,1386 2006,1353 2066,1405 2209,1331 2571,1322 2574,1243 2184,1279 2091,1218 1740,1303 1567,1273 1424,1314 1081,1290 798,1328 686,1292"/>
                <Baseline points="698,1373 792,1373 886,1366 980,1363 1074,1361 1168,1355 1262,1352 1356,1349 1450,1347 1544,1340 1638,1340 1732,1337 1826,1334 1920,1333 2014,1327 2108,1321 2202,1317 2296,1316 2390,1311 2484,1310 2578,1301"/>
                <TextEquiv>
                    <Unicode>gleichzeltig in Beziehung stehen, zu einer, die</Unicode>
                </TextEquiv>
            </TextLine>
            <TextLine id="tr_1_tl_11" custom="readingOrder {index:10;}">
                <Coords points="220,1446 272,1460 307,1449 343,1465 373,1443 417,1449 458,1429 519,1465 560,1443 560,1317 508,1325 469,1364 447,1355 428,1369 365,1339 335,1369 285,1344 244,1375 220,1369"/>
                <Baseline points="235,1420 260,1417 286,1417 311,1417 337,1417 362,1417 388,1417 413,1417 439,1417 464,1419 490,1420 515,1420 541,1415 567,1408"/>
                <TextEquiv>
                    <Unicode>Abr</Unicode>
                </TextEquiv>
            </TextLine>
            <TextLine id="tr_1_tl_12" custom="readingOrder {index:11;}">
                <Coords points="691,1534 1098,1495 1276,1542 1408,1484 1696,1506 1778,1462 2565,1471 2568,1375 1866,1391 1786,1427 1649,1399 1375,1457 1312,1402 1218,1438 1045,1408 936,1454 697,1440"/>
                <Baseline points="710,1504 803,1500 896,1493 989,1492 1082,1490 1175,1486 1268,1483 1361,1477 1454,1471 1547,1468 1641,1468 1734,1466 1827,1459 1920,1459 2013,1457 2106,1454 2199,1450 2292,1445 2385,1444 2478,1441 2572,1432"/>
                <TextEquiv>
                    <Unicode>schon sehr, viel, zu einer; die noch gar nichts</Unicode>
                </TextEquiv>
            </TextLine>
            <TextLine id="tr_1_tl_13" custom="readingOrder {index:12;}">
                <Coords points="189,1542 280,1547 346,1526 379,1547 412,1531 453,1547 541,1515 587,1561 628,1550 637,1429 615,1424 469,1490 406,1449 357,1476 310,1454 250,1490 195,1473"/>
                <Baseline points="205,1531 230,1531 255,1530 281,1528 306,1523 332,1519 357,1519 383,1519 408,1519 434,1516 459,1513 485,1510 510,1507 536,1507 561,1506 587,1504 612,1504 638,1504"/>
                <TextEquiv>
                    <Unicode>ureln weh</Unicode>
                </TextEquiv>
            </TextLine>
            <TextLine id="tr_1_tl_14" custom="readingOrder {index:13;}">
                <Coords points="1336,1564 1358,1567 1388,1542 1405,1561 1446,1553 1498,1561 1556,1528 1578,1534 1611,1515 1654,1517 1657,1490 1633,1482 1575,1490 1531,1473 1451,1501 1435,1487 1342,1498"/>
                <Baseline points="1355,1531 1380,1533 1405,1533 1431,1531 1456,1528 1481,1525 1507,1523 1532,1522 1557,1520 1583,1516 1608,1511 1633,1511 1659,1513"/>
                <TextEquiv>
                    <Unicode>gleichson.</Unicode>
                </TextEquiv>
            </TextLine>
            <TextLine id="tr_1_tl_15" custom="readingOrder {index:14;}">
                <Coords points="697,1638 2258,1619 2324,1580 2434,1613 2579,1578 2582,1520 2050,1545 1951,1512 1429,1567 1056,1542 966,1578 700,1539"/>
                <Baseline points="713,1626 806,1625 900,1622 994,1620 1087,1617 1181,1614 1275,1611 1368,1608 1462,1605 1556,1602 1650,1599 1743,1593 1837,1589 1931,1587 2024,1587 2118,1582 2212,1580 2305,1577 2399,1576 2493,1573 2587,1564"/>
                <TextEquiv>
                    <Unicode>erlebt hät. Und die Dirne zur Heiligen machen..</Unicode>
                </TextEquiv>
            </TextLine>
            <TextLine id="tr_1_tl_16" custom="readingOrder {index:15;}">
                <Coords points="159,1660 206,1674 283,1635 327,1627 359,1649 379,1630 450,1698 475,1704 541,1665 604,1687 612,1553 538,1575 472,1545 403,1594 291,1586 250,1556 187,1608 162,1605"/>
                <Baseline points="176,1638 201,1638 227,1636 253,1633 279,1629 305,1626 331,1622 357,1619 383,1618 409,1618 435,1620 461,1617 487,1614 513,1614 539,1615 565,1616 591,1615 617,1611"/>
                <TextEquiv>
                    <Unicode>h</Unicode>
                </TextEquiv>
            </TextLine>
            <TextLine id="tr_1_tl_17" custom="readingOrder {index:16;}">
                <Coords points="203,1745 294,1729 321,1748 348,1720 370,1731 387,1720 455,1775 532,1734 606,1756 609,1690 532,1674 477,1704 387,1641 261,1663 206,1704"/>
                <Baseline points="217,1728 242,1724 267,1721 292,1720 317,1718 342,1716 367,1717 392,1719 417,1721 442,1722 467,1722 492,1722 517,1722 542,1721 567,1719 592,1719 617,1719"/>
                <TextEquiv>
                    <Unicode></Unicode>
                </TextEquiv>
            </TextLine>
            <TextLine id="tr_1_tl_18" custom="readingOrder {index:17;}">
                <Coords points="694,1759 936,1794 1062,1759 1229,1803 1377,1745 1506,1781 1737,1734 1926,1764 2672,1698 2672,1652 2357,1622 2159,1685 2088,1652 697,1701"/>
                <Baseline points="713,1755 811,1754 909,1755 1008,1750 1106,1746 1204,1746 1303,1742 1401,1739 1499,1733 1598,1731 1696,1731 1794,1727 1893,1721 1991,1717 2089,1716 2188,1710 2286,1709 2384,1705 2483,1698 2581,1698 2680,1683"/>
                <TextEquiv>
                    <Unicode>und die Heilige zur Dirne.-Sehen Sie, solche Din-</Unicode>
                </TextEquiv>
            </TextLine>
            <TextLine id="tr_1_tl_19" custom="readingOrder {index:18;}">
                <Coords points="184,1858 299,1852 332,1871 348,1855 527,1855 626,1901 628,1775 587,1775 538,1737 472,1778 428,1751 381,1794 321,1778 187,1789"/>
                <Baseline points="201,1832 226,1830 252,1828 277,1826 303,1824 328,1823 354,1823 379,1821 405,1818 430,1817 456,1817 481,1817 507,1817 532,1817 558,1816 583,1815 609,1814 635,1814"/>
                <TextEquiv>
                    <Unicode>bre tileg</Unicode>
                </TextEquiv>
            </TextLine>
            <TextLine id="tr_1_tl_20" custom="readingOrder {index:19;}">
                <Coords points="705,1912 2576,1849 2560,1775 2299,1764 1866,1816 1674,1767 1550,1819 1473,1786 1410,1825 1298,1794 711,1825"/>
                <Baseline points="722,1898 815,1889 908,1884 1001,1883 1094,1877 1187,1874 1280,1874 1373,1868 1466,1865 1559,1862 1653,1862 1746,1854 1839,1853 1932,1849 2025,1841 2118,1841 2211,1839 2304,1838 2397,1832 2490,1832 2584,1826"/>
                <TextEquiv>
                    <Unicode>ge machen mir Spass. Spüter werde ich mich wohl</Unicode>
                </TextEquiv>
            </TextLine>
            <TextLine id="tr_1_tl_21" custom="readingOrder {index:20;}">
                <Coords points="1729,1940 1918,1951 1978,1915 2080,1932 2338,1893 2431,1918 2450,1844 2313,1860 2261,1838 2214,1871 1956,1858 1912,1885 1731,1868"/>
                <Baseline points="1746,1904 1781,1907 1816,1912 1852,1913 1887,1912 1922,1910 1958,1907 1993,1903 2028,1901 2064,1902 2099,1903 2134,1899 2170,1896 2205,1895 2240,1894 2276,1889 2311,1889 2346,1887 2382,1886 2417,1886 2453,1886"/>
                <TextEquiv>
                    <Unicode>kei Weltreit wach</Unicode>
                </TextEquiv>
            </TextLine>
            <TextLine id="tr_1_tl_22" custom="readingOrder {index:21;}">
                <Coords points="181,1940 230,1965 285,1934 337,1937 365,1923 384,1945 420,1923 472,1937 508,1912 543,1918 549,1858 521,1855 497,1871 428,1855 403,1871 387,1855 184,1907"/>
                <Baseline points="197,1931 222,1931 247,1930 273,1929 298,1926 323,1923 349,1921 374,1919 399,1917 425,1915 450,1914 475,1910 501,1903 526,1900 552,1898"/>
                <TextEquiv>
                    <Unicode>wri</Unicode>
                </TextEquiv>
            </TextLine>
            <TextLine id="tr_1_tl_23" custom="readingOrder {index:22;}">
                <Coords points="1210,1937 1292,1943 1317,1934 1339,1954 1375,1962 1405,1932 1460,1929 1462,1899 1416,1893 1397,1874 1388,1882 1353,1874 1320,1893 1257,1893 1240,1879 1213,1882"/>
                <Baseline points="1226,1922 1252,1923 1279,1927 1306,1927 1333,1925 1360,1925 1387,1924 1414,1920 1441,1918 1468,1916"/>
                <TextEquiv>
                    <Unicode>reelte</Unicode>
                </TextEquiv>
            </TextLine>
            <TextLine id="tr_1_tl_24" custom="readingOrder {index:23;}">
                <Coords points="881,1967 919,1965 936,1956 949,1956 958,1967 966,1959 1007,1967 1021,1954 1051,1954 1065,1943 1081,1943 1084,1907 1070,1904 1051,1918 1023,1890 996,1890 988,1899 966,1893 949,1904 922,1885 911,1896 886,1899"/>
                <Baseline points="898,1946 925,1946 952,1946 979,1944 1007,1942 1034,1941 1061,1938 1089,1934"/>
                <TextEquiv>
                    <Unicode>Srater</Unicode>
                </TextEquiv>
            </TextLine>
            <TextLine id="tr_1_tl_25" custom="readingOrder {index:24;}">
                <Coords points="716,2047 1929,2066 2041,2014 2436,2006 2744,2039 2771,1896 2656,1855 2461,1926 2351,1896 1918,1951 719,1951"/>
                <Baseline points="731,2011 833,2011 935,2008 1037,2004 1139,2001 1242,1999 1344,1996 1446,1992 1548,1988 1650,1984 1753,1984 1855,1978 1957,1973 2059,1970 2161,1967 2264,1966 2366,1964 2468,1958 2570,1958 2672,1960 2775,1961"/>
                <TextEquiv>
                    <Unicode>zum Abgeorineten wählen lassen und ich halte es lefe</Unicode>
                </TextEquiv>
            </TextLine>
            <TextLine id="tr_1_tl_26" custom="readingOrder {index:25;}">
                <Coords points="233,2102 269,2113 340,2052 359,2074 398,2061 420,2080 469,2052 543,2063 549,1973 428,1940 373,1948 318,1978 247,1954"/>
                <Baseline points="253,2029 280,2034 307,2037 334,2038 361,2036 388,2033 416,2029 443,2024 470,2019 497,2018 524,2016 552,2014"/>
                <TextEquiv>
                    <Unicode>Gelagt</Unicode>
                </TextEquiv>
            </TextLine>
            <TextLine id="tr_1_tl_27" custom="readingOrder {index:26;}">
                <Coords points="702,2170 1073,2151 1147,2195 1476,2143 1668,2184 2003,2121 2173,2162 2543,2126 2546,2030 2439,2006 2338,2063 1976,2041 1899,2085 1808,2039 1715,2088 1504,2041 705,2115"/>
                <Baseline points="719,2149 810,2149 902,2148 993,2142 1085,2139 1177,2137 1268,2135 1360,2134 1452,2133 1543,2127 1635,2123 1727,2122 1818,2117 1910,2113 2002,2113 2093,2111 2185,2107 2277,2104 2368,2101 2460,2098 2552,2089"/>
                <TextEquiv>
                    <Unicode>nicht für unmöglich, dass ich einmal ende, wie</Unicode>
                </TextEquiv>
            </TextLine>
            <TextLine id="tr_1_tl_28" custom="readingOrder {index:27;}">
                <Coords points="702,2307 1547,2307 2011,2236 2442,2258 2612,2239 2615,2173 2384,2126 2294,2179 2041,2162 1989,2200 1770,2154 1654,2195 1065,2222 947,2187 705,2236"/>
                <Baseline points="719,2280 814,2278 909,2274 1004,2271 1099,2262 1195,2262 1290,2259 1385,2256 1480,2253 1575,2250 1671,2245 1766,2244 1861,2244 1956,2238 2051,2235 2147,2232 2242,2231 2337,2227 2432,2223 2527,2220 2623,2220"/>
                <TextEquiv>
                    <Unicode>Ste, Herr Hofrat, in der Weldnis als Einstedler.</Unicode>
                </TextEquiv>
            </TextLine>
            <TextLine id="tr_1_tl_29" custom="readingOrder {index:28;}">
                <Coords points="716,2464 1045,2412 1117,2458 1358,2472 1408,2423 1849,2387 2011,2439 2349,2362 2445,2414 2538,2365 2653,2406 2656,2294 719,2335"/>
                <Baseline points="734,2411 830,2405 926,2401 1022,2396 1119,2396 1215,2394 1311,2393 1407,2390 1504,2386 1600,2381 1696,2378 1792,2375 1889,2373 1985,2369 2081,2367 2177,2363 2274,2363 2370,2359 2466,2357 2562,2358 2659,2352"/>
                <TextEquiv>
                    <Unicode>(er ist aufgestanden und geht nun in den Saal.)</Unicode>
                </TextEquiv>
            </TextLine>
            <TextLine id="tr_1_tl_30" custom="readingOrder {index:29;}">
                <Coords points="439,2782 593,2832 804,2790 900,2856 988,2793 1150,2845 1460,2785 1693,2837 1841,2752 2552,2697 2557,2615 2305,2574 1959,2645 1827,2612 1479,2703 1427,2667 1355,2714 1122,2664 1034,2708 894,2626 716,2714 606,2650 444,2714"/>
                <Baseline points="453,2781 558,2779 663,2779 768,2781 874,2779 979,2782 1084,2778 1189,2771 1295,2762 1400,2758 1505,2754 1610,2741 1716,2738 1821,2722 1926,2719 2031,2709 2137,2702 2242,2686 2347,2683 2452,2683 2558,2686"/>
                <TextEquiv>
                    <Unicode>Abe die veelteht aufmet gehe sollt: zu e Vrref</Unicode>
                </TextEquiv>
            </TextLine>
            <TextLine id="tr_1_tl_31" custom="readingOrder {index:30;}">
                <Coords points="379,2977 549,3057 815,2980 1067,3015 1210,2944 1526,2961 1778,2881 1934,2917 2036,2864 2371,2864 2376,2766 2170,2722 2011,2799 1921,2744 1800,2810 1487,2867 1328,2812 1065,2867 949,2826 829,2886 524,2859 384,2903"/>
                <Baseline points="394,2972 493,2975 592,2974 691,2970 790,2969 890,2961 989,2957 1088,2946 1187,2940 1286,2928 1386,2925 1485,2922 1584,2913 1683,2907 1782,2882 1882,2878 1981,2870 2080,2859 2179,2856 2278,2853 2378,2853"/>
                <TextEquiv>
                    <Unicode>ich sheif auf de p Liloratir.. Leben. davon</Unicode>
                </TextEquiv>
            </TextLine>
            <TextLine id="tr_1_tl_32" custom="readingOrder {index:31;}">
                <Coords points="434,3191 755,3120 889,3144 990,3089 1248,3133 1391,3095 1429,3131 1597,3073 1682,3120 1882,3037 2373,3054 2379,2961 2214,2881 1888,2966 1789,2911 1372,3004 1199,2974 897,3078 829,3043 760,3081 604,3032 442,3051"/>
                <Baseline points="450,3128 546,3131 643,3125 740,3118 836,3109 933,3093 1030,3084 1126,3080 1223,3071 1320,3067 1417,3061 1513,3059 1610,3054 1707,3050 1803,3044 1900,3034 1997,3024 2093,3019 2190,3012 2287,3005 2384,3005"/>
                <TextEquiv>
                    <Unicode>seut in de Monschen leherischen Schicktal.+</Unicode>
                </TextEquiv>
            </TextLine>
            <TextLine id="tr_1_tl_33" custom="readingOrder {index:32;}">
                <Coords points="340,3347 755,3268 1084,3325 1237,3235 1383,3218 1523,3295 1816,3191 1874,3232 2231,3229 2431,3432 2532,3410 2554,3076 2409,3095 2244,3021 2118,3111 1976,3139 1836,3057 1685,3114 1597,3073 1432,3131 1388,3089 1185,3150 1048,3125 678,3246 549,3180 483,3227 348,3227"/>
                <Baseline points="361,3283 470,3289 580,3280 690,3267 799,3259 909,3245 1019,3236 1128,3226 1238,3224 1348,3214 1458,3202 1567,3199 1677,3196 1787,3190 1896,3183 2006,3180 2116,3173 2225,3162 2335,3158 2445,3155 2555,3155"/>
                <TextEquiv>
                    <Unicode>stallen. das ihs, wan ich vor den a zemen</Unicode>
                </TextEquiv>
            </TextLine>
            <TextLine id="tr_1_tl_34" custom="readingOrder {index:33;}">
                <Coords points="458,3438 760,3408 949,3460 1032,3427 1199,3539 1320,3454 1435,3443 1536,3496 1723,3394 2036,3512 2091,3490 2085,3218 1506,3295 1438,3243 1240,3342 1076,3353 958,3303 700,3358 466,3314"/>
                <Baseline points="477,3414 558,3413 640,3411 721,3408 803,3402 884,3399 966,3396 1047,3392 1129,3387 1210,3387 1292,3379 1373,3373 1455,3368 1536,3365 1618,3355 1699,3356 1781,3355 1862,3352 1944,3348 2025,3337 2107,3331"/>
                <TextEquiv>
                    <Unicode>Berahwushe gednt.</Unicode>
                </TextEquiv>
            </TextLine>
            <TextEquiv>
                <Unicode></Unicode>
            </TextEquiv>
        </TextRegion>
    </Page>
</PcGts>
