2920 3832
555 2056 725 2176 Mutt
595 2299 902 2418 Stienbr:
630 2573 917 2688 Mitter:
680 2804 994 2912 Steinbr:
613 2896 881 3114 getsch
881 694 2384 908 und diese letztern bestehen wieder aus
908 838 2507 1027 solchen, die sichs gefalten lassen müssen
902 931 2513 1189 und aus solchen, die sichs nicht gefallen
942 1068 2307 1289 lass n müssn undt sichs aber doch
927 1191 2578 1399 gekalten lassen aus Reigheit oder aus Dummr
935 1316 2418 1536 heit oder aus heinen Gründen zusammt.
931 1461 2436 1626 aher ich glauhe arter den heutishrifer-
944 1549 2482 1781 nältnissen werden die Stiftsbrüder cher
933 1680 2436 1892 ind die Kategorie römisch eins siniu.
977 1869 1578 2037 rangieren ser.
942 1919 2488 2156 Also Du glsutst, dass wir noch Silnig1s
1025 2112 1846 2274 ksiten hahen werden?:
996 2183 2499 2411 sis worden zu überinden sein. Darf Icr
1010 2282 2492 2515 mir ein Eigarrel anzünent / tut es /
1025 2407 2534 2667 Norn nar in deri Kontsrh odchs Wenschen
1008 2511 2686 2798 sieson rio da, don knen die rason waid:
1033 2642 2623 2927 Ner reiss. Nenn ich antlien in der Sacte
1100 2775 2659 3025 ritzareden hütte., wirs ich velr scheit
1039 2887 2721 3185 1or g e. Mid ro die ori. Mer id
1079 3014 2636 3280 Irgondnis verhalten es zu soin Rotom
1145 3205 1952 3420 1en die der tatret.
