2936 3512
210 1109 496 1284 von verch
163 1267 514 1418 Mersetun
172 1350 517 1510 mut tlut
2188 281 2428 451 2440
852 394 2360 666 Iek tebo hout in abeneblatt doinen
602 512 743 618 Rap
590 559 2367 788 Auseut gelesen. Glänzendl Aber ich glaub
585 687 2485 923 dir koin Nort. leute, die dich nicht kennen,
607 807 2374 1027 werden kahrscheinlich finden, dass er mit
602 953 2367 1180 Noriblat geschrieben ist. Aber ich roiss,
611 1133 1454 1307 du hast nur Talent.
635 1260 1770 1423 Frouenhof:feinfacht Geniet
623 1317 2346 1551 Repp: zumellen. Jodenfalls genug, un die
625 1466 2506 1692 denit weiter zu holfen. Wen muss wirtschaf-
630 1631 1694 1827 ton mit den nas men hat.
637 1713 2221 1930 Treuenhot: Du hast doch auch Palent.
864 1834 2523 2065 Danit kin ich nicht aus Aber ich habe
635 1933 2535 2202 nas Bosseres. Ich habe dem Nass, den Nass ge-
642 2096 2471 2334 von die Wittelmässigen, viellsicht sogar ge-
691 2235 2362 2466 en die, die etwas drüber hinaus sind,1i
658 2367 2459 2575 leicht sogar gegen die die wirklich stwas
1331 2480 2372 2716 wir sehr nahe sind, Beal
649 2546 1284 2733 können, konn s1
663 2613 2414 2851 ich hab ihn nun sinnel. Darin liegt meine
1414 2723 2457 2978 natren besser als bis-
668 2813 1201 3002 traft, ich nI
668 2967 831 3113 ner
