3000 3640
2348 364 2505 536 209
645 468 923 630 wenn DI
1012 491 2550 663 traussen in der Weit erwachst aus Deinem
688 607 1789 754 Taumel, dann ist es zu spät.
546 691 1020 792 me crstamut
296 703 544 901 nerid:
640 764 822 903 4250
860 767 992 901 mel1
1073 719 2325 911 Mutter sast mir: betrüge wölter.
281 875 574 1040 Wuttor:
643 885 2538 1050 Ja ich sag es. Gut machen kannst Dus je doch nie
665 997 2608 1182 mehr. Es gibt ja hetn Gutmachen. Ja, Betrüg wel-
1047 1090 1333 1179 cit 14aet
708 1121 1599 1288 ter. Willy)und sieh zu.
1672 1156 2656 1285 dass es kein Ungfück gibt.
1882 1227 2138 1316 ei
668 1283 2608 1419 Wenn Du einmal fort bist mit ihr, ist das Unglück
645 1338 873 1424 7ee
630 1361 2201 1566 steher da, dann ist alles aus. hu eune
276 1478 498 1650 N2220
615 1485 2457 1655 Muater, das bist ja nicht Du, eie so zu mir re
595 1634 1804 1794 det. Mein, nicht meine Mutter.
271 1690 516 1860 Wurter
612 1748 2548 1948 Du darfst nicht fort Millvu. Nein, nein, ich lass
627 1885 2517 2059 es nicht geschehen. Das lass ich nicht geschehen.
263 2014 531 2178 Mi11v:
600 2011 2555 2183 Mutteri bedenk was Du sprichst. Du lüsst es nicht
617 2130 2467 2280 geschehent Was konnst Du tun, Mutterl Du kannst
951 2237 1447 2295 bs an eet teti re
1637 2201 2697 2340 inen trovea dem balheit
640 2264 2669 2454 inirmdas Feld verwelgern, das ist alles. Menn Du muh
2533 2371 2674 2441 orbe
640 2383 2530 2565 etwas anderes vorhast, Mutter.... Ich schufre es
2543 2474 2730 2624 reh
600 2512 2548 2710 Dir, wenn du irgend was versuchst, Dich andereuo
632 2656 2543 2841 nin um Hlife wendest, so geschleht etwas, was Du
643 2783 2502 2968 bereuen würdest, irgend etwas, wol es dann wirk.
597 2917 2525 3109 lich hein Gutmachen mehr olbt.(Verstehst Du mich.
1622 3071 1991 3276 Will
