2952 3624
2095 469 2524 617 24. ce 228
979 545 2592 752 alorn. er sitet eine nele steit da. dann
826 726 2503 927 seht er auf Vors Rild. Staref se en. Danh
1090 868 2516 1046 ein Faptermesser, das auf dem langen
998 1001 2599 1162 liest, sticht wie mutend auf das Bild los.
972 1129 2583 1291 wirft er sich auf den Fussboden und weint
889 1234 2468 1410 ein Kind. Ee ist etwas dunhter gewörden.
752 1376 2505 1533 Ee klopft. Willy erhebt sich rasch. Es klopft
739 1504 2450 1692 ein zusttesmel. Mllv ruftiheretn. Er wirft.
737 1628 2311 1818 ein ruch über das Bied. Freuenhof kannt.
