3048 3816
460 1781 713 2008 4T.6
462 1992 804 2116 Ea tul 1c
539 2056 962 2176 iet caitut
589 2188 948 2332 de slotger
572 2320 874 2446 herben
610 2427 943 2559 gereret
639 2537 785 2671 1o
888 491 2703 680 t Treuenhofsetzt sich zu den beiden Jüngern)
948 618 2815 816 Der erste lgross, im Wesen ziemlich sicher, eher.
953 728 2521 953 nit2, behaltsorch eenr zerts
962 869 2743 1080 Der zweite.(klein, sehr jung, hängt an Treu-
1013 986 2753 1192 enhofs Antlite und Mung mit natver Begelste
1716 1115 2013 1206 Andtl
1020 1108 2853 1324 rung, ushrand der t uveller Detutetro-
996 1247 2798 1431 niech ehet. Während der nun folgenden Worte
1008 1338 2935 1563 Treuenhofs setzt sich auch Ehrenfeld an den Fisch.
1003 1472 2849 1692 Wisst Ihr wer da fortgegangen ist; habt Ihr ihn
1008 1580 2882 1853 geeten Der Hofrat Steinbrinner ist gewesen.I
2212 1728 2573 1829 sin inijases
1087 1783 2844 1970 Wirsind auf einer Schulbankgesessen. Im sel-
1932 1862 2478 1963 dlabs ito ite seceten
1034 1905 2827 2071 den Jahr sind wir geboren. Er ist ein Stegere
1032 2001 2758 2224 und hat alle Deute kes Stegsfhingeworfen(lid
1084 2164 2880 2365 ich bin ein Bestegter und klige, dass ich hel-
1044 2296 2829 2506 ne Deute gemacht habe. (Er hat ein Leben hin-
1089 2430 2889 2614 ter sich und an jedem Tag wird er neu geboren.
1058 2557 2758 2738 Und ich hab den Tod hinter mir und XW.D
1084 2664 2904 2849 krepter an jedem Tug./ Wtöst Irwohln er setzt
1068 2782 2832 3038 gegangen tstt In die luft in die Feine, höst
