3176 3800
2245 230 2632 420 2 Krich 1.
962 237 1538 447 Jahr  H  mh
689 277 937 462 Sat pu
929 272 2637 567 Ni. geracht zu Errt Iser fest entthlosfe
969 495 1568 644 diese fuht ish in
1821 507 2085 634 ten seyn
2500 539 2937 657 manctuat2
944 582 2640 802 fenrlich. Gerade in eugrm Haus bin ich iimer
537 619 677 809 zu
589 724 824 872 1. Fo18
899 714 2837 942 nano daran trich selbst zu behügen) meine Stellung
492 907 637 1021 pit
902 874 1763 1014 im All zu verkennen.
899 972 2515 1121 Was nennst Du denn Dich selbst betrilgen?.
554 1029 802 1129 Willy:
814 1079 2820 1279 An mich glauben, das fenn ich mich betrügen. Wart
557 1161 687 1249 Tr:
1721 1211 1861 1304 ibe
914 1204 2730 1439 fängst Du überhauptswieder ant ich bin wie ich
450 1316 632 1518 at
949 1389 2692 1533 bin, Du bist, wig Du bist. Ich schleppe mich
914 1484 2775 1663 weiter, Du schwelst; ich sinhe in die Nach, Du
679 1626 859 1783 w s
917 1631 2735 1791 steigst zum Lichst empor. Ich war immer alt. Du
1151 1736 1301 1821 aber
902 1751 2755 1926 wirst immer junsg sein; wie Deine Mutter. (Ja die
919 1866 2735 2045 ist heute, wig sie vor zwanzig Jahren war.) Ich
924 1996 2822 2173 nab nichtseflebt und war immer zerschlagen. Ste
947 2113 2837 2293 hat einen Mann verloren, den sie abgöttlsch ge-
2033 2245 2270 2330 Jetomen
959 2245 2745 2440 ltobt hat (zuol Kinder) ist betnahe welss und
914 2388 2832 2557 nat neute(noch den Mut und die Lust sich um Men-
924 2537 2715 2707 schen zu kümmern, die sie gar nichts angehen.
927 2655 2855 2790 Um Walsend um Wöchnerinnen, um Taubstumme, um was
2118 2755 2285 2852 tinser
914 2787 1963 2955 volss Geh. Iser.
2090 2825 2390 2967 41. I.
927 2912 2712 3112 Ja sif ist dad gütigste Herz, das sich denken
572 2955 814 3122 N221v:
924 3017 2870 3222 lusst. (Nicht Jand fetter hette das getan, uas s1e
