2904 3656
293 519 494 648 Ferd:
285 765 568 911 Ehrenf:
285 1010 504 1159 Ferd:
278 1278 566 1430 Ehrens:
288 2075 499 2199 Ferd:
278 2197 554 2331 Ehrenf.
2383 382 2562 487 166.
636 492 2495 648 Was fällt Ihnen denn eth, Lisa sich mit diesem
636 638 2334 792 Menscher in ein Gespäruch einzulassen. 1.
633 747 2592 881 (gekränkt) Herr Neumann.... ( dann fortfahrend)
678 879 2294 1040 dafür die andre Seele wild.... wirsten.
1499 981 1946 1082 Anstande
628 1013 2574 1189 Man sollte Sie in ein selehes Haus nicht herein-
640 1174 943 1276 lassen.
636 1261 2582 1430 Warum Herr Neumann. Ohne Jemandem nahe zu treten.
640 1400 2589 1574 Ich war noch in ganz andern Häusern. (Entschuldt-
640 1539 2512 1708 gend zu Lisa) ich meine nümlich nicht bessere,
621 1688 2525 1827 aber in der Aristokratie und so. Soll ich Ihnen
2008 1765 2515 1854 anterassendehe
628 1810 2438 1969 aber erzühlen, gnädige Frau von dem schönsten
1318 1897 1879 1984 waiGeenenst
660 1944 1924 2038 Ball, den ich je gesthen hab...
623 2073 1519 2187 kommen Sie aek. Lisa.
628 2190 2557 2341 Ich darf wicht sagen wo. Oder vielmehr ich weiss
631 2309 2629 2485 gar nicht wo. In einem Wagen bin ich abgeholt wor-
670 2438 2631 2572 den. Mit verbundenen Augen hattman mich über die
633 2577 2505 2738 Treppe hinaufgeleitet, aus Marmor natürlich. In
633 2711 2587 2865 einen grossen Saal hat man mich geführt, mit tau-
690 2847 2510 2996 end Lichtern, ich hab gespielt. Ein Instrument
777 2967 2502 3160 rigens iste ein Orchester. Und ale habe alle
