2936 3624
632 481 2419 672 verstehe ich wohl schon houte. (sie wendet
632 644 1646 787 sich wieder zum Gehenl.
632 707 2384 914 Millg: Berthal Menn du -wenn du ihr nur
637 888 1799 1045 einmal die Hand drücktest.
637 1017 1522 1177 Borlha: Dieser Frau?
634 1045 2389 1320 millg: Vorthat du neisst nicht, due kannst
644 1275 2389 1437 nicht ahnen - Still, sie ist es schon.(da
613 1416 1895 1595 Bertha bleibt) ich danke dir.
637 1538 1095 1700 Bs klopft.
625 1569 2516 1865 Millg (oetnet dte vur ohno Veroin zu räten)
773 1867 2591 2067 Stall meiter hr d seit tab nicht kunt¬
937 2022 2163 2236 ei decit. rut etarbint
