<?xml version="1.0" encoding="UTF-8" standalone="yes"?>
<PcGts xmlns="http://schema.primaresearch.org/PAGE/gts/pagecontent/2013-07-15" xmlns:xsi="http://www.w3.org/2001/XMLSchema-instance" xsi:schemaLocation="http://schema.primaresearch.org/PAGE/gts/pagecontent/2013-07-15 http://schema.primaresearch.org/PAGE/gts/pagecontent/2013-07-15/pagecontent.xsd">
    <Metadata>
        <Creator>prov=READ-COOP:name=PyLaia@TranskribusPlatform:version=2.7.0:model_id=50870:lm=none:date=22_01_2024_20:55</Creator>
        <Created>2023-09-27T14:39:56.536+02:00</Created>
        <LastChange>2024-01-22T20:55:28.399+01:00</LastChange>
        <TranskribusMetadata docId="1589056" pageId="60126637" pageNr="208" tsid="145641490" status="IN_PROGRESS" userId="40391" imgUrl="https://files.transkribus.eu/Get?id=YVXDXKFSRFCNSVKGYWJHGZFI&amp;fileType=view" xmlUrl="https://files.transkribus.eu/Get?id=WVPGGAYWGTSSROCGLSQSFWAU" imageId="48551714"/>
    </Metadata>
    <Page imageFilename="1589056_0208.jpg" imageWidth="2936" imageHeight="3656">
        <ReadingOrder>
            <OrderedGroup id="ro_1711790415452" caption="Regions reading order">
                <RegionRefIndexed index="0" regionRef="tr_1"/>
            </OrderedGroup>
        </ReadingOrder>
        <TextRegion orientation="0.0" id="tr_1" custom="readingOrder {index:0;}">
            <Coords points="659,484 659,3080 2709,3080 2709,484"/>
            <TextLine id="tr_1_tl_1" custom="readingOrder {index:0;}">
                <Coords points="2370,543 2388,545 2412,565 2465,555 2497,584 2509,572 2534,577 2536,487 2519,487 2492,467 2463,458 2419,465 2397,482 2373,477"/>
                <Baseline points="2384,537 2409,537 2435,537 2461,537 2487,537 2513,536 2539,534"/>
                <TextEquiv>
                    <Unicode>493</Unicode>
                </TextEquiv>
            </TextLine>
            <TextLine id="tr_1_tl_2" custom="readingOrder {index:1;}">
                <Coords points="733,774 918,776 1059,708 1287,733 1348,694 1565,737 1667,691 2563,725 2534,569 2378,616 2005,577 1533,640 1222,606 1017,467 827,555 737,545"/>
                <Baseline points="749,701 840,703 931,700 1022,698 1113,695 1204,692 1295,692 1386,691 1477,687 1568,684 1659,681 1750,683 1841,680 1932,679 2023,678 2114,677 2205,671 2296,665 2387,662 2478,668 2569,668"/>
                <TextEquiv>
                    <Unicode>. Uaros er onelton sinsient, darfer toir</Unicode>
                </TextEquiv>
            </TextLine>
            <TextLine id="tr_1_tl_3" custom="readingOrder {index:2;}">
                <Coords points="643,888 835,825 991,869 1988,813 2164,869 2344,801 2597,842 2572,711 2373,754 2181,684 2095,723 1687,696 1570,740 1506,703 1180,737 1124,703 913,776 647,706"/>
                <Baseline points="659,835 756,829 853,823 950,817 1048,823 1145,817 1242,817 1340,815 1437,814 1534,808 1632,808 1729,804 1826,799 1923,799 2021,799 2118,799 2215,793 2313,792 2410,787 2507,785 2605,775"/>
                <TextEquiv>
                    <Unicode>e keco docht nat otet zu narten Ment nahre</Unicode>
                </TextEquiv>
            </TextLine>
            <TextLine id="tr_1_tl_4" custom="readingOrder {index:3;}">
                <Coords points="1034,978 1935,978 2086,927 2402,961 2609,910 2609,840 2375,801 2134,879 1850,813 1691,852 1037,852"/>
                <Baseline points="1047,943 1125,939 1203,940 1282,940 1360,937 1438,934 1517,932 1595,931 1673,931 1752,926 1830,928 1908,927 1987,922 2065,922 2143,919 2222,916 2300,913 2378,911 2457,906 2535,903 2614,895"/>
                <TextEquiv>
                    <Unicode>Du hälst es für möglich, daßs er tur ge-</Unicode>
                </TextEquiv>
            </TextLine>
            <TextLine id="tr_1_tl_5" custom="readingOrder {index:4;}">
                <Coords points="1037,1110 1154,1076 1280,1110 1429,1078 1528,1110 1604,1081 1606,988 1360,988 1253,961 1137,966 1039,1003"/>
                <Baseline points="1053,1062 1080,1065 1108,1067 1136,1067 1164,1065 1192,1065 1220,1064 1248,1062 1276,1060 1304,1059 1332,1059 1359,1059 1387,1059 1415,1057 1443,1056 1471,1056 1499,1056 1527,1056 1555,1056 1583,1057 1611,1059"/>
                <TextEquiv>
                    <Unicode>sinnung konnt.</Unicode>
                </TextEquiv>
            </TextLine>
            <TextLine id="tr_1_tl_6" custom="readingOrder {index:5;}">
                <Coords points="1047,1229 2529,1195 2534,1093 1930,1085 1806,1132 1745,1095 1645,1127 1049,1107"/>
                <Baseline points="1059,1187 1132,1193 1206,1189 1280,1190 1354,1188 1428,1184 1502,1181 1575,1179 1649,1175 1723,1175 1797,1174 1871,1172 1945,1169 2019,1169 2092,1166 2166,1163 2240,1159 2314,1160 2388,1158 2462,1158 2536,1157"/>
                <TextEquiv>
                    <Unicode>Frag mich nicht Muly, fraf mich nicht.</Unicode>
                </TextEquiv>
            </TextLine>
            <TextLine id="tr_1_tl_7" custom="readingOrder {index:6;}">
                <Coords points="674,1241 708,1256 723,1244 762,1251 781,1263 801,1261 820,1244 862,1253 896,1239 900,1129 879,1124 862,1139 827,1134 803,1144 789,1134 759,1151 706,1134 677,1141"/>
                <Baseline points="689,1202 715,1204 742,1205 769,1205 796,1203 823,1201 850,1200 877,1199 904,1199"/>
                <TextEquiv>
                    <Unicode>Lisa:</Unicode>
                </TextEquiv>
            </TextLine>
            <TextLine id="tr_1_tl_8" custom="readingOrder {index:7;}">
                <Coords points="995,1392 1373,1317 2507,1319 2509,1207 2453,1193 2147,1258 1740,1195 1482,1239 1414,1202 1268,1234 1003,1205"/>
                <Baseline points="1011,1322 1086,1319 1161,1316 1236,1315 1311,1310 1386,1307 1461,1307 1536,1306 1611,1301 1686,1301 1761,1295 1836,1292 1911,1292 1986,1291 2061,1289 2136,1284 2211,1283 2286,1280 2361,1278 2436,1277 2512,1277"/>
                <TextEquiv>
                    <Unicode>Ich weiss niett wie es refden wird. Du</Unicode>
                </TextEquiv>
            </TextLine>
            <TextLine id="tr_1_tl_9" custom="readingOrder {index:8;}">
                <Coords points="1047,1480 1205,1487 1329,1436 1891,1460 2074,1424 2207,1458 2366,1421 2507,1468 2585,1431 2587,1348 2383,1297 2297,1339 2239,1297 2054,1341 1949,1302 1506,1363 1373,1317 1292,1363 1051,1334"/>
                <Baseline points="1059,1438 1135,1436 1212,1434 1288,1429 1365,1432 1441,1429 1518,1426 1594,1423 1671,1420 1747,1419 1824,1417 1901,1414 1977,1411 2054,1408 2130,1406 2207,1402 2283,1402 2360,1399 2436,1396 2513,1391 2590,1384"/>
                <TextEquiv>
                    <Unicode>musst beduld haben. Du fusst ruhig war-</Unicode>
                </TextEquiv>
            </TextLine>
            <TextLine id="tr_1_tl_10" custom="readingOrder {index:9;}">
                <Coords points="1022,1572 1509,1584 1592,1548 1767,1599 1903,1536 2091,1567 2171,1528 2526,1528 2529,1465 2417,1441 2076,1472 1928,1433 1575,1509 1256,1453 1025,1514"/>
                <Baseline points="1035,1557 1109,1563 1184,1560 1259,1558 1334,1554 1409,1554 1484,1552 1559,1550 1634,1545 1709,1542 1784,1542 1858,1539 1933,1535 2008,1533 2083,1528 2158,1526 2233,1523 2308,1519 2383,1517 2458,1516 2533,1516"/>
                <TextEquiv>
                    <Unicode>gen. Es bleibt ja nichtf anderes übrig.</Unicode>
                </TextEquiv>
            </TextLine>
            <TextLine id="tr_1_tl_11" custom="readingOrder {index:10;}">
                <Coords points="1872,1631 2168,1618 2241,1584 2285,1609 2414,1580 2626,1604 2675,1589 2677,1531 2621,1504 2492,1543 2412,1516 2368,1545 2215,1526 2091,1567 2035,1543 1986,1575 1874,1548"/>
                <Baseline points="1886,1611 1925,1607 1965,1602 2005,1596 2044,1596 2084,1594 2124,1588 2163,1583 2203,1581 2243,1580 2283,1578 2322,1575 2362,1575 2402,1573 2441,1572 2481,1572 2521,1572 2560,1570 2600,1568 2640,1575 2680,1575"/>
                <TextEquiv>
                    <Unicode>deoblet fashe kundet</Unicode>
                </TextEquiv>
            </TextLine>
            <TextLine id="tr_1_tl_12" custom="readingOrder {index:11;}">
                <Coords points="1889,1713 2022,1728 2052,1755 2130,1733 2166,1760 2217,1723 2307,1713 2441,1713 2502,1745 2509,1589 2327,1597 2266,1623 2200,1601 1893,1623"/>
                <Baseline points="1904,1662 1934,1659 1964,1659 1995,1659 2025,1658 2056,1654 2086,1653 2116,1653 2147,1650 2177,1650 2208,1649 2238,1647 2268,1644 2299,1642 2329,1644 2360,1644 2390,1643 2420,1641 2451,1639 2481,1637 2512,1635"/>
                <TextEquiv>
                    <Unicode>eoet dan die</Unicode>
                </TextEquiv>
            </TextLine>
            <TextLine id="tr_1_tl_13" custom="readingOrder {index:12;}">
                <Coords points="1088,1711 1263,1740 1331,1696 1419,1735 1531,1699 1611,1750 1706,1745 1852,1708 1857,1589 1648,1587 1592,1548 1395,1611 1093,1575"/>
                <Baseline points="1101,1683 1138,1686 1176,1684 1214,1683 1252,1683 1290,1683 1328,1683 1366,1683 1404,1683 1442,1681 1480,1678 1517,1677 1555,1676 1593,1674 1631,1674 1669,1672 1707,1669 1745,1667 1783,1665 1821,1665 1859,1665"/>
                <TextEquiv>
                    <Unicode>Nonn Dul.. Hern du</Unicode>
                </TextEquiv>
            </TextLine>
            <TextLine id="tr_1_tl_14" custom="readingOrder {index:13;}">
                <Coords points="718,1733 762,1733 796,1718 837,1743 864,1750 908,1738 937,1762 986,1769 988,1616 922,1604 835,1553 720,1565"/>
                <Baseline points="731,1695 757,1697 783,1699 809,1701 835,1701 862,1701 888,1699 914,1697 940,1696 966,1694 993,1692"/>
                <TextEquiv>
                    <Unicode>m225.</Unicode>
                </TextEquiv>
            </TextLine>
            <TextLine id="tr_1_tl_15" custom="readingOrder {index:14;}">
                <Coords points="1088,1864 1290,1859 1424,1803 1808,1801 1845,1786 1847,1740 1621,1752 1472,1711 1180,1743 1093,1718"/>
                <Baseline points="1104,1805 1141,1811 1178,1811 1215,1809 1253,1806 1290,1805 1327,1805 1365,1804 1402,1802 1439,1802 1477,1800 1514,1798 1551,1796 1588,1796 1626,1796 1663,1794 1700,1791 1738,1790 1775,1789 1812,1787 1850,1784"/>
                <TextEquiv>
                    <Unicode>Mahrheit zu sagen.</Unicode>
                </TextEquiv>
            </TextLine>
            <TextLine id="tr_1_tl_16" custom="readingOrder {index:15;}">
                <Coords points="1051,1979 1443,2020 1806,1988 1915,1910 2188,1940 2699,1891 2704,1789 2611,1755 2480,1820 1760,1796 1589,1808 1421,1889 1202,1852 1056,1886"/>
                <Baseline points="1068,1933 1149,1930 1231,1930 1313,1927 1395,1924 1477,1923 1559,1921 1641,1916 1723,1916 1805,1910 1887,1909 1968,1905 2050,1900 2132,1895 2214,1892 2296,1889 2378,1889 2460,1886 2542,1885 2624,1880 2706,1883"/>
                <TextEquiv>
                    <Unicode>die Mahrheit. (otzef. neute viellsicht.).</Unicode>
                </TextEquiv>
            </TextLine>
            <TextLine id="tr_1_tl_17" custom="readingOrder {index:16;}">
                <Coords points="703,2015 745,2025 759,2013 781,2027 837,2001 852,2013 866,2003 908,2010 910,1884 879,1876 840,1898 815,1874 752,1879 733,1867 708,1867"/>
                <Baseline points="719,1948 746,1952 774,1954 802,1952 829,1951 857,1951 885,1948 913,1942"/>
                <TextEquiv>
                    <Unicode>Liea:</Unicode>
                </TextEquiv>
            </TextLine>
            <TextLine id="tr_1_tl_18" custom="readingOrder {index:17;}">
                <Coords points="1059,2125 1455,2132 1565,2049 1835,2081 1932,2035 2358,2057 2531,2013 2599,2052 2704,2027 2709,1913 1937,1913 1806,1988 1443,2020 1064,1974"/>
                <Baseline points="1074,2065 1155,2061 1237,2056 1319,2056 1401,2051 1482,2045 1564,2043 1646,2040 1728,2035 1809,2032 1891,2028 1973,2027 2055,2022 2136,2019 2218,2014 2300,2011 2382,2009 2463,2004 2545,1999 2627,1996 2709,1987"/>
                <TextEquiv>
                    <Unicode>Ja Willg, nern Du fillst, dass allie Hoff-</Unicode>
                </TextEquiv>
            </TextLine>
            <TextLine id="tr_1_tl_19" custom="readingOrder {index:18;}">
                <Coords points="1219,2200 2448,2166 2645,2134 2650,2059 2186,2027 1937,2049 1825,2117 1222,2134"/>
                <Baseline points="1232,2169 1303,2172 1374,2168 1445,2166 1516,2164 1587,2160 1658,2158 1729,2156 1800,2154 1871,2148 1942,2144 2013,2139 2084,2139 2155,2136 2226,2134 2297,2133 2368,2128 2439,2126 2510,2124 2581,2120 2653,2113"/>
                <TextEquiv>
                    <Unicode>ruende sein sofl für uns, dann ist es</Unicode>
                </TextEquiv>
            </TextLine>
            <TextLine id="tr_1_tl_20" custom="readingOrder {index:19;}">
                <Coords points="1609,2283 1864,2310 1915,2268 1979,2305 2405,2278 2456,2244 2524,2271 2529,2188 2383,2151 2100,2193 2015,2161 1614,2173"/>
                <Baseline points="1623,2277 1668,2277 1714,2277 1759,2275 1805,2276 1850,2275 1896,2269 1941,2266 1987,2267 2032,2266 2078,2263 2123,2259 2169,2256 2214,2256 2260,2256 2305,2251 2351,2250 2396,2247 2442,2244 2487,2241 2533,2238"/>
                <TextEquiv>
                    <Unicode>ief se indis mahrneit</Unicode>
                </TextEquiv>
            </TextLine>
            <TextLine id="tr_1_tl_21" custom="readingOrder {index:20;}">
                <Coords points="2300,2341 2405,2317 2443,2334 2470,2317 2509,2334 2572,2307 2648,2314 2650,2276 2607,2246 2514,2271 2487,2254 2468,2261 2456,2244 2400,2283 2305,2268"/>
                <Baseline points="2315,2312 2341,2309 2367,2309 2393,2309 2419,2308 2446,2305 2472,2302 2498,2302 2524,2304 2551,2300 2577,2297 2603,2296 2629,2294 2656,2292"/>
                <TextEquiv>
                    <Unicode>unbereite</Unicode>
                </TextEquiv>
            </TextLine>
            <TextLine id="tr_1_tl_22" custom="readingOrder {index:21;}">
                <Coords points="1640,2414 1684,2448 1835,2402 1896,2431 2203,2397 2509,2424 2638,2405 2643,2327 2314,2341 2166,2273 1918,2293 1837,2358 1643,2361"/>
                <Baseline points="1653,2399 1702,2402 1752,2402 1802,2399 1851,2396 1901,2395 1951,2392 2000,2390 2050,2388 2100,2387 2150,2384 2199,2381 2249,2381 2299,2377 2348,2371 2398,2368 2448,2366 2497,2364 2547,2363 2597,2360 2647,2363"/>
                <TextEquiv>
                    <Unicode>fass irgend etwas Breht-</Unicode>
                </TextEquiv>
            </TextLine>
            <TextLine id="tr_1_tl_23" custom="readingOrder {index:22;}">
                <Coords points="1253,2624 1565,2621 1701,2538 1867,2563 2188,2507 2280,2548 2456,2538 2534,2519 2538,2419 1837,2402 1677,2497 1258,2492"/>
                <Baseline points="1268,2551 1331,2545 1394,2540 1458,2542 1521,2538 1585,2534 1648,2530 1711,2528 1775,2527 1838,2524 1902,2524 1965,2517 2028,2514 2092,2512 2155,2511 2219,2506 2282,2506 2345,2506 2409,2501 2472,2496 2536,2495"/>
                <TextEquiv>
                    <Unicode>geschotensoott, sa dann .. geh</Unicode>
                </TextEquiv>
            </TextLine>
            <TextLine id="tr_1_tl_24" custom="readingOrder {index:23;}">
                <Coords points="1073,2748 1519,2743 1750,2650 2453,2667 2575,2621 2580,2534 2285,2551 2195,2504 1718,2621 1224,2643 1081,2602"/>
                <Baseline points="1089,2683 1163,2679 1238,2677 1313,2674 1388,2667 1462,2665 1537,2659 1612,2654 1687,2647 1761,2649 1836,2648 1911,2638 1986,2638 2060,2637 2135,2635 2210,2631 2285,2628 2359,2623 2434,2619 2509,2616 2584,2602"/>
                <TextEquiv>
                    <Unicode>noch mit mir ufg ihm hin und sagen wir</Unicode>
                </TextEquiv>
            </TextLine>
            <TextLine id="tr_1_tl_25" custom="readingOrder {index:24;}">
                <Coords points="1100,2865 1222,2843 1514,2869 1799,2857 1803,2757 1587,2718 1533,2748 1453,2731 1341,2753 1105,2728"/>
                <Baseline points="1116,2796 1150,2802 1185,2802 1219,2799 1254,2799 1288,2798 1323,2795 1357,2793 1392,2788 1426,2787 1461,2787 1496,2787 1530,2784 1565,2784 1599,2783 1634,2780 1668,2778 1703,2778 1737,2779 1772,2780 1807,2779"/>
                <TextEquiv>
                    <Unicode>ihm die Mahrkeit.</Unicode>
                </TextEquiv>
            </TextLine>
            <TextLine id="tr_1_tl_26" custom="readingOrder {index:25;}">
                <Coords points="1098,2996 1244,3003 1373,2947 1594,2989 1930,2896 2061,2938 2409,2891 2597,2918 2602,2782 2008,2774 1847,2872 1718,2843 1319,2886 1102,2840"/>
                <Baseline points="1113,2924 1187,2924 1262,2924 1336,2917 1411,2914 1486,2912 1560,2907 1635,2905 1709,2900 1784,2897 1859,2891 1933,2888 2008,2884 2082,2882 2157,2880 2232,2875 2306,2871 2381,2871 2455,2866 2530,2865 2605,2865"/>
                <TextEquiv>
                    <Unicode>fühlt er dern noch inner nicht selbst,</Unicode>
                </TextEquiv>
            </TextLine>
            <TextLine id="tr_1_tl_27" custom="readingOrder {index:26;}">
                <Coords points="1064,3101 1151,3115 1263,3049 1492,3079 1689,3035 1837,3047 1923,3110 2095,3108 2105,2928 1777,2925 1597,2989 1068,2991"/>
                <Baseline points="1080,3047 1131,3055 1182,3052 1233,3048 1284,3045 1336,3041 1387,3038 1438,3038 1489,3036 1540,3032 1592,3030 1643,3027 1694,3026 1745,3023 1796,3020 1848,3016 1899,3013 1950,3011 2001,3011 2052,3011 2104,3008"/>
                <TextEquiv>
                    <Unicode>dass er Dich verloren hat.</Unicode>
                </TextEquiv>
            </TextLine>
            <TextEquiv>
                <Unicode></Unicode>
            </TextEquiv>
        </TextRegion>
    </Page>
</PcGts>
