3144 3736
457 666 2384 962 Aet Norte: Oasoro geirs Koral beslobt piel-
477 824 2364 1085 leicht nur darin aus diesen unpräussen Malg
482 962 2463 1246 tial, das uns das lügen so leicht, so rorantuor
485 1082 2517 1327 tuneslos, so entschülober nacht, aus der Sprache
498 1207 2552 1470 eines Posseres zu schen. Mit Norten so nenlg u
500 1396 1473 1649 lagen als möglich ist.
508 1621 2167 1856 pie gilder Millie, Oetell des Rofrete.
549 1830 2573 2121 Ret. di deret, vlobt zue Sklerin ernlodeige lob
549 1950 2545 2282 aich, ich gebo dir vielocht alle Prothelt: die
549 2239 975 2410 der Rahl.
