3000 3656
208 866 443 1032 1111v.
191 1101 470 1260 Mutter
230 2020 470 2287 Mr1.
225 2260 532 2433 wertors
2151 485 2331 678 200
547 609 2314 846 es. Merlg. Ine Ungluch stürzt du Dich, Milv.
535 757 2398 1005 Mter soll ich bedeuern, dass leh se Dir gesagt
1012 908 2079 1124 ein keeerlet wolle
547 980 772 1082 habel
666 1025 2482 1247 Etest duß konnt Ich habs sa gauusst, ohne dass
683 1156 2378 1371 mir gesagt hast. Nein Willy, es darf nicht
1908 1257 2084 1349 den
676 1275 2378 1512 en. Du darfst nicht mit ihr fort. Dann ist es
564 1421 2349 1638 nicht wieder out zu machen. Dann gibt es kein
1096 1539 1604 1646 au ein enl
567 1542 2423 1747 zurück. Wenn Du auch gtmidt Dernen Artun ein-
589 1656 2502 1891 siehst, wird es zu spät seln. D Blfkf Dann bist
1896 1770 2131 1834 con
564 1784 2468 2002 Du an dieses Weib gehettet-und dann tut ste Dir.
577 1916 1713 2161 was sie dem andern geten hat.
1725 2042 2480 2218 un nerae tar
574 2116 1483 2260 Sie liebt mich, Mutter.
893 2185 1067 2272 allen
572 2171 2562 2413 sa nouta ene nior. Und mörgen ololleicht) Nem die
577 2324 2418 2529 sorgen kommen lst es aus. Und was wird sie aus
619 2443 2517 2648 Dir machen. Hat sie Dich dazu gebracht, was kenn
604 2562 2455 2784 ste nocht e hast Deine Mutter belogen. Du hast
592 2695 2544 2933 ihren Mann behogen Blotb hier, Meldpi Bleibhler.
592 2817 2515 3044 Und wenn den Mahnsinn, (der Reusch(noch nicht zu-
644 2948 2589 3131 ende ist, so wart es ab. Frleb es hier zuende. Dr
604 3086 2418 3354 menn vieltsicht allss wieder gut werden. Aber.
