3144 3720
2500 299 2653 490 42
1480 621 1850 774 Gottnerti
847 742 2711 926 Also dieser Herr Willy Hanfsoh ist einer Ihrei
920 879 1202 1038 Freundel
868 938 2755 1164 Einer meiner,.. glaußen ste wirkltch,)diese hier
920 1085 1354 1175 eein si
410 1102 2761 1296 Auti hitutsinq ost Das stna moino Parasiton, das sind ker
988 1258 2632 1439 ata mich ausgesogen und in eine Eche ge-
985 1389 2281 1542 icht haben wie ein Stilck Rostbeaf.
1791 1471 2140 1595 dit d .8.
490 1413 774 1668 Prau I
900 1507 1647 1677 Tut man das hteri)
498 1642 706 1814 Rapp.
888 1647 2688 1791 Das ist eine Mdtapher, gnädige Frau. Sie dür.
891 1762 2741 1926 fen das nicht etwa für eine wienerische Eigen-
856 1899 1354 2055 hett halten.
2377 1946 2544 2064 id
844 2017 2767 2204 (senon ste nicht in meiner Saele dietZahnabdrücke
504 1990 645 2178 Nr.
903 2134 2638 2333 ihres hungrigen Geistesl) Intellektuel ie sind
856 2263 2808 2465 es. (weittueftier, Juden,(können das Freunde seint
856 2401 2597 2588 Schriftstoller sind es... Die werden an ihre
841 2562 2665 2703 Sargdeckel klopfen und den Totengrüber um eine
1911 2638 2143 2732 timel
1140 2629 1762 2738 Samii Becdibl
876 2676 2744 2843 stunde Urlaud bitten, weil sie dringend die Son
891 2811 2726 2972 sation aufnotteren müssen) die sie bal ihrem De-
850 2940 2568 3078 gräbnis empfunden haben. Begrabenen sind es,
