3128 3704
1134 655 2814 873 Als kleinen Zeichen meiner Bewunderung hab
1205 770 2859 999 ich mir erlaubt, Thner vor eirigen Wochen
1186 890 2577 1083 mein Buchlüber Amertkafzu gehicken.
1999 1002 2228 1085 dein Red
1147 1008 2750 1211 wöglich. Aber ich erhalte beinah niemals
1194 1153 2701 1331 die Lücher, die mir geschickt werden.
1194 1243 2865 1457 Mein Hausmeister unterschlägt sie und ver-
1162 1367 2797 1596 kauft sie an einen Antiquar, Wenn ich sie
1183 1500 2908 1710 zufäldig direkt in die Hand bekomme, stiehli
1177 1609 2846 1851 er sie mir am Tage drauf, aus dem Rüchst-
1194 1838 1479 1977 kasten.
1192 1885 2746 2123 Warum lasefn dis den Kerl nicht endlich
1207 2093 1650 2217 einsperren
1320 2114 2044 2241 datt ud langit sebt
1235 2095 2846 2339 Du kernst seine Rochter nicht, ein Engsl
1211 2324 1620 2472 ist sie.
1220 2363 2748 2598 Ist sie noch inmer (Plumenmädelsbei Ro-
2179 2480 2380 2583 klin
1586 2512 2086 2669 lehr at der
2194 2500 2585 2669 Machiel
1228 2538 1588 2709 nacher2/
1400 2707 2878 2842 ubere, dec duset coll blec Rictente bes
1245 2758 2842 2938 Imübrigen, was fang ich hiit bichern and
1288 2844 2842 3067 wenn mir einer ein Buch schenkt gibt er-
1258 2970 2889 3208 mir mast banz im begenteil. Ist es ein zu
1303 3127 2810 3289 tes buch, so stiehlt er mirmeine soele
1577 3298 2465 3456 Rucllesar ertelt
