3160 3800
534 621 678 876 pr.
527 879 697 1011 Rar.
626 1021 754 1143 erd.
558 1153 770 1276 Rapp:
588 1375 725 1484 11
593 1635 832 1793 Rapp:
1084 286 2544 496 mor schr aient anmerauten
2044 425 2670 676 she
1663 456 2060 690 serrfe
853 610 1888 860 Freunde.. Sohfhabe kflne.
886 737 2561 992 duosor meidy Keglsch, vothotvorstmalleh.
910 836 2811 1070 Den den ich jhresene noute bessonet, dmell dih
1113 1018 1524 1132 henkehen.
1068 985 2542 1262 1ot R dom 80101. 2e8. Ied1101. nur1011
1441 1139 1680 1238 hiehe
1191 1103 2818 1340 nur heute Ldne. /6s wärs Justig, wonn er
1292 1205 2901 1484 komnen Lorntofund sto für stno dor hlor
2131 1328 2660 1512 ler irt
1342 1446 2051 1581 igen Damen hielte.
1191 1491 2828 1708 zu möchtest Dir wohl vom Lehen eine Kond-
1349 1630 2800 1857 an lassen, woll dir solber nichts elr
1103 1694 1344 1852 aicht
1169 1838 1297 1989 t
1096 1876 2873 2124 eino von hterl Eist Du einer von hter oder 81
1037 1999 2901 2228 nor von dortt din ich siner von hier oder elner
1011 2131 2755 2388 von dort... ist Albine eine von dort oder von
1044 2266 2802 2502 nier... walss einer. aber vor htoroter von
1030 2374 2894 2641 dort leteserht es überhaupt feste bronzen zul-
1068 2502 2970 2783 schen hier und dortt Wie es fuch im Blut steckt.
1056 2641 2828 2885 Mhr Schutzzöllner einer privilegiorten Sitt-
1058 2766 2927 3045 1onkert) wolge einer von Kuch, wo er ansubeten
1044 2901 2852 3140 nat und woo auszuspetent stehen nicht hnohma)
1061 2977 2951 3248 Altere in verrufenen Strassen und Spucknepfs in
1061 3170 2774 3452 den Wegeln d Zollheit
1951 3409 2568 3532 ite coiie
