3112 3736
2583 407 2752 567 135
715 507 948 627 Lisa:
1128 514 2812 674 Gleissner hat mich neulich gefragt, bei den
1112 637 2820 773 -Eltern, ob er sie mitbringen darf.Und ich
1123 744 2768 903 dachte, da er doch jetzt mit ihr lebt....
1139 888 2810 1008 Ich wollte Dirs auch sagen, heute Mittag,
1520 971 1797 1076 sat dit
1817 984 2640 1068 fed v 99 tan nicht zu
1196 990 2831 1136 aber siret tstich ihrchends bs
1360 1099 1723 1186 brkune
710 1149 1992 1298 Alhine und Gleissner(von Links.)
749 1227 969 1379 Zach:
1131 1230 2640 1402 Nun ja, was liest daran? Sie ist viel
708 1374 2807 1556 leicht nicht die Schlimmste von deren, die heute auf
1149 1501 2183 1674 unserm Fall, tanzen (Al.)
