3160 3720
590 517 869 728 Enrenf:
719 1221 876 1381 onS:
600 1796 828 2012 Elsa:
578 1995 736 2122 61:
587 2369 879 2476 Ehrenf.
609 2872 820 3034 Ford:
600 3020 879 3175 Ehrens
1350 228 1767 398 M.: n 1
1906 240 2039 367 An
1022 328 2566 517 +. ohe fenr schrrbe - da der
1473 456 2369 585 ich mir auch fant dicollt
959 546 2869 675 (komnt an den Tisch) Herr Treuenhof, ich sehe,
942 672 2770 794 dass Sie noch immer nicht schlafen, wollen sie
2049 760 2714 857 lnsit meihtr
930 820 2794 954 mir jetzt endlich gestatten Klauter zu sptofen?
1415 903 1660 988 dete d
888 935 2784 1085 (zu Lisa ) das ist derMann, Frau Lisa, der auf
2003 1027 2379 1107 seege
2525 1022 2877 1209 Vonlelt.
944 1032 2267 1231 Ihrem Ball zum Fane sptolen wird.
932 1185 2767 1364 Herr Treuenhof, mein Barveflust beziffert sich
952 1308 2770 1500 auf mindestensSGulden in diesem Augenblick und
954 1410 2775 1573 ich hab zu Haus eine kranke Frau. Ich kann un-
930 1546 2886 1760 möglich mit dem Feller herumgehen, –wenn ich nicht
954 1743 1512 1862 gespielt habe.
939 1818 2204 2000 sto Gonch mit dem Zellernerun!
913 1932 2782 2134 (Das ist der sichthare Feller:Asgesammelt wird
998 2088 2855 2258 immeg. Der unstohtbare Teller ist vornehmer und
952 2250 1393 2391 verlogener.
986 2287 2850 2466 ste brauchen mich nicht zu trösten, Herr Gleiss
944 2457 2886 2612 ner, ich habe kein Schamgefühl, nicht das gering-
971 2595 2889 2755 ste. Ja, ich sammle ab. Ich tüte noch ganz andre
954 2712 2423 2881 Sachen, um meine Familie zu erhalten.
952 2850 2032 3003 Und sich selber, Ehrenfeld.
964 3013 2352 3173 gehör toh nicht zu meiner Fämtlier
