3000 3688
532 227 2441 449 um acht Uhn bie ich, mit te Coch. Aekel Rei ko
2232 424 2406 577 231
871 419 1091 582 i den
642 464 2369 749 agt Sr 1o teten alr /aene eton 301
664 634 2611 854 der Arhel Rudl Komntand S. Er feht morgen sort.
290 739 577 921 Wetter:
721 789 2289 976 du wirst Dich nicht vor ihm veratend
297 904 694 1051 M2I1v. 50.
659 931 1291 1048 due baataus ge jectote
649 919 2112 1151 Ich muss sa jetzt tun, was Du willst.
290 1021 584 1176 Wutter:
647 1048 2656 1243 Mutteri (ist ihr zu Füssen und küsst ihr die Handl
305 1151 549 1258 Miily:
654 1188 2566 1378 Nun lass ich Dich allein. Menn kommst Du hin-
297 1233 594 1448 Wustor.
676 1378 939 1530 unteri
679 1438 2541 1633 In einer Stunde stwa. (erbegleitet sie zur Für.
320 1530 577 1640 Weilv:
1982 1538 2424 1658 In Mern
1191 1563 1897 1727 Ich eite wie lurt
676 1608 1088 1772 ste gcht.)
1538 1665 1817 1770 bilell
662 1692 2496 1910 (eitern, im Zinmerghin und hen Er gcht hinter
330 1705 592 1947 mert0:
696 1832 2571 2024 den Vorhang, wo er Papter und Bücher hervorholt.
721 1922 2514 2139 die er dann durch das Atelter nach hinten zur
694 2059 2678 2287 Ptagère trägt. Er otbt sie in die Henstasche. Denn
711 2232 2509 2379 zum Risch rechts, dessen lade er aufschliesst.
709 2346 2589 2521 um die Shizzen einzuschliessen. Dann geht er vor
721 2451 2112 2661 die Staffelel, betrachtet das Biid.
1173 2636 1328 2731 rn
714 2681 1126 2808 Es klopft.
719 2701 2589 2908 meriy nimne sen ruch, um das Biid zu überdochen.
714 2843 2519 3053 Auf sein rnereinr tritt zach harsin. Das Ruch
746 2953 2551 3225 feirt aus den künden Millus am Frid vorbel zur
776 3203 1001 3377 Proo.
