3160 3816
2600 460 2728 563 65
861 595 2909 807 Steintr-Also das ist noch immer Dein Hauptquartierz
589 692 2889 932 Moruuisst. 4. Vebrigens hast Du Dich it einigen hübschen
1190 824 2817 1047 Generalstäblsringen umgeben, Die Adjutan-
426 904 1041 1061 XTr. Jh. Isch 1.8
1281 944 2643 1121 ten sind ja weniger nach meinem Ge-
389 1012 1001 1184 lahn an Moxrn
1250 1078 2663 1276 schmack. Also Erie gehts Dir inner.2
386 1095 1081 1253 und erit Bland
2013 1190 2248 1256 Manner
1253 1178 2723 1393 Du fragst mich, Gul der sann schon vo
403 1224 847 1370 den Mager
901 1290 1032 1444 Tr:
1290 1298 2914 1487 vierundzwanzig Jahren unter meinen Locken
398 1333 809 1533 gelohlte
1273 1427 2771 1604 die glatze unter meinem Genie die Un-
1270 1530 2823 1765 fähigkeit, (unter meiner Glut die Ausge-
1287 1659 2863 1859 hranntheit, unter meinem Leben den Tod
1267 1782 2351 2011 erkannt hat? Schau mich an.
978 1902 2894 2134 steintr? Du siehst grad so aus wie vor zuei, wie
1338 2019 2851 2251 vor siellen Jahren., wie seit zwanzig.
1298 2156 2688 2377 Du voränderst Dich überhaupt nicht.
1267 2248 2877 2491 Keir Marder, wern man seit zwanzg Jahren
1012 2374 1147 2551 rr:
1364 2434 2091 2614 ein Sterbenderist.
