2984 3496
859 483 998 618 Pr.
2475 344 2638 457 230
2190 442 2720 625 pich auf eine
1172 461 2143 607 Was Du tun sollst, Begil
1201 563 2645 746 Facht y nach eine Reiss an den öfern
1168 682 2550 879 der mittesländischen ieeres. Jahre
1128 821 2570 987 nach Kairo, nach Assuen, hau dir ein
1168 945 2784 1102 Schläss am Senfer ses. Umgil Dich mit Wei-
1333 1042 2790 1241 born. Sehneichten und Harren und Sie
1095 1155 2868 1329 nur zu, dass Du sie inner bar bezahlen kannst
1936 1287 2077 1366 unde
1201 1274 2857 1490 Dann wirst du Dich hald sehr mhl befinden.
1247 1477 1859 1583 lacht höhnisch
1088 1508 2786 1731 oder male die sixtinische Madonta. Das wär
2159 1651 2422 1728 indic lec
1249 1669 2823 1819 auch eine Idee. Wern wan so was zu stand
1770 1768 2366 1861 hel men auch dee
1221 1797 2762 1974 gsbracht hat, verzeiht men sich steich-
1219 1890 2651 2084 falls mancherlei föder lass wenschen
1214 2002 2790 2181 soelen hinter dir, klagen und verhluten.
1249 2155 2806 2311 soelen von Müttern, Gelichten, kindern,
1148 2287 2797 2455 schreite über leichen, und lach über Dich
1254 2433 1799 2536 una ais weit.
1212 2517 1960 2687 I vor das Könnfd.
1185 2640 2576 2812 wern du das auch nicht trifft, dann
1662 2751 2060 2848 u r.lt- de
1161 2753 2775 2927 bring Dich un, aber so rashh als höglich,
1236 2874 2737 3057 lieber heut als morren/ Wenn du einmal
2247 3009 2812 3163 st dus nänlich
1265 3038 2203 3148 hälst wo ich bin, dann t
1223 3108 1664 3243 nicht mehr.
