2968 3528
250 1340 546 1474 Eincrte
215 1484 501 1640 rolleit
291 1611 449 1751 1
213 1677 491 1843 selbere
418 1876 555 2044 al
2301 272 2556 416 244 8
659 399 2504 612 uus die Artikel varoufscheusslich, dass sie
669 565 2507 730 irgende in unentwogt für Freiheit und Recht
671 680 2471 895 kimpfender Reporter auch nicht schlechter
671 836 1715 999 hätte schreiben können.
676 931 2575 1139 Freuenhof: Du spasst. Mie sollte dir denn des
673 1106 1323 1257 passiert sein?
687 1191 2580 1418 Repp: auf die einfachste Meise von der Molt.
690 1340 2488 1517 De ist passiert, weil wir in Grunde meiner
687 1455 2396 1661 soole die Menschheit mit Einschluss der
683 1583 2530 1791 Grubenarbeiter und unschuldig Verurteilten
687 1687 2568 1907 völlig nurst ist und ich mich darüber Richt
695 1836 2485 2055 täuschen kann. Ich bringe gelegentlich das
2046 1980 2485 2131 lichen Ge-
697 1982 2018 2183 dischen Witleid auf, das zum la
1999 2122 2507 2266 tedriernenz
692 2096 1831 2282 brauch genügt, aber von der
697 2228 2530 2426 des einen die grossen onigen Norte auf die
706 2362 2459 2549 liepon und in die Foder drängt davon Pist
713 2500 2540 2703 nichts in wir vorhanden. Ich habe die liebe
706 2606 2585 2818 nicht, das ist es, Treuenhof, die Menschenlie-
713 2743 2410 2944 be hebe ich nicht Die ist mir nicht geg
692 2885 2055 3097 den so nonig nie die, Frouenhol.
728 3012 2041 3220 Prouenhel: Du hast es beneckt?
