2888 3480
1008 270 2472 517 Berth Iel hat im Ende wußer
1271 432 2038 574 exo in kopfpieht
2415 473 2568 578 129
940 572 2494 725 Ach hb ja nur Angst, dass er irgend
1104 681 2728 855 eine Dunnnheit macht. (ass er sichs amende
1100 815 2713 997 so zu Herzen nimmt ... Aaber was Ihr denkt,
1047 931 2713 1058 nein nein..:Mich sie- diese Frau...,es ist
1089 1056 2588 1227 doch nicht möglich, dass ein sol junges
1091 1214 2601 1361 Wesen..) mit einem plötzichen Einfall)
1041 1337 2507 1490 Du wirst. sie, lia heute abred sehen Iu
973 1455 2732 1619 bist ja dort; Du wirst sie ja beide zusammen
1058 1591 2012 1733 sehen, ich bitte Dch...
1091 1685 2691 1847 Ja was denn Schwesterl,Soll ich Obacht
727 1711 1069 1825 Steinbr:
1096 1808 2564 1972 geben auf ihn, Das ist keine so ein-
1058 1968 2564 2090 fache Sache, abgesehen davon, dass es
1087 2082 2520 2226 nicht sehr nach meinem Geschmack ist
1118 2185 2645 2356 Nein, das verlagg ich doch nicht, (aber
732 2202 1017 2325 Mutter:
1098 2294 2579 2483 wenn Die mir erzählen, könntest was Du
1061 2441 2649 2608 im Ganzen für einen Findruck von ihr be-
1054 2594 2261 2746 kommen hast, ob Du glaubst....
1124 2676 2757 2855 Ich kenn sie ja, Ausschauen tut sie aller
749 2711 1065 2868 Steintr:
1058 2809 2667 2971 dings, als wenn sie nict bis drei zählen
1063 2956 1420 3101 kante...
