2920 3640
266 673 476 776 Ferd:
264 917 569 1088 Ehrenf:
298 1325 508 1423 Ferd:
337 2386 542 2518 Ferd:
486 2757 637 2882 enf:
2181 305 2362 427 184
878 329 2084 490 Tur h. Legtibra Ineaneela
981 412 2159 537 Ilerns enf eta ebrulla, set ube
578 478 2416 666 (Ehrenfeld mit Ferdinand Neurann aus dem Saal.
622 600 2460 752 Ehrenfeld, Sie sind verr端ckt; Sie vergessen wo
612 791 1005 910 Sie sind.
637 839 2425 1049 Im Gegentell, Herr Neumann! Ich erinnered die
637 993 2547 1157 Leute vtelmehr, wo sie sich befinden. Mein Spiel
634 1115 2157 1296 hat die wunderbare Kraft....
637 1242 2391 1435 Das Klavier zu zertr端mmern. (zu Treuenhof)
659 1342 2521 1588 Treuenhof, bitte machen Sie doch Ihren Einfluss
691 1498 2652 1735 geltend, gggen Ste ihm, dass er nicht im Kaffee-
2284 1591 2513 1684 were
1806 1591 2230 1706 set te bt.
666 1667 2611 1828 Haus "Fliederbusch" Ist. Merl togen Si it ich
622 1759 2440 1969 (gletchg端ltig) Sie sind nicht im Kaffeskane
678 1918 2306 2076 nFliederbusch", Ehrenfeld. (in den Sagl)
678 2023 2523 2237 Ein Diener (mit champagner.) Ehrenfeldlnimmt ein
683 2228 900 2340 Glas.
688 2245 2647 2477 Trinken Die nicht so viel Ehrenfeld. Ein betr端nke
761 2396 2623 2601 ner Jude, das ist wie ein Verbrechen wider die
730 2611 993 2747 Natur.
691 2623 2569 2867 Was sell ich tun, Herr Neumann? Mein Schmerz...
703 2804 2625 2994 Ste wissen ja. Meine Frau stirbt zu Hausaund ich
715 2930 2186 3128 muss de epialen zum Tanz aufsplelen.
