<?xml version="1.0" encoding="UTF-8" standalone="yes"?>
<PcGts xmlns="http://schema.primaresearch.org/PAGE/gts/pagecontent/2013-07-15" xmlns:xsi="http://www.w3.org/2001/XMLSchema-instance" xsi:schemaLocation="http://schema.primaresearch.org/PAGE/gts/pagecontent/2013-07-15 http://schema.primaresearch.org/PAGE/gts/pagecontent/2013-07-15/pagecontent.xsd">
    <Metadata>
        <Creator>prov=READ-COOP:name=PyLaia@TranskribusPlatform:version=2.7.0:model_id=50870:lm=none:date=22_01_2024_20:55</Creator>
        <Created>2023-09-27T14:39:59.669+02:00</Created>
        <LastChange>2024-01-22T20:55:31.782+01:00</LastChange>
        <TranskribusMetadata docId="1589056" pageId="60126748" pageNr="229" tsid="145641511" status="IN_PROGRESS" userId="40391" imgUrl="https://files.transkribus.eu/Get?id=DQRUHBBILJDIVXPQJEVWKWVO&amp;fileType=view" xmlUrl="https://files.transkribus.eu/Get?id=NODPNMRTYJZTNCPVDZAWCMVO" imageId="48551825"/>
    </Metadata>
    <Page imageFilename="1589056_0229.jpg" imageWidth="3016" imageHeight="3624">
        <ReadingOrder>
            <OrderedGroup id="ro_1711790452967" caption="Regions reading order">
                <RegionRefIndexed index="0" regionRef="tr_1"/>
                <RegionRefIndexed index="1" regionRef="tr_2"/>
            </OrderedGroup>
        </ReadingOrder>
        <TextRegion orientation="0.0" id="tr_1" custom="readingOrder {index:0;}">
            <Coords points="310,2356 310,2788 719,2788 719,2356"/>
            <TextLine id="tr_1_tl_1" custom="readingOrder {index:0;}">
                <Coords points="476,2489 510,2487 575,2453 620,2477 659,2458 714,2465 714,2371 661,2374 616,2352 592,2362 556,2359 517,2335 476,2342"/>
                <Baseline points="489,2420 514,2420 540,2420 565,2418 591,2417 616,2419 642,2420 667,2420 693,2419 719,2417"/>
                <TextEquiv>
                    <Unicode>N2224.</Unicode>
                </TextEquiv>
            </TextLine>
            <TextLine id="tr_1_tl_2" custom="readingOrder {index:1;}">
                <Coords points="467,2600 493,2593 503,2602 563,2602 584,2583 616,2578 659,2607 671,2600 705,2619 707,2465 673,2470 649,2460 625,2477 596,2463 548,2468 469,2494"/>
                <Baseline points="480,2546 505,2546 531,2546 556,2544 582,2543 607,2543 633,2543 658,2543 684,2545 710,2546"/>
                <TextEquiv>
                    <Unicode>Zoch.</Unicode>
                </TextEquiv>
            </TextLine>
            <TextLine id="tr_1_tl_3" custom="readingOrder {index:2;}">
                <Coords points="293,2819 317,2826 346,2799 370,2807 435,2766 503,2756 539,2768 544,2682 507,2679 474,2643 450,2641 440,2629 414,2646 399,2638 366,2658 301,2674"/>
                <Baseline points="310,2758 336,2757 362,2755 388,2755 414,2754 441,2749 467,2746 493,2746 519,2747 546,2749"/>
                <TextEquiv>
                    <Unicode>It Jab 1</Unicode>
                </TextEquiv>
            </TextLine>
            <TextEquiv>
                <Unicode></Unicode>
            </TextEquiv>
        </TextRegion>
        <TextRegion orientation="0.0" id="tr_2" custom="readingOrder {index:1;}">
            <Coords points="805,334 805,3095 2761,3095 2761,334"/>
            <TextLine id="tr_2_tl_1" custom="readingOrder {index:0;}">
                <Coords points="2446,445 2465,447 2506,471 2530,452 2600,459 2602,322 2583,320 2554,337 2547,327 2535,334 2523,322 2513,327 2487,310 2480,317 2448,313"/>
                <Baseline points="2459,397 2488,397 2517,396 2547,394 2576,396 2606,397"/>
                <TextEquiv>
                    <Unicode>214</Unicode>
                </TextEquiv>
            </TextLine>
            <TextLine id="tr_2_tl_2" custom="readingOrder {index:1;}">
                <Coords points="1950,611 2201,647 2398,620 2441,645 2520,633 2528,392 2480,387 2350,464 2256,450 2213,479 2179,452 2080,486 2020,464 1955,476"/>
                <Baseline points="1967,540 1995,543 2023,543 2051,543 2079,543 2107,541 2135,540 2163,540 2191,539 2219,537 2247,537 2275,536 2303,534 2331,532 2359,530 2387,528 2415,527 2443,525 2471,525 2499,526 2528,528"/>
                <TextEquiv>
                    <Unicode>erheuet vas ser</Unicode>
                </TextEquiv>
            </TextLine>
            <TextLine id="tr_2_tl_3" custom="readingOrder {index:2;}">
                <Coords points="1316,527 1352,534 1366,546 1388,544 1397,553 1409,546 1448,551 1450,392 1431,390 1409,411 1397,402 1368,406 1359,416 1342,404 1318,402"/>
                <Baseline points="1328,564 1353,562 1378,561 1403,561 1428,561 1453,561"/>
                <TextEquiv>
                    <Unicode>se</Unicode>
                </TextEquiv>
            </TextLine>
            <TextLine id="tr_2_tl_4" custom="readingOrder {index:3;}">
                <Coords points="2023,736 2400,726 2682,772 2710,760 2713,618 2441,645 2398,618 2261,657 2025,635"/>
                <Baseline points="2038,671 2072,673 2106,673 2140,671 2174,671 2208,671 2242,671 2276,671 2310,668 2344,668 2378,666 2412,662 2446,659 2480,657 2514,656 2548,656 2582,656 2616,658 2650,659 2684,658 2719,656"/>
                <TextEquiv>
                    <Unicode>kre. wo es sich um</Unicode>
                </TextEquiv>
            </TextLine>
            <TextLine id="tr_2_tl_5" custom="readingOrder {index:4;}">
                <Coords points="796,806 849,815 878,798 919,801 936,784 1013,803 1056,770 1109,806 1145,798 1150,661 1044,683 974,659 859,705 825,690 798,697"/>
                <Baseline points="811,746 837,749 863,749 889,749 915,747 942,746 968,746 994,745 1020,743 1047,743 1073,742 1099,741 1125,740 1152,740"/>
                <TextEquiv>
                    <Unicode>vexerkost</Unicode>
                </TextEquiv>
            </TextLine>
            <TextLine id="tr_2_tl_6" custom="readingOrder {index:5;}">
                <Coords points="2136,861 2465,854 2499,837 2665,866 2660,743 2595,741 2530,774 2496,746 2405,734 2362,758 2314,734 2196,782 2138,777"/>
                <Baseline points="2152,800 2178,800 2204,800 2230,800 2256,798 2282,795 2308,793 2334,791 2360,791 2386,791 2413,791 2439,792 2465,794 2491,792 2517,791 2543,791 2569,790 2595,788 2621,791 2647,795 2674,800"/>
                <TextEquiv>
                    <Unicode>und Manrheit.</Unicode>
                </TextEquiv>
            </TextLine>
            <TextLine id="tr_2_tl_7" custom="readingOrder {index:6;}">
                <Coords points="823,931 885,948 1027,902 1099,945 1176,892 1328,899 1316,798 1265,820 1126,823 1056,770 1022,796 936,784 827,813"/>
                <Baseline points="838,877 864,877 890,877 916,877 942,876 968,872 994,872 1020,874 1046,872 1072,871 1099,871 1125,871 1151,871 1177,870 1203,868 1229,868 1255,867 1281,866 1307,864 1334,862"/>
                <TextEquiv>
                    <Unicode>so vesentlie</Unicode>
                </TextEquiv>
            </TextLine>
            <TextLine id="tr_2_tl_8" custom="readingOrder {index:7;}">
                <Coords points="2357,1005 2371,1005 2405,1027 2424,1025 2436,1013 2477,1013 2511,1037 2535,1025 2537,895 2439,895 2403,919 2391,909 2359,904"/>
                <Baseline points="2373,970 2401,970 2429,971 2458,972 2486,969 2514,967 2543,967"/>
                <TextEquiv>
                    <Unicode>einer</Unicode>
                </TextEquiv>
            </TextLine>
            <TextLine id="tr_2_tl_9" custom="readingOrder {index:8;}">
                <Coords points="798,1037 1099,1015 1174,1065 1253,1013 1301,1049 1392,1005 1431,1029 1532,1020 1534,931 1491,924 1349,960 1260,928 801,938"/>
                <Baseline points="811,1011 847,1011 883,1011 920,1011 956,1011 993,1009 1029,1005 1066,1003 1102,1003 1139,1003 1175,1003 1211,1001 1248,999 1284,998 1321,1000 1357,1000 1394,998 1430,995 1467,994 1503,993 1540,991"/>
                <TextEquiv>
                    <Unicode>Leben und Tod. Tr.</Unicode>
                </TextEquiv>
            </TextLine>
            <TextLine id="tr_2_tl_10" custom="readingOrder {index:9;}">
                <Coords points="2321,1116 2369,1128 2431,1114 2494,1145 2525,1126 2561,1140 2590,1123 2631,1126 2662,1106 2694,1118 2701,1022 2658,1010 2590,1037 2537,1020 2492,1037 2436,1013 2374,1041 2326,1039"/>
                <Baseline points="2337,1107 2363,1107 2389,1104 2415,1102 2441,1101 2467,1101 2493,1100 2519,1098 2545,1096 2571,1095 2597,1095 2623,1094 2649,1090 2675,1088 2701,1086"/>
                <TextEquiv>
                    <Unicode>on zu ih.</Unicode>
                </TextEquiv>
            </TextLine>
            <TextLine id="tr_2_tl_11" custom="readingOrder {index:10;}">
                <Coords points="789,1229 1049,1171 1494,1205 1595,1152 1575,1032 1460,1039 1390,1080 1215,1041 1058,1085 794,1080"/>
                <Baseline points="805,1143 844,1142 884,1140 923,1140 963,1140 1003,1138 1042,1135 1082,1134 1121,1134 1161,1133 1201,1131 1240,1131 1280,1128 1319,1128 1359,1126 1399,1125 1438,1125 1478,1125 1517,1124 1557,1122 1597,1125"/>
                <TextEquiv>
                    <Unicode>stunde noch nicht, d</Unicode>
                </TextEquiv>
            </TextLine>
            <TextLine id="tr_2_tl_12" custom="readingOrder {index:11;}">
                <Coords points="2261,1294 2304,1289 2374,1253 2395,1260 2417,1243 2441,1260 2564,1263 2566,1123 2492,1145 2431,1116 2400,1147 2350,1147 2302,1176 2263,1181"/>
                <Baseline points="2274,1235 2300,1235 2327,1235 2354,1234 2381,1233 2408,1231 2435,1229 2462,1231 2489,1232 2516,1232 2543,1232 2570,1232"/>
                <TextEquiv>
                    <Unicode>doch da.</Unicode>
                </TextEquiv>
            </TextLine>
            <TextLine id="tr_2_tl_13" custom="readingOrder {index:12;}">
                <Coords points="796,1313 1094,1282 1159,1320 1251,1291 1414,1320 1486,1272 1770,1299 1772,1193 1696,1186 1176,1174 1056,1205 981,1174 798,1222"/>
                <Baseline points="811,1271 859,1271 907,1269 955,1266 1004,1265 1052,1265 1100,1265 1148,1262 1197,1259 1245,1259 1293,1259 1341,1258 1390,1255 1438,1253 1486,1251 1534,1250 1583,1250 1631,1250 1679,1250 1727,1247 1776,1244"/>
                <TextEquiv>
                    <Unicode>nen hinaufstetgen werde.</Unicode>
                </TextEquiv>
            </TextLine>
            <TextLine id="tr_2_tl_14" custom="readingOrder {index:13;}">
                <Coords points="827,1441 1277,1385 1340,1426 1438,1392 2109,1421 2229,1371 2727,1402 2730,1299 2557,1277 1421,1328 1251,1291 1101,1342 830,1340"/>
                <Baseline points="844,1397 938,1397 1032,1391 1127,1388 1221,1387 1315,1384 1410,1379 1504,1377 1598,1374 1693,1376 1787,1373 1881,1370 1976,1370 2070,1366 2164,1362 2259,1364 2353,1361 2447,1357 2542,1353 2636,1352 2731,1340"/>
                <TextEquiv>
                    <Unicode>Denn innerhalb der letzten Stunde ist es mir kla¬</Unicode>
                </TextEquiv>
            </TextLine>
            <TextLine id="tr_2_tl_15" custom="readingOrder {index:14;}">
                <Coords points="847,1558 1234,1513 1513,1563 2080,1522 2189,1556 2686,1498 2686,1431 2501,1405 1683,1441 1551,1405 1188,1462 1013,1419 849,1438"/>
                <Baseline points="859,1522 950,1519 1042,1516 1133,1514 1225,1512 1317,1507 1408,1505 1500,1505 1592,1504 1683,1500 1775,1495 1867,1495 1958,1495 2050,1492 2142,1489 2233,1489 2325,1486 2417,1483 2508,1483 2600,1480 2692,1471"/>
                <TextEquiv>
                    <Unicode>geworden, dass ich die Mahrheit dach nur erfah-</Unicode>
                </TextEquiv>
            </TextLine>
            <TextLine id="tr_2_tl_16" custom="readingOrder {index:15;}">
                <Coords points="810,1708 1402,1633 2566,1657 2674,1619 2677,1520 2448,1561 2148,1534 1770,1580 1426,1542 813,1587"/>
                <Baseline points="826,1647 918,1645 1011,1643 1103,1644 1196,1641 1288,1635 1381,1632 1473,1632 1566,1629 1658,1629 1751,1626 1844,1626 1936,1622 2029,1623 2121,1622 2214,1619 2306,1616 2399,1615 2491,1611 2584,1611 2677,1603"/>
                <TextEquiv>
                    <Unicode>ren kann, wenn ich Ihnen Auge in Auge gegenüber</Unicode>
                </TextEquiv>
            </TextLine>
            <TextLine id="tr_2_tl_17" custom="readingOrder {index:16;}">
                <Coords points="839,1770 1342,1811 2542,1765 2544,1659 2381,1626 2068,1633 1970,1700 1385,1717 1205,1681 842,1732"/>
                <Baseline points="853,1770 937,1770 1022,1770 1107,1767 1192,1766 1277,1764 1361,1763 1446,1760 1531,1758 1616,1758 1701,1755 1785,1755 1870,1749 1955,1749 2040,1747 2125,1746 2209,1744 2294,1742 2379,1740 2464,1740 2549,1734"/>
                <TextEquiv>
                    <Unicode>stehe. Also antworten sie mir(Ich verlänge</Unicode>
                </TextEquiv>
            </TextLine>
            <TextLine id="tr_2_tl_18" custom="readingOrder {index:17;}">
                <Coords points="823,1929 2306,1926 2691,1886 2694,1760 1378,1816 825,1772"/>
                <Baseline points="835,1901 928,1898 1021,1896 1114,1892 1207,1892 1300,1892 1393,1889 1487,1889 1580,1883 1673,1883 1766,1878 1859,1879 1952,1878 2045,1874 2139,1874 2232,1871 2325,1867 2418,1865 2511,1865 2604,1862 2698,1856"/>
                <TextEquiv>
                    <Unicode>notn Ehrenuort. keinen Schwur, denn Sie haben se</Unicode>
                </TextEquiv>
            </TextLine>
            <TextLine id="tr_2_tl_19" custom="readingOrder {index:18;}">
                <Coords points="808,2059 991,2076 1378,2013 2011,2044 2090,1999 2655,2049 2658,1905 2581,1883 2472,1929 2379,1895 1575,1943 1130,1912 996,1979 810,1972"/>
                <Baseline points="823,2023 919,2023 1016,2022 1113,2020 1210,2020 1306,2017 1403,2012 1500,2014 1597,2012 1694,2009 1790,2007 1887,2004 1984,2003 2081,2000 2178,1999 2274,1997 2371,1994 2468,1989 2565,1988 2662,1979"/>
                <TextEquiv>
                    <Unicode>zueifellos als bentlemen das Recht mich zu be-</Unicode>
                </TextEquiv>
            </TextLine>
            <TextLine id="tr_2_tl_20" custom="readingOrder {index:19;}">
                <Coords points="818,2162 1063,2222 1258,2157 1633,2189 1835,2133 2571,2160 2672,2131 2674,2047 2369,2039 2205,2085 1926,2015 1474,2078 1065,2039 945,2102 818,2095"/>
                <Baseline points="832,2152 924,2152 1016,2152 1108,2152 1201,2152 1293,2146 1385,2146 1477,2143 1570,2140 1662,2137 1754,2136 1846,2133 1939,2132 2031,2132 2123,2128 2215,2128 2308,2125 2400,2125 2492,2122 2584,2122 2677,2116"/>
                <TextEquiv>
                    <Unicode>lugen)(ich fragesto gand einfach: uur sie Ihre</Unicode>
                </TextEquiv>
            </TextLine>
            <TextLine id="tr_2_tl_21" custom="readingOrder {index:20;}">
                <Coords points="806,2285 948,2318 1263,2316 1344,2273 2463,2302 2465,2150 1806,2138 1522,2213 1255,2157 1029,2234 808,2189"/>
                <Baseline points="820,2283 902,2283 984,2283 1067,2280 1149,2280 1232,2275 1314,2273 1396,2274 1479,2274 1561,2270 1644,2271 1726,2271 1808,2270 1891,2268 1973,2262 2056,2260 2138,2259 2220,2259 2303,2256 2385,2256 2468,2259"/>
                <TextEquiv>
                    <Unicode>coliebto fnd orvarde ihr d oder thr netn)</Unicode>
                </TextEquiv>
            </TextLine>
            <TextLine id="tr_2_tl_22" custom="readingOrder {index:21;}">
                <Coords points="825,2446 856,2441 895,2460 911,2446 945,2453 962,2441 1008,2446 1008,2359 969,2357 938,2340 904,2352 895,2347 885,2357 866,2357 856,2347 825,2352"/>
                <Baseline points="838,2409 863,2409 888,2409 913,2409 938,2410 963,2412 988,2410 1014,2406"/>
                <TextEquiv>
                    <Unicode>NErn</Unicode>
                </TextEquiv>
            </TextLine>
            <TextLine id="tr_2_tl_23" custom="readingOrder {index:22;}">
                <Coords points="2179,2427 2357,2434 2410,2465 2653,2422 2684,2453 2756,2463 2756,2376 2617,2330 2525,2371 2477,2352 2376,2374 2335,2354 2268,2383 2241,2359 2179,2395"/>
                <Baseline points="2191,2426 2219,2426 2248,2427 2276,2429 2305,2427 2333,2425 2362,2424 2390,2424 2419,2426 2447,2426 2476,2425 2504,2423 2533,2421 2561,2421 2590,2423 2618,2423 2647,2422 2675,2421 2704,2420 2732,2421 2761,2426"/>
                <TextEquiv>
                    <Unicode>kamancte Aeber</Unicode>
                </TextEquiv>
            </TextLine>
            <TextLine id="tr_2_tl_24" custom="readingOrder {index:23;}">
                <Coords points="806,2559 1496,2569 1558,2523 2162,2508 2304,2549 2703,2513 2706,2453 2643,2422 2405,2463 2027,2400 1607,2443 1409,2417 1049,2484 808,2439"/>
                <Baseline points="820,2537 914,2534 1009,2531 1103,2531 1198,2528 1292,2525 1387,2523 1481,2522 1576,2517 1670,2516 1765,2516 1859,2516 1954,2513 2048,2510 2143,2509 2237,2509 2332,2507 2426,2505 2521,2502 2615,2501 2710,2498"/>
                <TextEquiv>
                    <Unicode>sie können sich wohl denken, dass ichnechts an-</Unicode>
                </TextEquiv>
            </TextLine>
            <TextLine id="tr_2_tl_25" custom="readingOrder {index:24;}">
                <Coords points="813,2742 955,2682 1364,2698 1643,2650 1828,2691 2239,2641 2619,2677 2621,2525 2561,2506 2299,2549 2164,2506 2047,2552 1825,2520 1662,2569 1561,2523 1501,2561 1243,2542 1061,2617 815,2629"/>
                <Baseline points="829,2668 918,2668 1008,2665 1098,2662 1188,2662 1278,2662 1368,2659 1457,2656 1547,2656 1637,2650 1727,2650 1817,2647 1907,2647 1997,2644 2086,2641 2176,2641 2266,2638 2356,2638 2446,2638 2536,2635 2626,2638"/>
                <TextEquiv>
                    <Unicode>doros ergartet habe. Aber wlgen wir sinml ab.</Unicode>
                </TextEquiv>
            </TextLine>
            <TextLine id="tr_2_tl_26" custom="readingOrder {index:25;}">
                <Coords points="825,2850 964,2797 1407,2819 2297,2771 2523,2852 2754,2838 2756,2703 2448,2648 2088,2684 1977,2653 1835,2696 1710,2655 1364,2698 1239,2665 827,2744"/>
                <Baseline points="838,2794 934,2794 1030,2794 1126,2790 1222,2791 1318,2786 1414,2785 1511,2782 1607,2780 1703,2779 1799,2777 1895,2776 1991,2776 2087,2773 2184,2773 2280,2771 2376,2770 2472,2770 2568,2768 2664,2761 2761,2761"/>
                <TextEquiv>
                    <Unicode>dass sto der nicht die Nehmert sagenungs spricht</Unicode>
                </TextEquiv>
            </TextLine>
            <TextLine id="tr_2_tl_27" custom="readingOrder {index:26;}">
                <Coords points="825,2963 1934,2908 2097,2910 2258,2997 2494,2951 2710,2980 2713,2845 2525,2855 2357,2771 827,2835"/>
                <Baseline points="841,2925 934,2925 1028,2924 1122,2919 1216,2919 1309,2919 1403,2914 1497,2914 1591,2913 1684,2913 1778,2910 1872,2907 1966,2904 2059,2904 2153,2901 2247,2901 2341,2901 2434,2901 2528,2897 2622,2892 2716,2892"/>
                <TextEquiv>
                    <Unicode>dasert hio det uio sto ihro erhantschast nech</Unicode>
                </TextEquiv>
            </TextLine>
            <TextLine id="tr_2_tl_28" custom="readingOrder {index:27;}">
                <Coords points="827,3059 1570,3155 1965,3078 2011,3110 2128,3069 2318,3129 2677,3083 2679,2970 2602,2958 1544,3004 1443,2965 1190,3001 1068,2958 976,3013 830,3018"/>
                <Baseline points="841,3059 933,3065 1025,3062 1117,3062 1209,3056 1301,3056 1393,3050 1485,3053 1577,3050 1669,3047 1762,3047 1854,3046 1946,3044 2038,3044 2130,3044 2222,3041 2314,3039 2406,3037 2498,3035 2590,3032 2683,3026"/>
                <TextEquiv>
                    <Unicode>ton, so unschuldig sie daren sind. war innerhen</Unicode>
                </TextEquiv>
            </TextLine>
            <TextEquiv>
                <Unicode></Unicode>
            </TextEquiv>
        </TextRegion>
    </Page>
</PcGts>
