3032 3656
796 603 1009 708 Zack:
894 2038 1047 2191 1128
758 2595 967 2710 Zack:
525 2696 1049 2893 nichter sent
426 2852 1015 3011 ds hingemahlt
553 2947 772 3122 halte
2529 328 2685 468 218
1650 336 2109 492 so dacte die
1156 442 2639 599 liebter ist, so wird er sich v rraten.
1148 607 2679 756 Sie tun es ja beinche schon: Jedes Nort
1188 700 2669 836 jeder Blick, jede Gebärde ist Seibst-
1982 800 2255 878 dart und
1178 804 2679 977 verrat 1öie glauben mir)nicht, dass es
1387 919 1586 1005 dis
1222 939 2685 1106 in ihrem Polichen stand zu gehen oder
1188 1089 2788 1198 zu bleiben wie sie wollt. Nun denn kommen
1164 1208 2714 1335 Sie mit mir. Wir wollen ihr beide geen-
1172 1321 2545 1461 über treten. Wir wollen sehen oh sie
1186 1437 2444 1612 magt ihre lägs aufrecht zu erhalt
1182 1578 2404 1697 sie die kraft hat dieses Doppel!
1170 1729 2294 1855 weiter zu spielen. kommen Sie
1180 1831 2424 1964 und dann reden wir weber. Wieder
1152 1938 1373 2076 s1e2
1946 2058 2792 2195 st Herr van Zack, menn
1176 2058 1843 2215 und menn sie frei
1136 2167 2671 2352 Sie selbst ihr die Freiheit gegenben ha-
1186 2316 2651 2480 ben, was vöranlasst sie heute, -sa was
1220 2420 2685 2583 gibt Ihnen nur das Recht... Richanknns
1272 2543 1538 2617 aerem
1134 2541 2667 2736 sie wär Frei, eins Stunde lang. Sie ist
1158 2673 2681 2802 es nicht mehr. Verstehen Sie mich. Sie
1176 2778 2657 2949 hat Benihirl wir ich sonst hei Ehuenz
1142 2923 2728 3084 wärte Mesttauet, Art Vermeifug mich
