2872 3544
654 1295 868 1388 Zack:
1049 522 2338 641 rall Gespenster sehen. Ich rede n
1215 611 1597 702 Ee Etert ee
937 648 2470 781 nem und es wird ein Rendz -vous verabe.
984 786 2549 900 det. Ich tanze mit einerund er ist mein
995 881 2470 1002 Liebhaher, ich lächle einer an und Du
1012 1030 2683 1153 erwürgst mich. Unser Glück ist ja doch da-
1226 1097 2273 1187 wart kilihen anpiteelt eee Akirk aufeb
1019 1161 2670 1246 hin, es ist wohl das beste wenn ich gehe:
1006 1220 2539 1308 Roin ju di: Lisc. Vielknahl. fwrrt nih hlart nicht an
1006 1265 2666 1379 Was die Zukunft bringt, das kann ich nicht
1047 1386 2603 1490 vorher sehen, so wenig wie Du, aber ws
1125 1472 2442 1565 sich jetzt in Deiner Seele atexie
2215 1509 2500 1593 vorget
1166 1556 1373 1638 wentt
997 1569 2519 1716 das füht icti, weil ich Dich liee. Ich
1049 1690 2565 1813 fühle, dass Du mir noch nicht verloren
1012 1813 2573 1960 bist, (ater ich fühle dass Du Dich einem
1015 1891 2606 2092 andern zuneigst (Zu vermagst ga nicht (zu
1008 2051 2679 2204 leugner. Ja Tisa,)Du schwankstzwischen mir
1392 2150 2031 2249 or das  vr it
1049 2165 2619 2312 und ihm. Aber ieh ertrag es nichtDa-
952 2282 2685 2478 rum lass ich Dir die Warl.) wenn Du mich ver-
1030 2450 2690 2582 lassen willst, so scheiden wir-als Freunde
1103 2558 2696 2703 wenn auch auf Mämmerwiedersehen.) Wenn Du
1291 2664 1572 2746 er ullit
1107 2673 2636 2832 blgihst,so wird von alledem mit keinem
1071 2791 2640 2927 Wort mehr die Rede sein. Aber einemvon
1118 2932 2593 3100 uns heiden musst Du Lebewohl sagenMir
1481 3040 2323 3199 aahindese Sund¬
