3128 3800
619 493 2778 686 Willy: (komnt herein. Sehr jung, frisch, nicht ele-
1011 665 1290 802 gant.1.
925 729 2826 936 (ist sohon früher aufgestanden, während des Kla-
617 783 753 882 Tr:
971 882 2866 1048 vterspiels. Wieler Willy sieht, geht er ihm ent-
971 1000 2212 1161 gegen.) Aho e eucta
971 1158 2097 1298 (nimnt Willy den Rock ab. )
614 1169 909 1316 Keliner
1024 1268 2724 1432 grüsst nach degi Tisch hin. Betrachtet Lisa,
617 1306 871 1456 Willy:
1005 1384 2751 1577 die ihn aush ansteht. (Er kommt mit Treuenhof
968 1518 2778 1678 nach vorn links und sie setzten sich bald nach
971 1654 2598 1807 Reginn des Gesprüchs an den Tisch vorn. I)
973 1743 2746 1933 tes Aomo von Hara) wrhaben Dich erwartet.
630 1780 874 1976 N211v:
971 1898 2837 2065 barum bist Du nioht gekommen.)Du hast mirs doch
421 1944 853 2091 Rihzbeyiklan,
1421 2011 1560 2105 ie
397 2019 922 2201 Aest h Jaaris.
968 2003 2890 2166 stcher versprachen für heutg Abend.. Un e Mult
1209 2129 2145 2217 hatt das so sen jehrerhen
933 2164 2754 2349 Entschuldige. Komm wollen wir uns nicht zu den
981 2282 1582 2432 andern setzten?
1212 2402 1351 2488 zer
968 2397 2834 2601 Spatet. Man kommt ja gar nicht dazu mit Dirmein
638 2435 874 2587 Weilv:
976 2582 2786 2689 Wort zu reden. ( setzen sich ) Seit ich wjeder
2496 2646 2751 2719 lile
981 2684 2751 2858 an Wien bin, haben wir(noch keine Stundelmit-
976 2802 2756 2982 einander plaudern köhnen. (Darum wellte ach so
984 2931 2807 3148 some dese du neuse er Mar... Mor tomrt nar
973 3049 2421 3228 Füber waß ish kumm, vm dart
1223 3167 1906 3330 erctis jecet
