3144 3832
1375 469 2324 691 Erpentlat boluf den
2229 554 2388 729 lit
1207 632 2880 819 Sag. mir ganz aufrichtig, haet Du irgendin
2255 774 2487 859 hnd
1252 788 2797 951 etwas gegen die Mutter?Saer gegen meine
1212 894 2769 1107 Schwester, aie bsgreifen es gar nicht..)
812 1041 944 1197 r2.
1195 1027 2835 1209 Soll ich den Geruch dieses Tschecherls in
842 1159 2745 1301 Eeer teme das Haus der Reinheit bringen? Hier ist
1176 1287 2700 1441 mein Quartier hier gehör ich her; hier
1133 1417 2892 1566 haust Anastasius Freuenhof unter Dirnen Zu-
1152 1559 2108 1699 m hältern und Literaten.
793 1675 1055 1820 Willy:
1112 1659 2856 1796 Warum setzt Du Dich selbst so herunter, Freu
1204 1772 2925 1978 enhoft das tut mir weh. Du weisst doch, dass
2123 1888 2643 1992 oleren sedait
1221 1900 2842 2066 Du esser baif, als auil die alle, dass es
1188 2035 2101 2203 nur auf Dich ankäme.):.
1126 2132 2837 2291 Das glauket zu, Du kennst mich nicht. Darum
1181 2255 2610 2428 hab ich Dich wahrscheinlich so gern.
1181 2385 2835 2596 mit der Meinung über Dich steh ich durch-
790 2433 1034 2548 Willy:
1150 2494 1988 2662 aus nicht, vereinzelt!
1380 2631 1559 2705 e
1138 2631 2773 2825 es Seine putter glaubt noch immer, dass
797 2676 930 2787 Fr:
1335 2754 1739 2832 e ti tettt
1185 2752 2840 2939 etwas mit mir anzufangen ist. Warum wodite
1188 2873 2825 3052 sie mich denn sprechen? nes rttl eig denn
1983 3029 2740 3180 rntende hezen
1233 3003 1824 3164 eigentHteHH
