3000 3640
1387 211 2370 369 vi suhe diken se
389 233 1365 415 si mit ihr engenichte
2281 330 2443 452 208
427 357 1176 503 kann Rebreche
595 342 2468 658 fr oo ner se mettog on gebet dera grolch er-
631 597 2531 862 nen retl. Jo das wurde mich sehr beruhigen. Die-
653 695 2502 945 ser (Iuchohen dieser Reichtun lastst auf ner.
189 746 542 906 sollich
175 874 527 1006 deieen
661 833 2497 1091 gewissermassen. Netsst Du Mutter, solang dieses
204 962 534 1151 pelet
661 962 2526 1234 Vermögen vorbält konn ich mir zu sehr als Kapt-
1435 1108 1598 1222 pu
673 1093 2438 1353 telist vor. Ee uärevielleicht sher nützlich.
665 1200 2451 1484 (ie geradomu nützlich) wenn ich diese paar bul
721 1316 2606 1603 den 10s wurg. Hiezu ist so eine Reiss eine treff
1792 1440 2434 1559 will diser auf
685 1474 2604 1744 Liche belegenhett. Nn seh wollte der segen Mt
697 1593 2657 1870 ter Mer wer os shödhst erwunscht, wenn du die sene
738 1729 2548 1919 zo sumne fiusslo machdest und mirg so von Fall
1693 1853 1858 1948 den
712 1868 2460 2052 zu Fall, nach Venedig und nach Feilend, oder
712 2006 2424 2179 auch aus oinmal in troend eine bank....
726 2132 1834 2307 neriv. vonen fenret dudlenn.
369 2222 653 2395 wutter:
726 2264 2514 2489 Ich sagte dire doch. Nach benedig zusret, und
374 2361 629 2531 NIItv:
741 2480 1061 2635 dam...
770 2482 2424 2747 du werist nicht zurvehkonnen. Merl.
376 2553 716 2759 wutter:
2169 2628 2553 2793 (narer
782 2642 1989 2839 ader muttor. en su ein sice¬
401 2742 651 2895 Mir1v:
709 2800 855 2929 nh
799 2740 2606 2990 toh bin ihr ss degognet. sio wer os. f. Mit dr
398 2876 687 3060 wector.
755 2953 1819 3085 wellst Du forl.. mit lhr...
