2968 3480
237 772 755 951 den Kendunt
252 891 678 1026 deus. oder
235 951 776 1165 ma regierti
542 1783 719 1927 112v.
566 1912 733 2037 he
549 2018 700 2104 fno
482 2645 731 2890 mertv:
2430 345 2602 496 233
1143 441 2636 630 Aor vor der stneigen Pflicht, die uns
776 604 2619 788 von dem Moment auf auferlegt wad da verfzunerd
796 738 2631 927 temme unsere Unfthichelt ginschen das zu seln.
796 870 2703 1054 was wir sein wollten Inter stcoct semente komnen
800 982 2679 1184 innor oottenor. Hutte ich meine Verzeihlung aus
798 1100 2705 1306 gen체tzt vor dreisste, noch vor auenetg Jahren..
798 1241 2669 1438 sotet ist es zu sp채t. Jetzt h채tte ich nicht, ein
1608 1361 1886 1455 dor ihre
800 1392 2665 1550 mal mehr das Recht dazu. Jetzt wurs schenwele:
2444 1443 2799 1555 snedi
843 1488 2765 1680 der eine L체be, wenn iche tute..Also Millv. komnst
803 1649 1359 1826 prnuteent
808 1768 2677 1946 (nach kurzen Besinnen./A. Ich komn dir nach-
2332 1857 2657 1948 dann ct
812 1888 2739 2068 Teh.. musd hier nur Ordnung machenknd will auch
1903 1989 2459 2082 dicht forlien
824 2022 2317 2166 der Mutter seden, dass ich hier bleibe
1244 2111 2396 2212 auh lor edecrter  Romend.
798 2164 2655 2339 Aloo gut. (du wirst viele Betgente dort treffen.
805 2281 2590 2459 ou... auch Zachhat mir undon gepast, dass er
891 2430 2588 2607 nentomnt. Er utrd ex vonf necht tun. Debri
820 2542 2061 2686 oens kenn mans wiesent Vndsie.
820 2674 2437 2842 beber ihr Schlchsal kannst Du ruhig sein.
810 2801 2588 2983 das wer ich impr. Also auf Wiederschen! (er
834 2916 2037 3144 rotoht ihm diesttand und scht1
