2888 3512
659 486 1224 618 Mutter. Berta.
668 657 904 735 Pause.
710 703 2561 874 Berta: (Das weiss ich), so lang der Onkel in der
970 860 1985 991 Nähe ist passiert nichts.
1046 940 2496 1097 Passieren... was soll denn.. Du bist
712 991 966 1123 Mater:
1030 1093 2761 1235 ach so. (am Schreibtisch ( jetzt glisst ich
1037 1219 2549 1369 wohl noch ein paar Briefe beantworten.
1049 1346 2519 1496 Diktier mir doch lutter, wenn Du mäd
809 1399 959 1482 rta?
998 1517 1206 1604 bist.
1026 1560 2614 1777 wir hätten inn doch zuriskhalten müssen.
1051 1777 1282 1867 erta.
1035 1793 2565 1996 wie denn, Mutter? Den Willg... Er hat
2208 1929 2400 2012 dense
1053 1975 2642 2146 ja schliesslich immer machen können, was
1090 2084 2561 2245 er wollte. Nun ist er einmal dort.
1044 2210 2759 2416 (am Schreibtisez) an wen wer denn zu schrei-
1067 2307 2651 2542 nen,(Briefe in die Hand nehmend und be-
1076 2476 2665 2602 trachtend. (Der ist ausEngland. .. vom
1072 2584 2609 2727 Vorstand des Kinderasyls, p da liegen
2183 2660 2605 2750 aderciet
1033 2697 2616 2886 Progpekte bei. Pf der dafnicht von dr
1042 2837 2662 2990 Fürstinf? Uebernimmt sie das Protektorat?
1086 2957 2609 3109 ja; nur stellt sie die Bedingung... ja
719 2976 987 3130 matter
