2904 3624
1253 106 1414 257 11
2419 452 2563 550 226
1798 526 2254 663 als menn We
2471 556 2704 701 Rer-
1336 633 2284 826 en Kornten. so wenig
2292 671 2629 832 sie im
1107 779 2668 928 tande sind wahr zu sein Ihre Secte hat
1121 916 2686 1073 mit diesen Begriffen nicht das geringste
1089 1028 2569 1197 zu tun. Frauen sind weilige und Dirnen
1047 1159 2642 1288 zugleich. Für den einen dies für den an-
1061 1294 2453 1380 dern das. Es sind ja auch nurgworte.
1067 1366 2479 1497 von uns, die Weiber plappern sie uns
1131 1466 1499 1641 Ensch.nie
1523 1486 2698 1663 eine frende sprache. (Hoch ein
1047 1559 2664 1776 dutrend Ltobhaber hälte lisa haben können.
1073 1728 2543 1900 und wäre rein gewesen, Und ins Kloster
1039 1874 2611 2013 hätte sie gehen können und wäre verdernt
1077 1985 2577 2165 gewese wie ein Fräulsin aus dem raffes
992 2083 1547 2278 Misfertusch.
