3096 3736
2375 588 2609 718 131 (a.
681 652 1185 883 Dritter Ahr.
693 809 2510 942 Atelier bei van zack als Tanzsaal hergerichtei
280 794 615 1047 Scheest
730 971 2528 1079 Es sind zwei Bäl-, in den zweiten füirt die an-
1030 1070 2675 1207 der Rückwand befindliche, breite flügel-
1001 1178 2628 1355 lose Türöffnung. Im vordern Saal )an den
684 1318 2533 1470 Wänden hohe Glasschränke mit Kostümer. Reckts
720 1436 2663 1586 und links kleine Fische mit Sesseln. Im zweiten-
679 1559 2523 1736 Saal, der sehr tief ist, nahe der Rückwand, das
681 1699 2660 1871 Klavier., auf dem Ehrenfeld spielt. Paare tanzen
691 1839 2651 1972 vorbei. Der vordere Säal bleibt eine Weile leer.
293 1994 2041 2166 ür die landh desse Ahler vor sich geht
