3128 3800
466 725 629 869 Fr.
514 2045 655 2206 61:
526 2798 833 3017 Frau FI.
530 3113 739 3235 Ferd:
2465 595 2599 780 44
1140 751 2561 910 e, die Menschen, die für andre leben
1195 864 2719 982 und die, die nur an sich denken, nenne
1351 994 2750 1164 s gibt Viele Christen, die Juden und
859 1121 2429 1279 es gibt manche Juden, die Christen sind.
1937 1202 2105 1279 . de
862 1188 2748 1423 (zu Frau Flatterer (Momit die Rassenfrage aufs
862 1409 1766 1541 einfachste gelöst ist.)
826 1495 2722 1673 und es gupt auch Juden, die Juden Isind. Dig sind
912 1603 2774 1831 in der Wnrzanl. Janer wirig ist ein Grest. der
910 1771 2837 1918 christ 1s4.etn Mensch. Eln Lebendiger, ein Jung-
859 1879 2170 2074 ling, ein strahlender, Ainskind.
864 1997 2772 2196 Ein Kind, das Gelber/schop eips hat. Ja, von der
902 2162 2774 2323 Gouvernante, seinen Schwesfer. ich hab ja nichts
874 2266 2760 2414 dagegen. Ich findees nuf ziemlich abgeschmacht.
929 2405 2657 2590 ihn auf den reinen Rohen hin zu stilisieren,
881 2518 1783 2736 wie es der Gellobtg..
2184 2611 2657 2789 Noras
852 2671 1476 2849 was piest thri)
1582 2669 1829 2851 dah
977 2774 1142 2866 da
900 2748 2743 2971 Ia was ist desn eigentlich dleser Mensch) Man
886 2909 1498 3089 wird neuglenig.
876 3038 2736 3281 Er ist Mafer. (das hoisst, er nat dngsfangen dus
955 3194 1114 3367 ne
