2920 3496
2399 402 2551 488 132
602 504 2159 645 Steinbr: Also Neuralgien hast Du auchg
985 640 2336 772 was hab ich nicht., Steinbrunner.
599 686 733 758 Tr:
976 740 1153 840 de
1017 749 2610 872 EIch wüsste eine Kur für Dich.(Zieh Dich,
640 792 928 892 Steinhr
987 860 1466 947 Aus a t
1026 844 2622 1026 aus dem Kaffee Extelerbusch zurück/ fahr
1028 992 2635 1155 aufs. Land Gern das Frühjahr kommt),-wo er
1026 1126 2740 1255 keine Jünger und keine Jüngerirnen gibt,--
1035 1285 2515 1385 leg Dich ins Gras, sphau in die ruft,
1015 1362 2554 1541 und halts Maul.. Hm wn- beigent se
994 1491 2651 1641 Aufs Land, wie stlist Du Dir das vor? Wo-
1028 1628 2617 1775 her soll,ich die Energie aufbringen eine
1067 1759 2513 1886 Reise zu unternehmen. Um-mich in der
1003 1898 2635 2066 Früh von meinem Bett zum Doucheapparat zu
1019 1986 2595 2179 schleppen)verbrauch ici so viel Inten-
962 2138 2635 2286 sität des Körers und des geistes, wie ein
1003 2254 2710 2411 anderer zu einer Reise nach Indien, Afrika-
452 2406 2277 2595 in meine Strivech angegeh. er wenten
1155 2536 2193 2740 er nicht zureit.
449 2608 890 2731 Kliln
