2936 3752
977 683 2384 863 in Pension ist er gegangen wie ein an
1082 799 2504 964 eine neue Karriere, Gebt in der frei
996 923 2633 1132 Nehm fradert, Hottert, ei von sei
1001 1074 2549 1237 nem Landsitz aus lässt« seine Stimme in
1001 1185 2629 1336 die Welt klingen,gegen alle Lächerlich-
981 1297 2583 1475 keit und Schurkerei sund sult in einer At-
1065 1389 2513 1589 EXX (ud was
1029 1544 2641 1746 tu ich... ich dichte oder bin geistreich,
1048 1632 2568 1879 ein Gewerbe so armselig wie das andere.
1076 1830 2429 1971 Der Dichter lebt dargf, dass es zu
1089 1881 2616 2100 visl worte, der Feistreiche davon, dass
1024 2010 2448 2246 es zu weriig Mopte auf der Melt gibt.
986 2143 2590 2360 wiisst Ihr wohin er jetzt gegangen ist...
1084 2274 2635 2508 in die tfft in die reine, köstliche luft
1046 2399 2648 2622 der Nacht. Juna ich sitz nier in einer At-
1087 2521 2622 2740 mosphäre von schlechtem Rahak, verdor-
1134 2648 2631 2837 hener Schminke und Magarin, sitze hier
1110 2762 2682 2972 umeshen von Dirnen Zuhältern, Literaten
1931 2865 2568 3024 E.huttel rih.
1121 2940 1718 3092 und bin---- in
812 3011 2543 3236 mährend er weiter redst, fällt der Varhang.
1632 3129 2221 3230 de To det necht
1894 3129 2519 3316 hect du an
1415 3204 1639 3372 Zille
1690 3273 2128 3408 Nunngerte
1297 3326 2502 3513 Adtasntet inteiirten
