3048 3640
645 865 914 999 Willy:
645 1225 888 1379 Zack:
707 1369 952 1520 Wil1g:
685 1875 895 1990 Zack:
2180 395 2338 557 210
1038 532 2536 728 eestpielt, dass sie freiniitig dei mir
1561 653 2547 875 tronebe in seunsidese
1008 690 1458 867 gblieben d
1979 803 2225 869 nelee
995 790 2701 982 das welss ien nicht. Viemehr sagte sie mir.
1089 903 2539 1065 vielmehr reiss ich, dass Siender ven
1085 1053 2114 1234 Zack von ihr verlangten..
1059 1170 1787 1345 was verlangte icht
1095 1285 2592 1456 was soll das garre, Herr van Lackt Sie
1095 1403 2562 1595 naben ihr keine Mand gelassen und so
1112 1501 2690 1723 rägte sie sich eben dreinshia nun lassen
1121 1725 1753 1832 wirs genug sein.
1134 1751 2242 1894 dibi hata ito minetrall gelossen
1080 1789 2690 1981 Sie Hadau ny hat Ihnen nicht die Mahr-
1151 1862 2775 2082 heit gesagt, vorstehen Sie micht das wäre
1125 2035 2675 2205 nung einmal festgestellt. Sie war frei
1134 2124 2784 2316 zu tun sich zu entschelden wie sie wollte.
1119 2257 2711 2489 an hächsten tag hätte sie mein Haus ver-
1136 2357 2854 2596 lassen dürken, noch in dersel en Nacht, nenn
1110 2506 2735 2718 es ihr belichteund ich hätte alle Schuld
1736 2626 2404 2752 do pertelt eich lei den
1146 2679 2767 2852 auf mich genommen) Dies hat sie Ehnerver-
1123 2758 2603 2978 schwiegen. Da beibgen hat sie sie feh
1704 2882 2771 3066 . Das steht nunsinmel fest.
1110 2938 1435 3111 soter
