<?xml version="1.0" encoding="UTF-8" standalone="yes"?>
<PcGts xmlns="http://schema.primaresearch.org/PAGE/gts/pagecontent/2013-07-15" xmlns:xsi="http://www.w3.org/2001/XMLSchema-instance" xsi:schemaLocation="http://schema.primaresearch.org/PAGE/gts/pagecontent/2013-07-15 http://schema.primaresearch.org/PAGE/gts/pagecontent/2013-07-15/pagecontent.xsd">
    <Metadata>
        <Creator>prov=READ-COOP:name=PyLaia@TranskribusPlatform:version=2.7.0:model_id=50870:lm=none:date=22_01_2024_20:55</Creator>
        <Created>2023-09-27T14:40:07.628+02:00</Created>
        <LastChange>2024-01-22T20:55:42.107+01:00</LastChange>
        <TranskribusMetadata docId="1589056" pageId="60127041" pageNr="280" tsid="145641568" status="IN_PROGRESS" userId="40391" imgUrl="https://files.transkribus.eu/Get?id=EMANPNNPOYYZAMZXUBJBJDKI&amp;fileType=view" xmlUrl="https://files.transkribus.eu/Get?id=GAQIHRNHWKUKZMLZFVUCNWVR" imageId="48552118"/>
    </Metadata>
    <Page imageFilename="1589056_0280.jpg" imageWidth="2920" imageHeight="3592">
        <ReadingOrder>
            <OrderedGroup id="ro_1711790544111" caption="Regions reading order">
                <RegionRefIndexed index="0" regionRef="tr_1"/>
                <RegionRefIndexed index="1" regionRef="tr_2"/>
            </OrderedGroup>
        </ReadingOrder>
        <TextRegion orientation="0.0" id="tr_1" custom="readingOrder {index:0;}">
            <Coords points="319,2777 319,3008 531,3008 531,2777"/>
            <TextLine id="tr_1_tl_1" custom="readingOrder {index:0;}">
                <Coords points="312,2920 360,2910 370,2900 388,2915 423,2908 463,2923 478,2910 524,2905 524,2799 498,2787 458,2792 443,2782 385,2787 337,2762 312,2769"/>
                <Baseline points="325,2840 350,2842 376,2843 402,2845 428,2845 453,2843 479,2843 505,2843 531,2846"/>
                <TextEquiv>
                    <Unicode>Rapp:</Unicode>
                </TextEquiv>
            </TextLine>
            <TextLine id="tr_1_tl_2" custom="readingOrder {index:1;}">
                <Coords points="302,3041 337,3041 365,3021 420,3018 430,3026 461,3013 486,3024 498,3011 516,3016 519,2930 446,2913 430,2925 420,2913 390,2915 378,2905 360,2915 307,2910"/>
                <Baseline points="319,2977 344,2974 370,2974 396,2974 422,2974 447,2973 473,2971 499,2970 525,2968"/>
                <TextEquiv>
                    <Unicode>218a.</Unicode>
                </TextEquiv>
            </TextLine>
            <TextEquiv>
                <Unicode></Unicode>
            </TextEquiv>
        </TextRegion>
        <TextRegion orientation="0.0" id="tr_2" custom="readingOrder {index:1;}">
            <Coords points="632,406 632,3002 2696,3002 2696,406"/>
            <TextLine id="tr_2_tl_1" custom="readingOrder {index:0;}">
                <Coords points="2291,551 2429,539 2444,549 2490,549 2487,398 2444,403 2389,428 2341,385 2288,373"/>
                <Baseline points="2303,450 2330,452 2357,453 2384,453 2412,452 2439,450 2466,452 2494,459"/>
                <TextEquiv>
                    <Unicode>2818</Unicode>
                </TextEquiv>
            </TextLine>
            <TextLine id="tr_2_tl_2" custom="readingOrder {index:1;}">
                <Coords points="1629,700 1805,667 1881,697 2160,670 2233,697 2288,665 2399,700 2525,667 2525,566 2366,541 1631,577"/>
                <Baseline points="1646,608 1690,607 1734,604 1778,599 1823,599 1867,596 1911,593 1956,593 2000,593 2044,596 2089,596 2133,593 2177,590 2221,590 2266,590 2310,590 2354,593 2399,590 2443,590 2487,590 2532,590"/>
                <TextEquiv>
                    <Unicode>Hrohen Erde nichts mehr</Unicode>
                </TextEquiv>
            </TextLine>
            <TextLine id="tr_2_tl_3" custom="readingOrder {index:2;}">
                <Coords points="619,697 1392,690 1390,453 1309,425 1249,483 952,496 763,461 617,501"/>
                <Baseline points="632,608 670,608 708,608 747,606 785,606 823,607 862,605 900,605 938,605 977,603 1015,602 1053,602 1092,603 1130,604 1168,599 1207,607 1245,612 1283,614 1322,615 1360,618 1399,623"/>
                <TextEquiv>
                    <Unicode>er pot. 108 otore</Unicode>
                </TextEquiv>
            </TextLine>
            <TextLine id="tr_2_tl_4" custom="readingOrder {index:3;}">
                <Coords points="1437,667 1450,667 1473,687 1510,680 1531,690 1558,672 1576,687 1594,687 1594,574 1573,579 1556,569 1533,577 1521,569 1500,579 1468,579 1458,569 1437,577"/>
                <Baseline points="1452,616 1481,615 1510,614 1540,614 1569,616 1599,614"/>
                <TextEquiv>
                    <Unicode>e</Unicode>
                </TextEquiv>
            </TextLine>
            <TextLine id="tr_2_tl_5" custom="readingOrder {index:4;}">
                <Coords points="1135,818 1493,826 1568,788 2460,821 2460,700 2374,680 2311,712 2160,670 1878,712 1747,667 1589,695 1445,662 1299,720 1135,697"/>
                <Baseline points="1148,736 1217,736 1286,736 1356,736 1425,736 1495,736 1564,730 1633,733 1703,727 1772,730 1842,729 1911,730 1981,730 2050,727 2119,727 2189,727 2258,729 2328,728 2397,735 2467,736"/>
                <TextEquiv>
                    <Unicode>in dem Augenblich, de dieser un-</Unicode>
                </TextEquiv>
            </TextLine>
            <TextLine id="tr_2_tl_6" custom="readingOrder {index:5;}">
                <Coords points="700,816 803,811 853,838 1047,816 1103,826 1103,717 1060,702 1027,723 939,725 828,690 755,725 700,717"/>
                <Baseline points="713,748 739,744 765,742 792,742 818,742 845,742 871,740 897,739 924,741 950,742 977,742 1003,741 1029,739 1056,739 1082,742 1109,748"/>
                <TextEquiv>
                    <Unicode>zu suchen.</Unicode>
                </TextEquiv>
            </TextLine>
            <TextLine id="tr_2_tl_7" custom="readingOrder {index:6;}">
                <Coords points="655,964 2359,972 2455,962 2457,841 2225,801 1944,841 657,823"/>
                <Baseline points="671,877 760,871 850,865 939,865 1029,865 1119,865 1208,865 1298,868 1388,868 1477,865 1567,862 1657,862 1746,859 1836,859 1926,859 2015,853 2105,856 2195,850 2284,856 2374,856 2464,859"/>
                <TextEquiv>
                    <Unicode>würdige Feller - (sie schleudert ihn uberden</Unicode>
                </TextEquiv>
            </TextLine>
            <TextLine id="tr_2_tl_8" custom="readingOrder {index:7;}">
                <Coords points="660,1065 1234,1093 1616,1030 2014,1100 2533,1088 2535,937 1805,972 662,949"/>
                <Baseline points="677,996 770,993 863,996 956,993 1049,994 1142,990 1235,990 1328,990 1421,984 1514,987 1607,987 1700,985 1793,988 1886,987 1979,987 2072,985 2165,978 2258,979 2351,981 2444,981 2538,984"/>
                <TextEquiv>
                    <Unicode>Rsch nach X vom Ilder üter verschellt auf dem</Unicode>
                </TextEquiv>
            </TextLine>
            <TextLine id="tr_2_tl_9" custom="readingOrder {index:8;}">
                <Coords points="672,1203 2316,1229 2439,1178 2535,1221 2535,1085 2059,1103 1896,1060 1531,1103 1443,1047 1236,1100 858,1108 672,1072"/>
                <Baseline points="686,1130 778,1124 871,1124 964,1124 1057,1124 1149,1127 1242,1127 1335,1122 1428,1124 1520,1121 1613,1119 1706,1121 1799,1121 1891,1121 1984,1118 2077,1118 2170,1113 2262,1116 2355,1116 2448,1125 2541,1130"/>
                <TextEquiv>
                    <Unicode>Boden liegt.) seine Manderung ui den Foch be-</Unicode>
                </TextEquiv>
            </TextLine>
            <TextLine id="tr_2_tl_10" custom="readingOrder {index:9;}">
                <Coords points="662,1319 969,1357 1956,1322 2152,1364 2485,1314 2598,1344 2598,1206 2555,1191 2223,1234 2135,1201 1984,1234 662,1216"/>
                <Baseline points="677,1264 773,1261 869,1258 966,1256 1062,1254 1158,1250 1255,1256 1351,1256 1447,1253 1544,1253 1640,1253 1736,1252 1833,1250 1929,1250 2025,1253 2122,1250 2218,1250 2314,1250 2411,1247 2507,1244 2604,1247"/>
                <TextEquiv>
                    <Unicode>einnen sollte. liebe ichs in seinen Augen aufleuch</Unicode>
                </TextEquiv>
            </TextLine>
            <TextLine id="tr_2_tl_11" custom="readingOrder {index:10;}">
                <Coords points="750,1463 2293,1455 2419,1488 2540,1450 2540,1309 2366,1359 1891,1322 1239,1367 750,1339"/>
                <Baseline points="763,1381 852,1384 941,1384 1030,1386 1119,1384 1209,1384 1298,1381 1387,1378 1476,1375 1565,1375 1655,1369 1744,1372 1833,1375 1922,1372 2011,1375 2101,1375 2190,1375 2279,1378 2368,1375 2457,1372 2547,1372"/>
                <TextEquiv>
                    <Unicode>tensehen, wie ein plötzliches Inneworden, dm</Unicode>
                </TextEquiv>
            </TextLine>
            <TextLine id="tr_2_tl_12" custom="readingOrder {index:11;}">
                <Coords points="715,1563 1065,1601 2613,1586 2613,1475 2382,1453 715,1488"/>
                <Baseline points="730,1503 824,1506 918,1509 1012,1509 1107,1505 1201,1504 1295,1500 1390,1500 1484,1500 1578,1500 1673,1497 1767,1497 1861,1497 1955,1492 2050,1493 2144,1491 2238,1492 2333,1493 2427,1494 2521,1499 2616,1500"/>
                <TextEquiv>
                    <Unicode>letzten Augenblich findet er die Unsestät seines</Unicode>
                </TextEquiv>
            </TextLine>
            <TextLine id="tr_2_tl_13" custom="readingOrder {index:12;}">
                <Coords points="690,1730 2621,1737 2593,1578 2309,1619 1996,1584 1908,1619 1775,1584 690,1611"/>
                <Baseline points="704,1634 800,1634 896,1641 992,1640 1088,1640 1185,1637 1281,1637 1377,1637 1473,1637 1569,1635 1666,1637 1762,1635 1858,1634 1954,1634 2050,1634 2147,1634 2243,1634 2339,1634 2435,1632 2531,1631 2628,1631"/>
                <TextEquiv>
                    <Unicode>tetdes und seiner Grösse, nimmt den Furpur wieder</Unicode>
                </TextEquiv>
            </TextLine>
            <TextLine id="tr_2_tl_14" custom="readingOrder {index:13;}">
                <Coords points="1030,1855 1246,1765 1377,1858 1485,1863 1606,1815 1838,1863 2268,1858 2389,1762 2618,1765 2618,1730 2495,1714 1030,1740"/>
                <Baseline points="1044,1766 1123,1766 1202,1760 1281,1766 1360,1766 1439,1769 1518,1766 1597,1766 1676,1763 1755,1764 1834,1762 1913,1763 1992,1763 2071,1767 2150,1765 2229,1763 2308,1760 2387,1762 2466,1760 2545,1764 2625,1763"/>
                <TextEquiv>
                    <Unicode>das hen beschmitzt hat, setzt d. +</Unicode>
                </TextEquiv>
            </TextLine>
            <TextLine id="tr_2_tl_15" custom="readingOrder {index:14;}">
                <Coords points="2324,1865 2354,1873 2371,1860 2389,1871 2429,1863 2447,1881 2462,1871 2500,1886 2553,1853 2570,1863 2603,1858 2603,1762 2520,1762 2482,1775 2467,1762 2427,1772 2394,1757 2324,1777"/>
                <Baseline points="2338,1804 2365,1806 2392,1807 2419,1807 2446,1807 2474,1807 2501,1807 2528,1807 2555,1807 2582,1807 2610,1807"/>
                <TextEquiv>
                    <Unicode>1e kron</Unicode>
                </TextEquiv>
            </TextLine>
            <TextLine id="tr_2_tl_16" custom="readingOrder {index:15;}">
                <Coords points="1171,1865 1206,1865 1226,1848 1251,1865 1259,1858 1284,1871 1312,1865 1309,1770 1281,1775 1269,1762 1256,1762 1234,1775 1229,1772 1216,1785 1201,1770 1191,1777 1168,1770"/>
                <Baseline points="1184,1804 1210,1807 1237,1809 1264,1808 1291,1808 1318,1810"/>
                <TextEquiv>
                    <Unicode>20</Unicode>
                </TextEquiv>
            </TextLine>
            <TextLine id="tr_2_tl_17" custom="readingOrder {index:16;}">
                <Coords points="1624,1984 1767,1989 1863,1933 1956,1959 2107,1933 2185,1976 2364,1893 2346,1863 2195,1878 2082,1850 1974,1871 1740,1838 1624,1863"/>
                <Baseline points="1637,1882 1673,1884 1710,1887 1746,1888 1783,1889 1819,1891 1856,1891 1892,1893 1929,1894 1965,1894 2002,1894 2039,1894 2075,1894 2112,1892 2148,1892 2185,1895 2221,1897 2258,1894 2294,1892 2331,1892 2368,1894"/>
                <TextEquiv>
                    <Unicode>Edelstorne einer</Unicode>
                </TextEquiv>
            </TextLine>
            <TextLine id="tr_2_tl_18" custom="readingOrder {index:17;}">
                <Coords points="1135,1896 1158,1901 1168,1896 1181,1906 1193,1896 1271,1896 1271,1876 1259,1876 1244,1860 1234,1865 1208,1845 1183,1858 1168,1860 1148,1876 1135,1876"/>
                <Baseline points="1148,1894 1173,1894 1199,1894 1224,1894 1250,1894 1276,1894"/>
                <TextEquiv>
                    <Unicode></Unicode>
                </TextEquiv>
            </TextLine>
            <TextLine id="tr_2_tl_19" custom="readingOrder {index:18;}">
                <Coords points="2268,2011 2296,2017 2326,2001 2379,2017 2412,2001 2465,2014 2497,2001 2558,2022 2585,2001 2626,2006 2628,1868 2606,1863 2575,1888 2530,1873 2482,1886 2427,1860 2341,1896 2271,1893"/>
                <Baseline points="2282,1939 2308,1937 2335,1935 2362,1933 2389,1933 2416,1933 2443,1933 2469,1933 2496,1933 2523,1933 2550,1933 2577,1933 2604,1932 2631,1930"/>
                <TextEquiv>
                    <Unicode>nack don</Unicode>
                </TextEquiv>
            </TextLine>
            <TextLine id="tr_2_tl_20" custom="readingOrder {index:19;}">
                <Coords points="667,1971 740,2001 889,1941 974,1938 1085,1986 1302,1936 1500,1959 1500,1865 1402,1891 1307,1865 1143,1906 1060,1855 1002,1883 916,1855 856,1886 667,1886"/>
                <Baseline points="680,1939 721,1936 762,1936 803,1936 845,1936 886,1936 927,1936 969,1937 1010,1939 1051,1939 1093,1939 1134,1939 1175,1936 1216,1933 1258,1936 1299,1936 1340,1934 1382,1935 1423,1936 1464,1936 1506,1939"/>
                <TextEquiv>
                    <Unicode>aufs Haupt, aus der d</Unicode>
                </TextEquiv>
            </TextLine>
            <TextLine id="tr_2_tl_21" custom="readingOrder {index:20;}">
                <Coords points="1241,2019 1324,2011 1352,2022 1377,2006 1397,2014 1453,2006 1453,1938 1410,1941 1372,1964 1357,1959 1344,1966 1307,1933 1274,1954 1259,1944 1241,1946"/>
                <Baseline points="1256,2004 1281,2009 1306,2012 1331,2009 1357,2005 1382,2002 1407,2002 1432,2004 1458,2013"/>
                <TextEquiv>
                    <Unicode>brecte</Unicode>
                </TextEquiv>
            </TextLine>
            <TextLine id="tr_2_tl_22" custom="readingOrder {index:21;}">
                <Coords points="670,2117 879,2140 937,2084 1125,2067 1443,2142 2160,2152 2314,2084 2465,2122 2689,2084 2669,1959 2535,2017 2208,1996 2110,2037 1815,1991 1528,2034 1171,1996 926,2024 785,1981 670,2034"/>
                <Baseline points="683,2064 783,2064 884,2064 984,2064 1085,2067 1186,2064 1286,2066 1387,2064 1488,2064 1588,2064 1689,2064 1790,2066 1890,2064 1991,2066 2092,2064 2192,2063 2293,2067 2394,2066 2494,2064 2595,2060 2696,2061"/>
                <TextEquiv>
                    <Unicode>andem herausgefelten sind:-olbt uns allen, ach uns</Unicode>
                </TextEquiv>
            </TextLine>
            <TextLine id="tr_2_tl_23" custom="readingOrder {index:22;}">
                <Coords points="652,2231 1196,2210 1392,2278 1581,2243 1657,2286 2296,2203 2606,2243 2606,2135 2366,2084 2163,2150 1294,2135 1004,2069 879,2142 652,2117"/>
                <Baseline points="665,2195 762,2196 859,2198 957,2196 1054,2198 1152,2195 1249,2198 1346,2195 1444,2195 1541,2195 1639,2197 1736,2192 1833,2195 1931,2195 2028,2195 2126,2195 2223,2195 2320,2198 2418,2199 2515,2197 2613,2204"/>
                <TextEquiv>
                    <Unicode>allen, die wir picht den At haben ihm zu folgen.</Unicode>
                </TextEquiv>
            </TextLine>
            <TextLine id="tr_2_tl_24" custom="readingOrder {index:23;}">
                <Coords points="660,2331 1075,2407 1239,2326 1785,2417 2248,2351 2359,2389 2465,2336 2598,2379 2598,2246 2442,2205 1747,2281 1510,2243 1294,2296 906,2246 660,2271"/>
                <Baseline points="674,2324 770,2327 867,2327 963,2326 1060,2325 1156,2324 1253,2324 1349,2324 1446,2327 1542,2327 1639,2327 1735,2325 1832,2324 1928,2324 2025,2327 2121,2327 2218,2327 2314,2327 2411,2327 2507,2327 2604,2335"/>
                <TextEquiv>
                    <Unicode>das horrlichste Polspiel und endet in Schönhert,</Unicode>
                </TextEquiv>
            </TextLine>
            <TextLine id="tr_2_tl_25" custom="readingOrder {index:24;}">
                <Coords points="1153,2399 1201,2407 1218,2394 1236,2407 1256,2392 1309,2412 1364,2387 1390,2399 1405,2389 1425,2409 1455,2397 1488,2409 1505,2392 1548,2389 1548,2359 1495,2341 1465,2354 1385,2341 1367,2356 1297,2326 1153,2339"/>
                <Baseline points="1166,2392 1191,2390 1217,2388 1243,2386 1269,2386 1295,2385 1321,2384 1347,2383 1372,2383 1398,2385 1424,2386 1450,2386 1476,2385 1502,2383 1528,2383 1554,2383"/>
                <TextEquiv>
                    <Unicode>verbege</Unicode>
                </TextEquiv>
            </TextLine>
            <TextLine id="tr_2_tl_26" custom="readingOrder {index:25;}">
                <Coords points="662,2543 1047,2523 1196,2457 1370,2523 1468,2475 1780,2460 2087,2467 2213,2520 2447,2467 2578,2510 2578,2417 2404,2351 2090,2417 1989,2377 1868,2419 1307,2412 977,2402 662,2329"/>
                <Baseline points="677,2455 772,2458 867,2456 962,2455 1058,2458 1153,2458 1248,2456 1344,2455 1439,2458 1534,2458 1630,2456 1725,2455 1820,2455 1915,2458 2011,2458 2106,2458 2201,2458 2297,2458 2392,2461 2487,2460 2583,2455"/>
                <TextEquiv>
                    <Unicode>wie er begonnen. Morgen früh werden wir inn fin.</Unicode>
                </TextEquiv>
            </TextLine>
            <TextLine id="tr_2_tl_27" custom="readingOrder {index:26;}">
                <Coords points="1591,2512 1659,2533 1699,2523 1737,2540 1808,2520 1845,2530 1865,2515 1886,2520 1886,2485 1850,2477 1830,2485 1782,2462 1709,2477 1682,2467 1654,2485 1641,2475 1591,2487"/>
                <Baseline points="1605,2506 1631,2506 1657,2506 1683,2506 1709,2507 1735,2509 1761,2509 1787,2509 1813,2511 1839,2512 1865,2512 1891,2512"/>
                <TextEquiv>
                    <Unicode>tonten</Unicode>
                </TextEquiv>
            </TextLine>
            <TextLine id="tr_2_tl_28" custom="readingOrder {index:27;}">
                <Coords points="702,2606 952,2591 1037,2631 1135,2591 1297,2656 1400,2608 1662,2658 1891,2618 2311,2651 2311,2548 2200,2565 2132,2512 702,2535"/>
                <Baseline points="716,2586 796,2583 876,2585 956,2583 1036,2583 1116,2586 1196,2583 1276,2583 1356,2581 1436,2583 1517,2583 1597,2583 1677,2584 1757,2586 1837,2586 1917,2583 1997,2586 2077,2589 2157,2587 2237,2595 2318,2598"/>
                <TextEquiv>
                    <Unicode>den, draussen vor den Joren der Stadt...</Unicode>
                </TextEquiv>
            </TextLine>
            <TextLine id="tr_2_tl_29" custom="readingOrder {index:28;}">
                <Coords points="655,2729 1115,2737 1264,2792 1510,2739 1735,2752 1735,2641 1500,2646 1390,2603 1299,2656 1133,2626 1037,2669 911,2633 655,2656"/>
                <Baseline points="668,2714 721,2709 775,2710 829,2708 882,2708 936,2708 990,2711 1043,2711 1097,2711 1151,2711 1205,2711 1258,2711 1312,2711 1366,2709 1419,2713 1473,2711 1527,2715 1580,2716 1634,2716 1688,2719 1742,2720"/>
                <TextEquiv>
                    <Unicode>Hört sie nicht held aus..</Unicode>
                </TextEquiv>
            </TextLine>
            <TextLine id="tr_2_tl_30" custom="readingOrder {index:29;}">
                <Coords points="675,2885 1566,2878 1810,2925 1908,2883 2598,2855 2598,2747 2535,2777 2382,2737 1911,2804 1410,2769 675,2794"/>
                <Baseline points="689,2843 784,2843 880,2843 976,2841 1072,2841 1167,2840 1263,2843 1359,2846 1455,2843 1550,2843 1646,2844 1742,2846 1838,2846 1933,2849 2029,2846 2125,2849 2221,2846 2316,2849 2412,2848 2508,2846 2604,2849"/>
                <TextEquiv>
                    <Unicode>(zu inn1 lassen Sie ste doch, sto ist köstltch.</Unicode>
                </TextEquiv>
            </TextLine>
            <TextLine id="tr_2_tl_31" custom="readingOrder {index:30;}">
                <Coords points="652,2968 1110,3029 1289,3001 1362,3046 1516,2993 1835,3036 2256,2976 2450,3049 2583,3044 2558,2857 2220,2872 2084,2925 1911,2883 1813,2925 1427,2875 1213,2915 652,2885"/>
                <Baseline points="665,2968 761,2971 857,2971 953,2971 1049,2971 1146,2974 1242,2971 1338,2974 1434,2976 1530,2976 1627,2974 1723,2976 1819,2977 1915,2980 2011,2974 2108,2975 2204,2976 2300,2974 2396,2974 2492,2974 2589,2971"/>
                <TextEquiv>
                    <Unicode>werden ihn finden, auf einer orinen Miese lnder</Unicode>
                </TextEquiv>
            </TextLine>
            <TextEquiv>
                <Unicode></Unicode>
            </TextEquiv>
        </TextRegion>
    </Page>
</PcGts>
