2952 3624
344 1319 594 1455 Nr214:
317 1940 549 2054 Elsa:
228 2495 510 2609 doch nicht
312 2715 569 2873 Borte:
819 460 1178 683 00 ntendan
708 666 975 807 Tsten
1010 671 2458 837 Berta einen Augenblick an, die beue
742 787 2606 995 pungslos dasteht, ruft thereine und seht gleich
747 933 1426 1111 zoitig zur Fur.1
777 1017 2646 1235 tritt ein, zögert, das sie Berta sicht, bleibt
691 1198 1470 1327 an der Für stehen)
703 1277 2604 1487 cuten Abend, gnddige Frau. Meine Schwester mackt
1025 1406 1413 1492 um litb
683 1413 2564 1624 mer eben einen Besuch. Es freut mich seht, dass
691 1557 2510 1730 toh.... Friauben ste, dass ich sie mit ihr be
686 1681 2512 1911 kannt machof meine Schwester Bertaf-FrauLisa
715 1846 950 1980 Zach.
762 1958 1391 2124 komnt näper ) es
1411 1888 2619 2158 Frout nich sohr. Frautom. 510
1582 2054 1955 2148 Ihn Bucter
681 2054 2666 2270 kennen zu Temen. Aber Ihre Schwester welss doch.
705 2200 2426 2396 dass das Kind eine Veberraschung für meinen
666 2329 2653 2520 getton lst... Ich meine Früuleln, es ist din stren
710 2468 2294 2653 ges Gohetmis bis auf welteres, steie leh
656 2591 2151 2779 stalser Ihres Herrn Braders doruche.)
661 2713 2567 2911 Ich werd es nicht berraten gnedige Frau.. Adieu
648 2839 2346 3084 M21v. ( 00ht) (otur dr der Stand ei gebe
