2920 3576
454 1026 895 1162 kunmt vd
647 1969 884 2068 Berta:
638 2199 770 2315 Fr:
399 2344 851 2548 Wo tib
399 2510 844 2670 Beberlb
430 2629 653 2771 tab
2278 397 2607 533 102
2114 421 2260 579 N.
1182 465 1500 596 v. Jannt
1750 496 1947 581 ant
910 550 2478 671 Ich hab Hin gebeten meinen hierher zu
1114 682 2471 776 schicken, weil ich mich auf meinen
1210 754 1495 844 de Oritea
987 770 2552 916 Hausmeister nicht verlassen, kann (Er un
1668 866 2743 973 daus vdequasta eed sur uo
991 927 2666 1081 terschlägt mir die meidaten Sendungeh oder
980 1030 2567 1142 folgt sie mir acht rage zu spdt aus.Aus
987 1186 2752 1276 Posheit natürlich. Leute die michksuchenmell
1373 1256 1603 1346 weche
1033 1298 2640 1423 schickt er fort. Fald erzählt er ich hin
1006 1397 1151 1500 peles
1033 1386 2600 1557 tot, bald ich hin eingesperrt.. (Dabei
1052 1535 2712 1699 hat dieser Schurke eine Tochter, das rein
1000 1671 2624 1780 ste süsseste Geschöpf au totes Erdhoden.
1000 1829 2328 1918 Sie ist Flumemmädel bei Ronacher.)
1605 1870 2254 1973 d. dem isia Cortiurt
1026 1901 2607 2057 Aber die Phantasieweste für den Ball ha-
1041 2050 1728 2184 ben Sie schon an?
991 2133 2638 2307 Die ist nicht von Zack. Die ist von einer
995 2252 2688 2427 Dame, von einer alten Dame aus Schöttland,
1000 2429 2581 2550 dis ich niemals gesehen habe. Eine wame
1002 2524 2651 2681 Wests und hier in dieser Taschs war eins
1059 2640 2464 2798 ndert Pfundnote. Das istWohlesse,
1013 2743 2745 2920 das ist Verehrung. So einer glaub ich, dass
1017 2850 2664 3032 sie mich verehrt. Das ist Eine Phantasie-
1017 3019 2521 3236 weste. (is in die Taschen geht da die
1362 3199 2129 3376 Nn sel ist Mante
