2856 3480
2516 542 2665 638 130
646 570 2390 768 mmitter: Gudi Du hst ja die GRahhe kiefer zu
995 742 2696 911 blicken, Vielleicht ist sie wirklich gerade
1071 865 1277 969 Exerelchp
1002 896 2622 1061 das, was für ihn passt, das ihn glücklich
1071 991 2602 1156 machen karn2) Es wär doch möglich, nicht
943 1139 2503 1273 ahr, Es komt doch gewiss vor, dass zwei
993 1258 2492 1416 Merischen für einander bestimmt sind...
991 1375 2618 1525 Qrid siehst Du, dass sie gleich von ihren-
965 1505 2611 1620 Mariri weggehen will, das spricht doch in ge-
881 1640 2507 1785 issem Simn) für sie, das lässt doch darauf
954 1739 2563 1898 schliessen, dass sie eine Neigung zur-
937 1863 2242 2028 -Wahrhekt und Aufrichtigkeithat.
1065 1976 2665 2158 (Ja, wenn sie wirklich fortgehen will von
698 1971 1000 2134 steintr.
1002 2089 2518 2286 ihrm Manr, aber auch dann:) ich habe
1002 2238 2687 2403 die Erfahrung gemacht, dass die sogenannter
995 2362 2516 2531 Aufrichtigen manchmal die Allerärgsten
1002 2477 2509 2657 sind.(Die wollen mit ihrer ganzen Auf-
1013 2616 2592 2783 richtigkeit manchmal nichtw anderes, als
1078 2733 2527 2887 sich das Leben möglichst bequem ein-
1011 2874 2477 3028 richten) Das Lügen kommt mir manchmal
1002 2991 2477 3116 väel anständiger vor, als diese Sorte
1026 3106 2563 3229 Aufrichtigkeit, weil doch meistens ein
1015 3166 2134 3353 bissel Conase dazugefort
