<?xml version="1.0" encoding="UTF-8" standalone="yes"?>
<PcGts xmlns="http://schema.primaresearch.org/PAGE/gts/pagecontent/2013-07-15" xmlns:xsi="http://www.w3.org/2001/XMLSchema-instance" xsi:schemaLocation="http://schema.primaresearch.org/PAGE/gts/pagecontent/2013-07-15 http://schema.primaresearch.org/PAGE/gts/pagecontent/2013-07-15/pagecontent.xsd">
    <Metadata>
        <Creator>prov=READ-COOP:name=PyLaia@TranskribusPlatform:version=2.7.0:model_id=50870:lm=none:date=22_01_2024_20:55</Creator>
        <Created>2023-09-27T14:39:35.672+02:00</Created>
        <LastChange>2024-01-22T20:55:03.116+01:00</LastChange>
        <TranskribusMetadata docId="1589056" pageId="60125967" pageNr="73" tsid="145641338" status="IN_PROGRESS" userId="40391" imgUrl="https://files.transkribus.eu/Get?id=PUEXBNIXDUUDYEAGUXPQXCLR&amp;fileType=view" xmlUrl="https://files.transkribus.eu/Get?id=DYNKPZFPNECABHTKRQIHBURB" imageId="48551044"/>
    </Metadata>
    <Page imageFilename="1589056_0073.jpg" imageWidth="3128" imageHeight="3816">
        <ReadingOrder>
            <OrderedGroup id="ro_1711790227478" caption="Regions reading order">
                <RegionRefIndexed index="0" regionRef="tr_1"/>
                <RegionRefIndexed index="1" regionRef="tr_2"/>
            </OrderedGroup>
        </ReadingOrder>
        <TextRegion orientation="0.0" id="tr_1" custom="readingOrder {index:0;}">
            <Coords points="558,2277 558,2695 868,2695 868,2277"/>
            <TextLine id="tr_1_tl_1" custom="readingOrder {index:0;}">
                <Coords points="543,2428 611,2420 650,2452 665,2442 701,2457 765,2416 791,2420 796,2311 762,2321 709,2289 684,2301 667,2291 616,2323 548,2321"/>
                <Baseline points="558,2391 584,2385 611,2385 638,2385 665,2385 692,2383 719,2381 746,2377 773,2377 800,2379"/>
                <TextEquiv>
                    <Unicode>Willy:</Unicode>
                </TextEquiv>
            </TextLine>
            <TextLine id="tr_1_tl_2" custom="readingOrder {index:1;}">
                <Coords points="558,2659 575,2669 609,2642 640,2659 689,2647 743,2657 825,2635 860,2644 864,2584 777,2569 621,2596 562,2584"/>
                <Baseline points="570,2645 597,2645 624,2642 651,2639 678,2639 705,2638 732,2636 759,2634 786,2633 813,2631 840,2629 868,2627"/>
                <TextEquiv>
                    <Unicode>Steinbr:</Unicode>
                </TextEquiv>
            </TextLine>
            <TextEquiv>
                <Unicode></Unicode>
            </TextEquiv>
        </TextRegion>
        <TextRegion orientation="0.0" id="tr_2" custom="readingOrder {index:1;}">
            <Coords points="824,671 824,3279 2851,3279 2851,671"/>
            <TextLine id="tr_2_tl_1" custom="readingOrder {index:0;}">
                <Coords points="806,881 1011,906 1132,847 1283,877 1451,838 1507,867 1575,823 1873,843 2060,755 2508,740 2515,626 2269,606 2201,648 1831,628 1556,699 1337,667 1174,762 816,748"/>
                <Baseline points="824,824 908,823 993,815 1077,809 1162,806 1246,803 1331,798 1415,791 1500,787 1584,779 1669,776 1753,770 1838,767 1922,759 2007,751 2091,750 2176,745 2260,736 2345,731 2429,728 2514,731"/>
                <TextEquiv>
                    <Unicode>Hofrat Rudolf Steinbrunner( ist eingetreten.</Unicode>
                </TextEquiv>
            </TextLine>
            <TextLine id="tr_2_tl_2" custom="readingOrder {index:1;}">
                <Coords points="813,998 1446,925 1731,962 1838,908 2184,884 2625,945 2632,808 2540,789 2038,847 1987,806 1863,852 1607,833 1427,886 1239,862 1096,916 821,896"/>
                <Baseline points="830,958 920,956 1010,950 1100,945 1191,941 1281,935 1371,926 1462,922 1552,917 1642,911 1733,905 1823,901 1913,896 2003,892 2094,884 2184,880 2274,874 2365,868 2455,865 2545,859 2636,850"/>
                <TextEquiv>
                    <Unicode>Kurzer, lichter Ueberzieher, die untern Knöpfe</Unicode>
                </TextEquiv>
            </TextLine>
            <TextLine id="tr_2_tl_3" custom="readingOrder {index:2;}">
                <Coords points="833,1125 1729,1040 2089,1096 2330,1035 2652,1025 2657,937 2457,928 838,1045"/>
                <Baseline points="848,1089 938,1082 1029,1075 1120,1072 1211,1066 1301,1059 1392,1054 1483,1050 1574,1045 1664,1040 1755,1038 1846,1034 1937,1027 2027,1019 2118,1015 2209,1007 2300,1000 2390,997 2481,994 2572,988 2663,973"/>
                <TextEquiv>
                    <Unicode>geschlossen, die obern offen. Kragen hinaufge-</Unicode>
                </TextEquiv>
            </TextLine>
            <TextLine id="tr_2_tl_4" custom="readingOrder {index:3;}">
                <Coords points="835,1230 1188,1203 1264,1244 1622,1247 2333,1161 2630,1171 2635,1071 2386,1045 2092,1101 1634,1098 1575,1137 1446,1096 1261,1140 843,1120"/>
                <Baseline points="848,1215 937,1209 1027,1206 1116,1200 1206,1197 1295,1188 1385,1185 1474,1182 1564,1176 1653,1167 1743,1164 1833,1161 1922,1152 2012,1146 2101,1140 2191,1137 2280,1134 2370,1128 2459,1122 2549,1116 2639,1110"/>
                <TextEquiv>
                    <Unicode>schlagen. Zylinder. Kurzes, blondes leicht an</Unicode>
                </TextEquiv>
            </TextLine>
            <TextLine id="tr_2_tl_5" custom="readingOrder {index:4;}">
                <Coords points="843,1376 2306,1322 2552,1259 2678,1278 2683,1181 847,1281"/>
                <Baseline points="859,1343 950,1340 1041,1332 1132,1325 1224,1319 1315,1316 1406,1312 1497,1306 1589,1299 1680,1295 1771,1291 1862,1282 1954,1278 2045,1274 2136,1272 2227,1265 2319,1260 2410,1257 2501,1251 2592,1245 2684,1245"/>
                <TextEquiv>
                    <Unicode>gegrautes Haar, Bewegungen lebhaft, nie jahrig.</Unicode>
                </TextEquiv>
            </TextLine>
            <TextLine id="tr_2_tl_6" custom="readingOrder {index:5;}">
                <Coords points="840,1490 1291,1442 1412,1485 1743,1461 1814,1417 2155,1463 2605,1424 2610,1308 2530,1298 847,1386"/>
                <Baseline points="856,1466 948,1461 1041,1454 1133,1448 1226,1445 1318,1439 1411,1433 1504,1427 1596,1423 1689,1420 1781,1414 1874,1406 1966,1403 2059,1398 2152,1394 2244,1386 2337,1379 2429,1376 2522,1370 2615,1370"/>
                <TextEquiv>
                    <Unicode>Sprioht rasch, nicht sehr laut, lacht manch-</Unicode>
                </TextEquiv>
            </TextLine>
            <TextLine id="tr_2_tl_7" custom="readingOrder {index:6;}">
                <Coords points="847,1617 1222,1575 1354,1624 1432,1578 1899,1592 2213,1532 2403,1566 2805,1488 2808,1429 2761,1422 2428,1454 2357,1424 2092,1480 2021,1439 1809,1507 1724,1473 1614,1517 1242,1483 1164,1534 852,1554"/>
                <Baseline points="862,1594 959,1591 1056,1585 1154,1582 1251,1573 1348,1567 1446,1562 1543,1559 1640,1552 1738,1549 1835,1543 1932,1537 2030,1530 2127,1525 2224,1519 2322,1513 2419,1509 2516,1498 2614,1493 2711,1490 2809,1484"/>
                <TextEquiv>
                    <Unicode>mal kurz und lustig auf- Sieht zuerst mit raschem</Unicode>
                </TextEquiv>
            </TextLine>
            <TextLine id="tr_2_tl_8" custom="readingOrder {index:7;}">
                <Coords points="855,1724 1364,1741 2199,1651 2260,1690 2676,1666 2717,1549 857,1678"/>
                <Baseline points="868,1725 960,1720 1052,1714 1145,1707 1237,1704 1330,1696 1422,1696 1515,1687 1607,1683 1700,1679 1792,1676 1884,1668 1977,1665 2069,1658 2162,1649 2254,1643 2347,1637 2439,1630 2532,1624 2624,1618 2717,1609"/>
                <TextEquiv>
                    <Unicode>Blick nach allen Seiten, gewahrt gleich Treuen-</Unicode>
                </TextEquiv>
            </TextLine>
            <TextLine id="tr_2_tl_9" custom="readingOrder {index:8;}">
                <Coords points="877,1868 1804,1846 1975,1797 2087,1829 2174,1787 2362,1814 2598,1758 2713,1799 2717,1692 2608,1683 2036,1748 1498,1748 1429,1795 1364,1763 881,1780"/>
                <Baseline points="889,1851 980,1850 1072,1844 1163,1838 1255,1834 1346,1829 1438,1823 1529,1817 1621,1811 1712,1808 1804,1800 1896,1797 1987,1789 2079,1785 2170,1779 2262,1776 2353,1766 2445,1764 2536,1758 2628,1755 2720,1746"/>
                <TextEquiv>
                    <Unicode>hof und Willy. Geht mit einem kurzen - habe die-</Unicode>
                </TextEquiv>
            </TextLine>
            <TextLine id="tr_2_tl_10" custom="readingOrder {index:9;}">
                <Coords points="864,2014 1079,1965 1269,2004 1741,1963 1802,1992 2072,1975 2235,1907 2737,1914 2764,1819 2469,1838 2318,1787 2187,1860 2109,1819 1929,1865 1768,1829 1483,1914 869,1902"/>
                <Baseline points="880,1976 974,1970 1068,1964 1163,1961 1257,1954 1351,1951 1446,1945 1540,1940 1634,1933 1729,1929 1823,1922 1917,1916 2012,1913 2106,1910 2200,1904 2295,1902 2389,1896 2483,1890 2578,1880 2672,1878 2767,1869"/>
                <TextEquiv>
                    <Unicode>Ehre - am Tisch der andern vorbel. Gleisster und</Unicode>
                </TextEquiv>
            </TextLine>
            <TextLine id="tr_2_tl_11" custom="readingOrder {index:10;}">
                <Coords points="872,2126 1186,2150 1505,2077 2413,2026 2669,2058 2764,2028 2769,1958 2282,1950 1101,2053 877,2014"/>
                <Baseline points="886,2108 980,2108 1074,2099 1169,2093 1263,2087 1357,2081 1452,2074 1546,2072 1640,2064 1735,2064 1829,2057 1923,2051 2018,2045 2112,2041 2206,2035 2301,2030 2395,2025 2489,2021 2584,2016 2678,2009 2773,2000"/>
                <TextEquiv>
                    <Unicode>Rapp scheinen einigermassen verwundert, erklären</Unicode>
                </TextEquiv>
            </TextLine>
            <TextLine id="tr_2_tl_12" custom="readingOrder {index:11;}">
                <Coords points="881,2243 1439,2226 1590,2262 1726,2199 2067,2235 2075,2123 1941,2104 886,2182"/>
                <Baseline points="898,2236 956,2236 1015,2231 1074,2229 1133,2230 1192,2224 1251,2222 1309,2218 1368,2217 1427,2213 1486,2209 1545,2203 1604,2202 1663,2198 1721,2194 1780,2191 1839,2187 1898,2185 1957,2185 2016,2185 2075,2185"/>
                <TextEquiv>
                    <Unicode>den andern, wer gekommen ist..</Unicode>
                </TextEquiv>
            </TextLine>
            <TextLine id="tr_2_tl_13" custom="readingOrder {index:12;}">
                <Coords points="872,2379 957,2386 1057,2360 1086,2381 1135,2369 1191,2391 1295,2386 1298,2316 1210,2267 1123,2299 1103,2284 1067,2301 984,2284 911,2311 874,2301"/>
                <Baseline points="886,2367 911,2366 937,2364 963,2362 989,2361 1014,2359 1040,2357 1066,2356 1092,2355 1117,2355 1143,2353 1169,2352 1195,2350 1220,2349 1246,2349 1272,2351 1298,2355"/>
                <TextEquiv>
                    <Unicode>Der Onkel.</Unicode>
                </TextEquiv>
            </TextLine>
            <TextLine id="tr_2_tl_14" custom="readingOrder {index:13;}">
                <Coords points="862,2520 1950,2442 2038,2479 2082,2464 2089,2357 867,2435"/>
                <Baseline points="877,2505 937,2496 998,2494 1058,2490 1119,2487 1179,2485 1240,2475 1300,2474 1361,2470 1421,2466 1482,2462 1542,2460 1603,2456 1663,2452 1724,2451 1784,2445 1845,2445 1905,2442 1966,2442 2026,2442 2087,2439"/>
                <TextEquiv>
                    <Unicode>(nickt, reicht ihm die Hand.)</Unicode>
                </TextEquiv>
            </TextLine>
            <TextLine id="tr_2_tl_15" custom="readingOrder {index:14;}">
                <Coords points="1049,2569 1473,2523 1653,2540 1709,2528 1714,2462 1451,2462 1327,2518 1249,2479 1157,2503 1054,2493"/>
                <Baseline points="1065,2546 1097,2550 1129,2552 1162,2550 1194,2548 1227,2546 1259,2544 1291,2542 1324,2540 1356,2538 1389,2531 1421,2526 1453,2522 1486,2520 1518,2520 1551,2521 1583,2523 1615,2523 1648,2520 1680,2516 1713,2514"/>
                <TextEquiv>
                    <Unicode>shils. seise das sol</Unicode>
                </TextEquiv>
            </TextLine>
            <TextLine id="tr_2_tl_16" custom="readingOrder {index:15;}">
                <Coords points="928,2657 1169,2676 1283,2608 1532,2591 2433,2591 2588,2535 2837,2547 2842,2469 2708,2437 2209,2503 1853,2474 1739,2535 933,2569"/>
                <Baseline points="943,2621 1038,2616 1133,2615 1228,2606 1323,2600 1418,2594 1513,2590 1608,2584 1703,2580 1798,2571 1894,2568 1989,2562 2084,2555 2179,2552 2274,2548 2369,2543 2464,2537 2559,2533 2654,2527 2749,2520 2845,2511"/>
                <TextEquiv>
                    <Unicode>Javont tet oths. Also Du Schlingel musstest Dich</Unicode>
                </TextEquiv>
            </TextLine>
            <TextLine id="tr_2_tl_17" custom="readingOrder {index:16;}">
                <Coords points="913,2769 1113,2742 1366,2786 2189,2683 2316,2742 2661,2661 2820,2696 2849,2584 2408,2615 2333,2559 2165,2627 1714,2603 1485,2686 918,2681"/>
                <Baseline points="928,2750 1024,2743 1120,2740 1216,2734 1312,2729 1408,2724 1504,2717 1601,2714 1697,2710 1793,2702 1889,2697 1985,2691 2081,2685 2177,2681 2274,2678 2370,2674 2466,2667 2562,2661 2658,2655 2754,2654 2851,2642"/>
                <TextEquiv>
                    <Unicode>auch in diesen Sündenpfuhl begeben. (Etn Famtlten-</Unicode>
                </TextEquiv>
            </TextLine>
            <TextLine id="tr_2_tl_18" custom="readingOrder {index:17;}">
                <Coords points="945,2890 1286,2915 1476,2847 2381,2820 2294,2717 2194,2683 1814,2761 1707,2735 1132,2825 950,2810"/>
                <Baseline points="961,2869 1032,2872 1103,2871 1175,2866 1246,2863 1317,2860 1389,2855 1460,2848 1531,2845 1603,2844 1674,2839 1745,2834 1817,2832 1888,2827 1959,2823 2031,2818 2102,2811 2173,2812 2245,2810 2316,2806 2388,2809"/>
                <TextEquiv>
                    <Unicode>vater gehört otdentlich nicht daker.</Unicode>
                </TextEquiv>
            </TextLine>
            <TextLine id="tr_2_tl_19" custom="readingOrder {index:18;}">
                <Coords points="920,3032 1493,3044 1909,2954 2520,2971 2827,2910 2829,2861 2764,2834 2715,2866 2501,2825 2133,2888 928,2915"/>
                <Baseline points="937,3006 1031,3001 1126,2994 1220,2991 1315,2984 1410,2977 1504,2970 1599,2967 1694,2963 1788,2956 1883,2953 1978,2947 2072,2947 2167,2938 2262,2932 2356,2931 2451,2927 2546,2920 2640,2918 2735,2911 2830,2905"/>
                <TextEquiv>
                    <Unicode>tott tn sa nur wegen Freuenhof gehommt, selbst-</Unicode>
                </TextEquiv>
            </TextLine>
            <TextLine id="tr_2_tl_20" custom="readingOrder {index:19;}">
                <Coords points="1495,3134 1602,3161 1860,3112 2138,3173 2357,3112 2503,3148 2513,2966 2452,2956 2308,2983 2126,2954 1865,2993 1790,3049 1600,2993 1502,3007"/>
                <Baseline points="1510,3093 1560,3091 1610,3088 1661,3082 1711,3078 1761,3074 1812,3067 1862,3063 1912,3062 1963,3058 2013,3055 2063,3051 2114,3051 2164,3048 2214,3047 2265,3045 2315,3045 2365,3045 2416,3043 2466,3042 2517,3036"/>
                <TextEquiv>
                    <Unicode>bon von treienhet</Unicode>
                </TextEquiv>
            </TextLine>
            <TextLine id="tr_2_tl_21" custom="readingOrder {index:20;}">
                <Coords points="916,3158 959,3139 996,3161 1062,3136 1225,3153 1259,3122 1456,3117 1461,3032 1361,3044 1203,3012 1161,3044 1130,3024 1096,3046 923,3032"/>
                <Baseline points="931,3132 957,3132 984,3132 1010,3132 1037,3129 1064,3126 1090,3124 1117,3123 1143,3123 1170,3122 1197,3120 1223,3116 1250,3114 1276,3114 1303,3113 1330,3111 1356,3109 1383,3108 1409,3108 1436,3108 1463,3108"/>
                <TextEquiv>
                    <Unicode>verständlich.</Unicode>
                </TextEquiv>
            </TextLine>
            <TextLine id="tr_2_tl_22" custom="readingOrder {index:21;}">
                <Coords points="1227,3331 1334,3324 1510,3243 1666,3258 1741,3219 1846,3243 1838,3119 1673,3170 1480,3136 1373,3185 1303,3151 1237,3170"/>
                <Baseline points="1245,3251 1275,3248 1305,3246 1336,3244 1366,3242 1397,3242 1427,3239 1458,3235 1488,3231 1519,3230 1549,3230 1579,3230 1610,3227 1640,3223 1671,3221 1701,3219 1732,3217 1762,3215 1793,3213 1823,3212 1854,3212"/>
                <TextEquiv>
                    <Unicode>furt will</Unicode>
                </TextEquiv>
            </TextLine>
            <TextEquiv>
                <Unicode></Unicode>
            </TextEquiv>
        </TextRegion>
    </Page>
</PcGts>
