<?xml version="1.0" encoding="UTF-8" standalone="yes"?>
<PcGts xmlns="http://schema.primaresearch.org/PAGE/gts/pagecontent/2013-07-15" xmlns:xsi="http://www.w3.org/2001/XMLSchema-instance" xsi:schemaLocation="http://schema.primaresearch.org/PAGE/gts/pagecontent/2013-07-15 http://schema.primaresearch.org/PAGE/gts/pagecontent/2013-07-15/pagecontent.xsd">
    <Metadata>
        <Creator>prov=READ-COOP:name=PyLaia@TranskribusPlatform:version=2.7.0:model_id=50870:lm=none:date=22_01_2024_20:55</Creator>
        <Created>2023-09-27T14:40:04.853+02:00</Created>
        <LastChange>2024-01-22T20:55:37.735+01:00</LastChange>
        <TranskribusMetadata docId="1589056" pageId="60126945" pageNr="261" tsid="145641549" status="IN_PROGRESS" userId="40391" imgUrl="https://files.transkribus.eu/Get?id=NNTVRYJLIAWOJLZCGPSSBLVO&amp;fileType=view" xmlUrl="https://files.transkribus.eu/Get?id=RSJDEMIHSUZEKFEFIXQQXHWZ" imageId="48552022"/>
    </Metadata>
    <Page imageFilename="1589056_0261.jpg" imageWidth="3000" imageHeight="3528">
        <ReadingOrder>
            <OrderedGroup id="ro_1711790509922" caption="Regions reading order">
                <RegionRefIndexed index="0" regionRef="tr_1"/>
            </OrderedGroup>
        </ReadingOrder>
        <TextRegion orientation="0.0" id="tr_1" custom="readingOrder {index:0;}">
            <Coords points="593,311 593,3224 2596,3224 2596,311"/>
            <TextLine id="tr_1_tl_1" custom="readingOrder {index:0;}">
                <Coords points="2228,399 2252,395 2263,406 2296,392 2312,402 2324,397 2335,406 2363,409 2379,399 2393,402 2396,297 2344,292 2324,276 2298,281 2266,304 2231,299"/>
                <Baseline points="2241,379 2267,376 2293,376 2320,375 2346,374 2372,373 2399,373"/>
                <TextEquiv>
                    <Unicode>244</Unicode>
                </TextEquiv>
            </TextLine>
            <TextLine id="tr_1_tl_2" custom="readingOrder {index:1;}">
                <Coords points="578,638 1007,629 1079,587 1660,606 2303,518 2416,566 2426,434 2112,381 1773,429 1657,390 1305,485 882,457 585,515"/>
                <Baseline points="593,614 684,611 776,608 867,601 959,595 1051,589 1142,582 1234,578 1326,573 1417,569 1509,562 1601,552 1692,547 1784,541 1876,534 1967,529 2059,523 2151,516 2242,513 2334,504 2426,504"/>
                <TextEquiv>
                    <Unicode>nichte sehr wissen. legendner errählte neu-</Unicode>
                </TextEquiv>
            </TextLine>
            <TextLine id="tr_1_tl_3" custom="readingOrder {index:2;}">
                <Coords points="594,754 1360,757 1458,708 1569,759 1764,673 1920,710 2003,666 2419,669 2444,550 2238,594 2115,539 1908,534 1669,608 1493,580 1365,624 601,636"/>
                <Baseline points="608,743 699,740 791,737 882,733 974,723 1066,720 1157,715 1249,709 1341,703 1432,695 1524,690 1616,681 1707,678 1799,669 1891,663 1982,654 2074,654 2166,644 2257,639 2349,632 2441,629"/>
                <TextEquiv>
                    <Unicode>lich in cake, dass du jetzt die politischen</Unicode>
                </TextEquiv>
            </TextLine>
            <TextLine id="tr_1_tl_4" custom="readingOrder {index:3;}">
                <Coords points="590,875 1126,882 1337,831 1532,866 1787,808 1996,859 2003,734 1896,701 1576,757 1474,717 597,757"/>
                <Baseline points="602,877 672,876 742,869 812,864 882,859 952,855 1022,850 1093,846 1163,841 1233,839 1303,832 1373,826 1443,822 1513,817 1584,812 1654,808 1724,803 1794,799 1864,796 1934,793 2005,790"/>
                <TextEquiv>
                    <Unicode>Artiket für euer Blatt verfasst.</Unicode>
                </TextEquiv>
            </TextLine>
            <TextLine id="tr_1_tl_5" custom="readingOrder {index:4;}">
                <Coords points="694,1042 792,1079 1121,975 1402,1014 1662,942 1794,970 1804,826 1664,812 1325,889 1175,854 947,905 884,864 703,880"/>
                <Baseline points="710,1002 764,998 819,996 873,993 928,987 983,981 1037,979 1092,976 1146,973 1201,970 1256,965 1310,964 1365,960 1419,955 1474,951 1529,946 1583,943 1638,941 1692,937 1747,937 1802,934"/>
                <TextEquiv>
                    <Unicode>Lapr: Nah weiss es schont</Unicode>
                </TextEquiv>
            </TextLine>
            <TextLine id="tr_1_tl_6" custom="readingOrder {index:5;}">
                <Coords points="613,1163 1699,1070 1757,1098 1766,966 1662,942 1539,1019 1119,977 761,1086 620,1042"/>
                <Baseline points="629,1125 685,1131 742,1130 799,1125 856,1120 913,1119 970,1115 1026,1113 1083,1110 1140,1106 1197,1101 1254,1097 1311,1089 1368,1089 1424,1085 1481,1079 1538,1077 1595,1070 1652,1065 1709,1064 1766,1071"/>
                <TextEquiv>
                    <Unicode>Neuenhol: Also es stimet.</Unicode>
                </TextEquiv>
            </TextLine>
            <TextLine id="tr_1_tl_7" custom="readingOrder {index:6;}">
                <Coords points="613,1267 1279,1263 1548,1207 1653,1242 2022,1177 2467,1200 2474,1098 1927,1086 1490,1161 1219,1105 1151,1142 1031,1114 620,1158"/>
                <Baseline points="626,1268 718,1263 811,1254 903,1248 996,1244 1088,1235 1181,1226 1273,1220 1366,1216 1458,1210 1551,1202 1644,1198 1736,1192 1829,1185 1921,1179 2014,1172 2106,1166 2199,1159 2291,1155 2384,1149 2477,1140"/>
                <TextEquiv>
                    <Unicode>Borr. 706 1do alob lalsöcbtiot arl dlere</Unicode>
                </TextEquiv>
            </TextLine>
            <TextLine id="tr_1_tl_8" custom="readingOrder {index:7;}">
                <Coords points="622,1411 1848,1318 2252,1360 2437,1337 2447,1200 2103,1200 1876,1256 1632,1209 1416,1256 629,1279"/>
                <Baseline points="635,1387 725,1387 816,1381 906,1376 997,1369 1088,1364 1178,1360 1269,1353 1359,1349 1450,1341 1541,1335 1631,1329 1722,1323 1812,1316 1903,1310 1994,1301 2084,1298 2175,1292 2265,1283 2356,1280 2447,1280"/>
                <TextEquiv>
                    <Unicode>debiete versucht. Der Artikel neulich über</Unicode>
                </TextEquiv>
            </TextLine>
            <TextLine id="tr_1_tl_9" custom="readingOrder {index:8;}">
                <Coords points="631,1527 2484,1446 2488,1367 2344,1332 1887,1393 1537,1344 1123,1372 996,1421 641,1402"/>
                <Baseline points="644,1519 736,1517 828,1510 921,1504 1013,1498 1106,1492 1198,1486 1290,1480 1383,1473 1475,1468 1568,1462 1660,1456 1752,1449 1845,1442 1937,1436 2030,1430 2122,1424 2214,1418 2307,1411 2399,1411 2492,1411"/>
                <TextEquiv>
                    <Unicode>den arnen Reufel, den sie verurteilt haben.</Unicode>
                </TextEquiv>
            </TextLine>
            <TextLine id="tr_1_tl_10" custom="readingOrder {index:9;}">
                <Coords points="631,1695 1233,1613 1643,1630 1834,1585 1999,1639 2324,1576 2486,1592 2493,1460 2263,1444 1783,1509 1655,1467 1467,1520 996,1504 641,1546"/>
                <Baseline points="647,1650 739,1648 831,1641 924,1635 1016,1626 1109,1623 1201,1614 1293,1608 1386,1601 1478,1598 1571,1592 1663,1586 1755,1578 1848,1570 1940,1567 2033,1561 2125,1555 2217,1548 2310,1540 2402,1534 2495,1531"/>
                <TextEquiv>
                    <Unicode>nosl er vor einer Proression nicht den Aut</Unicode>
                </TextEquiv>
            </TextLine>
            <TextLine id="tr_1_tl_11" custom="readingOrder {index:10;}">
                <Coords points="659,1792 1082,1792 1142,1753 1669,1748 1818,1708 1985,1748 1994,1623 1931,1606 1718,1650 1147,1625 1017,1667 669,1664"/>
                <Baseline points="671,1778 737,1775 803,1769 869,1766 935,1761 1001,1756 1067,1754 1133,1750 1199,1746 1265,1744 1332,1739 1398,1732 1464,1728 1530,1724 1596,1718 1662,1713 1728,1710 1794,1705 1860,1701 1926,1698 1993,1698"/>
                <TextEquiv>
                    <Unicode>abgenonmen hat, er war von mie.</Unicode>
                </TextEquiv>
            </TextLine>
            <TextLine id="tr_1_tl_12" custom="readingOrder {index:11;}">
                <Coords points="662,1934 1558,1855 1841,1876 1908,1864 1915,1766 1613,1734 1448,1794 1021,1773 847,1857 669,1825"/>
                <Baseline points="677,1904 738,1902 800,1901 862,1898 924,1892 986,1888 1047,1884 1109,1883 1171,1879 1233,1872 1295,1867 1356,1863 1418,1856 1480,1855 1542,1853 1604,1847 1665,1844 1727,1841 1789,1837 1851,1833 1913,1829"/>
                <TextEquiv>
                    <Unicode>Freuenhof: Er war recht gut.</Unicode>
                </TextEquiv>
            </TextLine>
            <TextLine id="tr_1_tl_13" custom="readingOrder {index:12;}">
                <Coords points="952,2022 1588,1992 1750,2038 2212,1938 2532,1996 2565,1859 2326,1880 2149,1825 2031,1878 1878,1859 1801,1913 1727,1871 1604,1903 1300,1876 1179,1922 959,1899"/>
                <Baseline points="964,2014 1044,2011 1124,2009 1204,2002 1285,1998 1365,1993 1445,1985 1525,1982 1606,1974 1686,1969 1766,1966 1846,1958 1927,1953 2007,1948 2087,1942 2167,1940 2248,1932 2328,1926 2408,1921 2488,1915 2569,1913"/>
                <TextEquiv>
                    <Unicode>Und gostorh habe ich einen fleunenden</Unicode>
                </TextEquiv>
            </TextLine>
            <TextLine id="tr_1_tl_14" custom="readingOrder {index:13;}">
                <Coords points="673,2110 713,2101 752,2110 780,2098 799,2110 822,2110 843,2094 864,2094 868,1982 840,1985 831,1978 819,1987 803,1980 773,1989 750,1980 743,1985 729,1968 680,1964"/>
                <Baseline points="690,2032 715,2032 741,2032 767,2030 793,2028 819,2026 845,2026 871,2026"/>
                <TextEquiv>
                    <Unicode></Unicode>
                </TextEquiv>
            </TextLine>
            <TextLine id="tr_1_tl_15" custom="readingOrder {index:14;}">
                <Coords points="678,2196 868,2156 966,2187 1168,2149 1242,2168 1346,2124 1527,2173 1537,2036 1458,2047 1344,1996 1286,2033 1193,2029 1086,2101 685,2105"/>
                <Baseline points="692,2155 734,2157 776,2157 818,2155 861,2155 903,2150 945,2149 987,2149 1030,2143 1072,2138 1114,2137 1156,2136 1199,2131 1241,2127 1283,2124 1325,2121 1368,2118 1410,2115 1452,2113 1494,2110 1537,2104"/>
                <TextEquiv>
                    <Unicode>Protest geschrieben.</Unicode>
                </TextEquiv>
            </TextLine>
            <TextLine id="tr_1_tl_16" custom="readingOrder {index:15;}">
                <Coords points="682,2296 1205,2296 1553,2231 1906,2254 1910,2159 1778,2138 968,2187 868,2154 689,2194"/>
                <Baseline points="698,2286 758,2284 819,2279 880,2277 941,2272 1001,2268 1062,2271 1123,2268 1184,2261 1244,2256 1305,2249 1366,2245 1427,2241 1487,2237 1548,2232 1609,2231 1670,2228 1730,2224 1791,2220 1852,2216 1913,2214"/>
                <TextEquiv>
                    <Unicode>Frouenhok: Plaumend ist gut.</Unicode>
                </TextEquiv>
            </TextLine>
            <TextLine id="tr_1_tl_17" custom="readingOrder {index:16;}">
                <Coords points="692,2461 1511,2372 2407,2386 2467,2370 2479,2224 703,2298"/>
                <Baseline points="707,2420 795,2414 884,2411 972,2404 1061,2398 1149,2390 1238,2384 1326,2377 1415,2372 1503,2366 1592,2362 1680,2356 1769,2349 1857,2342 1946,2334 2034,2331 2123,2325 2211,2319 2300,2310 2388,2307 2477,2307"/>
                <TextEquiv>
                    <Unicode>Tett. Er hal ricklich geflangt, bober des</Unicode>
                </TextEquiv>
            </TextLine>
            <TextLine id="tr_1_tl_18" custom="readingOrder {index:17;}">
                <Coords points="694,2553 1144,2556 1200,2519 1293,2556 2047,2461 2080,2495 2505,2463 2509,2382 2437,2365 1975,2402 1801,2370 1476,2435 928,2437 838,2484 701,2449"/>
                <Baseline points="707,2548 797,2544 887,2538 977,2531 1067,2526 1157,2522 1247,2514 1338,2510 1428,2504 1518,2493 1608,2486 1698,2480 1788,2474 1878,2468 1969,2462 2059,2459 2149,2453 2239,2444 2329,2438 2419,2435 2510,2438"/>
                <TextEquiv>
                    <Unicode>Flend der Kohlengrubenarbeiter in Böhnen:</Unicode>
                </TextEquiv>
            </TextLine>
            <TextLine id="tr_1_tl_19" custom="readingOrder {index:18;}">
                <Coords points="722,2688 1590,2637 1653,2674 1869,2604 2006,2658 2553,2607 2560,2479 2526,2467 731,2558"/>
                <Baseline points="737,2674 828,2668 919,2663 1010,2656 1101,2653 1192,2646 1283,2641 1375,2636 1466,2630 1557,2624 1648,2616 1739,2612 1830,2603 1921,2599 2013,2591 2104,2582 2195,2578 2286,2572 2377,2564 2468,2560 2560,2557"/>
                <TextEquiv>
                    <Unicode>Freuenhof: Panos. Ja, solche sachen soll nan</Unicode>
                </TextEquiv>
            </TextLine>
            <TextLine id="tr_1_tl_20" custom="readingOrder {index:19;}">
                <Coords points="722,2830 1170,2825 1233,2788 1300,2820 1755,2737 2054,2772 2226,2723 2479,2762 2521,2632 2017,2662 1869,2604 1732,2669 1590,2637 731,2697"/>
                <Baseline points="737,2805 826,2802 915,2793 1004,2787 1094,2784 1183,2777 1272,2769 1361,2766 1451,2757 1540,2751 1629,2745 1718,2740 1808,2734 1897,2728 1986,2722 2075,2716 2165,2713 2254,2704 2343,2698 2432,2692 2522,2689"/>
                <TextEquiv>
                    <Unicode>Schroiben. Da lässt sich etwas leisten, des</Unicode>
                </TextEquiv>
            </TextLine>
            <TextLine id="tr_1_tl_21" custom="readingOrder {index:20;}">
                <Coords points="720,2948 785,2964 861,2932 919,2953 968,2922 1082,2955 1193,2920 1256,2946 1284,2936 1291,2830 1200,2809 1028,2832 931,2816 870,2844 727,2825"/>
                <Baseline points="734,2931 761,2931 789,2931 817,2930 845,2928 873,2926 901,2923 929,2920 957,2917 985,2916 1013,2916 1040,2915 1068,2913 1096,2909 1124,2906 1152,2904 1180,2904 1208,2904 1236,2906 1264,2907 1292,2907"/>
                <TextEquiv>
                    <Unicode>näre der Reg.</Unicode>
                </TextEquiv>
            </TextLine>
            <TextLine id="tr_1_tl_22" custom="readingOrder {index:21;}">
                <Coords points="727,3073 2319,3015 2451,2955 2588,3027 2597,2895 2379,2867 2138,2927 1534,2874 1307,2948 734,2948"/>
                <Baseline points="740,3059 832,3065 925,3059 1018,3048 1111,3042 1204,3035 1296,3029 1389,3026 1482,3020 1575,3008 1668,3004 1760,2998 1853,2989 1946,2983 2039,2978 2132,2973 2224,2969 2317,2961 2410,2951 2503,2946 2596,2951"/>
                <TextEquiv>
                    <Unicode>Repr: Wöglich. Aber der weine ist es leider</Unicode>
                </TextEquiv>
            </TextLine>
            <TextLine id="tr_1_tl_23" custom="readingOrder {index:22;}">
                <Coords points="1393,3203 1567,3222 1885,3129 2147,3141 2247,3101 2407,3150 2549,3131 2532,2999 2024,3034 1873,3004 1402,3071"/>
                <Baseline points="1408,3154 1465,3149 1523,3148 1580,3145 1638,3140 1696,3135 1753,3134 1811,3127 1868,3123 1926,3122 1984,3119 2041,3115 2099,3111 2156,3110 2214,3103 2272,3099 2329,3093 2387,3089 2444,3086 2502,3086 2560,3077"/>
                <TextEquiv>
                    <Unicode>auch wieder auf. Denn unter</Unicode>
                </TextEquiv>
            </TextLine>
            <TextLine id="tr_1_tl_24" custom="readingOrder {index:23;}">
                <Coords points="734,3208 803,3227 831,3210 884,3236 961,3199 1207,3224 1214,3066 1158,3062 1054,3097 1005,3064 963,3083 931,3064 817,3087 738,3076"/>
                <Baseline points="746,3190 772,3193 798,3191 824,3190 850,3190 876,3190 902,3190 928,3186 954,3185 980,3186 1006,3185 1032,3181 1058,3179 1084,3178 1110,3176 1136,3176 1162,3177 1188,3177 1214,3175"/>
                <TextEquiv>
                    <Unicode>nicht. lob</Unicode>
                </TextEquiv>
            </TextLine>
            <TextEquiv>
                <Unicode></Unicode>
            </TextEquiv>
        </TextRegion>
    </Page>
</PcGts>
