3128 3752
635 240 1782 382 Tr. Fl. dim. Shaen ti dr so hoct
680 242 2551 473 Gewite. di erheit iht die seinris genschift, die sis nicht
666 407 2618 571 erwerte laht ReichhinGenenhent zutunt- tatus.
638 487 2387 668 Genicht u lahet sich altes falfhef wei sehr necht errege.
680 560 1674 705 venehmt ist der ahen gehtlich
841 654 2593 799 wenn sie über die Erde wandeln, ist es (imner
1607 746 2245 838 die 1ieb e ien da
833 758 2729 941 Gelsterstunde. Einer steht dem andern die Würmer
841 888 2779 1075 aus der Wase, die sie aug den Grüften der Verwe-
877 1028 2701 1198 sung mit herauf gebracht haben und das heissen
2002 1133 2312 1234 tebructin.
838 1147 2699 1351 ste(Unterhaltung.)Wilid ist einer der lebt, ein
819 1287 2674 1482 Faler, ein Dunner, ein Deutscher, ein Artst.
824 1415 2693 1582 Der Sohn einer Frau, die schon odr 24 Jahren un
836 1529 2565 1688 ter meinem EE AK E AX  blonden
833 1657 2754 1827 Locken die Glatze, unter meihem Genie de Unfühf
830 1785 2643 1980 ighert, unter meiner Glut die Ausggbranntheit.
863 1941 2671 2083 unter meinem Leben den Tod erkanht hat; und er
858 2033 2746 2234 ist der Sohn eines Mannes, derst ich am Bett et f
805 2172 2754 2387 nes Lumpensanmlers den Typhus gehait und daran 9e
810 2289 2584 2498 storben ist: Das sind die Menschen,( von denen
805 2417 2690 2626 Welly stannt. Edle, Menschen, die ihr Dasein an
805 2573 1988 2752 der wemhen, Gütige, chripten.
443 2690 2685 2908 Frau ri: sa olbt esk denn hier nicht auch Juden, (die der
794 2838 1175 3013 xte stnde
432 2894 660 3064 Rapp:
785 2969 1724 3133 Gowtss. Zum Bolsptel war
1791 2972 2512 3169 gerade Willys Vatdi
797 3125 1033 3278 einer.
