3064 3624
1551 869 1800 1020 141
1396 1417 2536 1563 Nicht gross, Storttett Hen.
1414 1514 2520 1670 OtAnster. Links settlich
1384 1658 2706 1795 pappen und Skizzen. Links vorn ein
1368 1751 2610 1942 ingstange, Eingang in einen Ne
1382 1900 2643 2081 ninten ein Eirsabguss vielleicht
1370 2014 2599 2190 pischen Katserbüste. Ein kleines
1359 2137 2515 2346 e nenten mit Reuchregutstten.
1368 2292 2469 2464 neben. Links nicht sehr weit
1377 2397 2555 2613 mit Brid. Ptues welter hinten
1359 2511 2501 2710 Emstuhl. Ein Kleinerer Sossel
924 2604 1054 2703 nt
748 2666 2562 2868 ninten des den Deketern. Vorn, rechts der, Ein
746 2787 2604 2982 geng von der Treppe. Eine kleine Flagere an der
736 2922 2606 3117 wand rechts mit Büchetn. Unter der Ktagere liegt
734 3047 2476 3249 ein geösfheter Handkoffer. Neben dem Eingang
