2936 3592
2496 413 2628 566 104
750 573 1248 682 Steinhr: Ha.
748 646 2639 863 Mutter (Darüber wirde sich schone eine Einigung
1097 811 2750 944 erzielen lassen. Vorläufig wäre es jederi-
1929 901 2279 991 ie sat der
1142 941 2630 1043 falls nützlich, wenn der Verein Efen
2255 1052 2434 1116 wret
1017 1047 2729 1234 durch irgend etwas verpflichtet ware.) Möch-
1097 1189 2776 1340 ten Sie sich nicht entschliessendiesen Auf-
2295 1274 2578 1373 di vis et
1097 1309 2741 1451 ruf zu schreiben; Treuenlb? Er misste Ih-
1097 1432 2710 1569 rien ja so leicht aus der Feder fliessen.
1092 1528 2807 1705 Ihner mit Ihrem tiefen Blick für die Lächer
1104 1682 2708 1814 lichkeiten und Grausamkeiten unserer Ge-
1102 1804 2602 1951 sellschaftsordnung. Und Sie täten ein
1682 1911 1828 1974 en
1111 1922 2786 2085 sa gutes Werk.)Ich bilde mir ein, wenn Sie
1144 2073 2555 2213 für unsere Sache eintret n, Sie mit
1104 2179 2675 2297 Ihrem warmen Herzen für die Elenden und
1111 2260 2672 2458 Verlasseren, für die unschuldigen Opfer
1123 2401 2708 2555 sozialer Ungerechtikeit und Heuchelei...
1118 2536 2767 2696 soll ich Ihren was verraten Frau Franzis-
1149 2613 2736 2842 ka.. ich hab gar kein warmes Herz(Mern
1130 2764 2755 2953 ich Ihre Auren soin Müte aufleuchten sehe
1087 2951 1951 3083 und das mitleidsvolle
760 2545 894 2710 Fr:
