2968 3624
269 1468 537 1627 Mtilv:
286 1624 579 1710 Mutter:
2096 379 2418 554 A8
625 518 2445 696 des dot . 1oh on Dt  Ereich
1710 652 1942 762 geeche
625 684 2418 823 octnur... ale Attne HAltenerin damdls
689 801 2526 953 Gmunden, wlo Du slebsehn Jahfe Altwaret. Hel
664 950 2486 1109 raten hast Du sip wollen, gech über Hals und
642 1075 2489 1221 Kopf. Und dann ist sie abgereist und drei Tage
642 1216 2565 1380 darauf war sie vergessen, als hättest Du ste nie
686 1358 1041 1453 gesthen.
603 1431 921 1529 darand
657 1453 2176 1634 Dgs ist anders Mutter, das tot anders.
642 1619 2606 1742 Das glaubst Du nur. Damals hast Du Dir auch welss
689 1693 2396 1893 Gott was eingebildet. (Weisst Dufnicht mehrt
681 1859 2584 2015 Den Revolver hab ich Dir aus dem Koffer gestoh-
689 1981 2635 2142 len, solche Angst hatt ich um Dich.) Und nach dret
640 2115 2530 2257 Tagen Bub, nach dret Tagen, ud war das alles....
637 2245 2474 2391 Wievtr de A eneht hben, er
669 2355 2557 2550 nach Traunkirehen.).( gelacht hast Du und lustig
642 2508 2572 2645 warst Du, als hätte es nie eine kleine Italiene-
645 2648 2474 2797 rin gegeben. Und abends auf dem Balkon, weisst
625 2731 2557 2929 Du nicht mehr - Gott wie X dumm)war ich, Mutterl
633 2897 2560 3060 hast De zu mir gesagt, " was man gich alles ein-
635 2992 2433 3195 bildet, Mutterl.*) Nach dret. Tagen Willy warst.
