3048 3608
790 2426 925 2618 r.
719 2803 885 2973 i 1
934 520 1193 715 11119:
942 921 1085 1043 Nr:
895 1170 1138 1334 1721v
1365 119 1573 249 der
2647 484 2807 634 228
2110 480 2335 676 4
1288 551 2871 770 Ja höhne nur; Du hast recht,(Schwach bin
1312 701 2703 932 ich gewesen und feig, glücklich und
1345 814 1577 929 feig.
1215 911 2847 1166 Also Deine Ktreiss heut Abend, die sollte
1221 1049 2402 1213 wohl eine Art Rucht bedeutend
1162 1148 1341 1235 Flucht
1217 1191 2809 1379 woin das sollte sie richt seie wollte mir
1235 1304 2797 1468 da... Ach sie wolltet ich weiss ja nieht
1191 1436 2556 1596 mehr. ich habe geglaubt. noch vor
1124 1551 2643 1731 einer Stunde hab öch geglaubt, dass sie
1136 1667 2659 1833 mir folgen we. Aber wie dachte sie
1136 1792 2635 1958 sich denn sigentlich all dast Menn ich
1160 1940 2606 2078 heute Abends fort wäre, sie vergebene
1168 2066 2661 2201 erwartet hätte in irgend einer frenden
1148 2136 2610 2361 stadt.. Da musste sie nicht, dass ich
1118 2315 2523 2462 zurückgekommen wäre, dass ich sie..
1073 2392 1642 2535 dass ich sie..
1098 2511 2566 2693 du hättest sie nicht getötet, ch nein
1094 2635 2659 2813 das ist ein frrtun. Du bistmnich von der
1089 2768 2628 2973 non, die sic töten (das ist jetzt kler
1162 2886 2695 3046 genorach du bist von denen, die den Bil
1124 3005 2533 3177 dern die Augen ausstochen. Du wärst
1027 3104 2592 3283 zurückgekonmen und wieder ihr geliebter
