2885 4984
1571 573 1876 695 Von tämätigsten wurde zwischen.
1160 1010 1991 1253 Dornboy 17/7 88
791 1195 2018 1389 Theuerster alles Freunde
641 1379 2104 1634 Ich habe den ersten Schritt zu
674 1546 2106 1752 Besserung, das bekannt sich um
662 1663 2057 1880 schwersten ist - ergriffen und
662 1822 2115 2042 Thüttle den Haub auf meiner
649 1929 2189 2164 feder, Ich aus einer fremden
639 2067 2156 2308 mit der ich mich schreicke aus
639 2218 2100 2409 der meiner vergebeteten
641 2286 2207 2508 Edle; selbe Korn die Neugierde
670 2424 2038 2617 die bekanntlich die Tochter
672 2552 1985 2747 der Weiblichkeit ist nicht
680 2661 1979 2885 bezahmen und steht na,
668 2766 2110 2999 wie es sich gebührt, zur Leite
637 2887 2146 3145 Ich befürde mich wie du sichst noch
701 3036 2032 3178 immer wol u d in meiner
659 3108 2127 3376 Nachmittags Residenz Dornbach
843 3236 2053 3475 doch zum Teufel mit der
643 3376 2185 3574 Geschreibtheit; ich bitte Dich allso
684 3491 2078 3708 faktisch um Verzeisung und
2131 4266 2253 4400 FJ
