3023 4983
686 1023 2115 1225 schwendig, und du mußt dir in
672 1115 2209 1343 lichten Augenblicken entsetzlich
686 1213 2195 1425 bederuensort vorkommen, wenn
710 1288 2160 1458 Du die Pointe deines Lebens
680 1366 2260 1611 in ihr suchte! Hein, es wäre
711 1443 2111 1693 zu blöd noch wien zurükzu¬
702 1564 2158 1756 kommen vuper die höchst sie
678 1631 2236 1878 leicht! u. das warst du deiner
735 1727 2303 1972 jetzigen Stimmung noch zu witeilen,
713 1819 2254 2074 noch nicht in Hände. Ich sage
688 1958 2168 2193 noch nicht; denn es werden keine
706 2025 2117 2303 2 Monate vorzehm und du
700 2152 2166 2395 wirft den Konau für beendet
727 2244 2230 2464 ansehen! Ich will kein Wort
745 2344 2134 2595 aufs verlieren, du weißt je
766 2409 2240 2654 was ich darüber decke u. Denkst
741 2526 2187 2771 grüde 10. Dank'einmal, es
731 2634 2189 2869 giebt ein Deib, jetzt schon, die
733 2691 2299 2975 Dich gerade so lieben wird, die du geradeß
753 2811 2274 3038 lieber wist und die di gleichsteht!
762 2915 2197 3150 Sie existeit schon; du außt sie
1911 3026 2148 3128 schon
788 3095 1431 3250 nur Ei-den.
780 3054 2317 3365 Herr Coky, wd sa wahrscheinlich in Berlin
778 3203 2244 3465 sen. Ich lasse ihn bestensgrüssen.
772 3328 2123 3567 Wenn er nicht auf die über „uns“
904 3452 2340 3669 u sprechen anfang — 10 Spieh gar
821 3567 2315 3771 nicht, daß du etwas von Adell
