3023 4983
1524 548 1731 704 G.C.R.P.
582 982 2027 1150 und mir verhalt: Übrigens ist
596 1093 2134 1294 jetzt insofeme alles geordnet
592 1197 2069 1371 als sowol Frau etc. als er
607 1292 2088 1446 alles von mir u. Adele wissen.
588 1392 2071 1595 Ich soll die besten Grusse von Ihr
592 1501 2120 1724 ausrichten. Ich hab ihr deinen
562 1621 2081 1830 Brief zu lesen gegeben, als
536 1700 2175 1933 haben lange les alles debattirs
601 1854 2067 2027 Wir wollen eine ebenburtige
588 1946 2035 2148 (du weißt, wie ich das verstehe)
625 2104 1785 2299 Schwägerin bikousen.
653 2203 2187 2386 Hier ist alles beim Alten; der
639 2337 2153 2540 gehst nur vievig stark ab und
661 2430 2104 2623 eigentlich freue ich mich sehr
657 2528 2138 2723 wenn die zu Pfingsten kommt
619 2639 2167 2836 aber die J. darf davon nichts
611 2818 1004 2923 wissen
633 2822 2193 2978 was ich dann mit Deinem Thick?
649 2921 2067 3088 Du mußt mir das alles genau
680 3015 2185 3157 schreiben, überhaupt mehr
635 3112 2015 3289 Matrochen als Gefühle
613 3185 2226 3374 den die letztem sind dieselben
678 3313 2116 3504 geblieben leider. Wen du
702 3400 2140 3583 Mère am 3 - y Nomite alber¬
688 3514 2081 3698 waros, dann kontert die
