3785 4968
2506 530 3492 782 1 „ „ • •
911 558 1269 778 1: ̃:
1893 1013 3421 1308 daß sie ein Engel (na
279 1155 1724 1367 Zukunftsausik gemacht
1889 1198 3342 1441 hürich!) - ein wahrer
279 1253 1822 1496 habe! Nichtsdeskoweniger
1885 1288 3409 1540 Eigel; aber wirklich schon
267 1355 1756 1606 ist sie nie doch noch imer
1913 1410 3295 1650 10. Ich finde immer nahr
275 1461 1760 1677 Das Liebste auf die ganzen
1897 1500 3480 1795 daß die deutsche Hause zu arm
291 1555 1858 1779 walt und denn ich dir weiter
1909 1657 3354 1897 ist für uns, und wegen
259 1673 1807 1917 nichts zu Schreiben an Flande
1924 1748 3464 2042 fange ich mit ihr an Englisch
247 1795 1559 2038 bin, 10 mußt du Sil
1940 1850 3382 2148 zu lernen Th. sie wird im
247 1913 1838 2188 dafür zur Rechenschaft ziehen
1932 2027 3103 2262 Unterricht erteilen
192 2027 1677 2258 „Gott wird man dumm bei
1921 2089 3287 2356 Krust die denken, wie
228 2144 1630 2380 dieser sogenannten Liebe
1869 2203 3468 2510 dortheilhaft dieser Unter¬
267 2262 1815 2498 wiss du dir zwey denken
1928 2302 3417 2620 nicht auf uns civirken
283 2353 1736 2639 füge ich hinzu weil sie im
1928 2427 3299 2706 wird. Sollte ich jedoch
283 2466 1728 2734 aber die Opfert in Tapier
1924 2537 3389 2859 zu fälliger weise doch etwas
1901 2624 3354 2969 Wofetieren, 10 krigst
279 2671 589 2855 sieht
244 2694 1756 2950 Noch diesen kleinen Schürzen,
1921 2769 3433 3052 Du meinen nächsten Brief
263 2832 1587 3060 die sich leider aber nicht
259 2879 3425 3334 sagen können, weil die letzt alle beglisch. Du brauchst daraus
259 2930 1807 3185 bis lange noch Untermahl
1897 2981 3323 3291 Seinen Rükschluß auf die
1885 3150 3413 3440 Bürge der Zeit zu machen, in
275 3193 1740 3448 Crainwaz schon in 1/4
1877 3283 3311 3547 dem du meine nächsten
271 3342 1598 3605 auf 11 nach Wien geht.
1909 3362 3429 3637 " lieben Brief gehält.
255 3507 1744 3770 will ich es auch berichten
1924 3523 3468 3786 Wie gesagt ich schwör es die
