3800 4986
2614 569 3105 748 '̃̃ ̃ •̃
2186 1551 2820 1696 Dearest friend
1921 1666 3507 1829 Ich will Frité' Brief an Sie nicht abgehen
1914 1751 3346 1921 lassen, ohne höchsteigenhändig im
1927 1847 2958 1994 paar Zeilen beizufügen!
1904 1918 3509 2059 Freilich, mit Frité geistreichem u. witzigen
1916 1992 3527 2124 Brief, in dem meiner so oft u. so lebend
1916 2061 3517 2216 Erwähnung gethan wird, kann ich's nicht
1910 2145 3405 2281 aufnehmen, dafür will ich Sie aber
1923 2198 3515 2375 wirklich um Entschuldigung bitten, daß
1923 2296 3403 2414 wir si lang nichts von uns hören
1929 2383 3480 2518 ließen, u. Ihnen von etwas berichten,
1935 2434 3488 2575 was feite vergessen hat. Ihre Aphoris¬
1923 2510 3482 2638 men sind nemlich in der deutschen
1904 2595 3543 2681 Wochenschrift erschienen, u. haben uns
1916 2650 3482 2785 sehr gefallen. Schreiben Sie gegenwärtig
1935 2720 3490 2840 etwas? – Wir sind faul über die Mög¬
1921 2793 3519 2952 lichkeit, was Sie schon daraus ersehen
1923 2856 3513 3017 können, daß Frite Ihren Brief erst heu¬
1910 2936 3333 3056 te beantwortet. Aber das tägliche
1933 3015 3445 3168 heraus- u. Hereinfahren ist sehr an.
1923 3085 3433 3250 strengend, Vormittag ist Klinik u.
1935 3166 3435 3303 die große geraæis - also will er Nach¬
1910 3231 3472 3376 mittag von allen Ruh haben - exeejet
1933 3303 3470 3443 nigseif. natürlich. Sonst befinden wir
1935 3395 3460 3503 uns sehr wohl, bis auf eine große
1910 3460 3490 3635 Ischlschnsucht, die aber zielleicht gestellt
1959 3517 3439 3688 werden wird, denn stapa hat mir
