2962 4983
818 1347 2278 1452 Dr. Fritz Kapper Wien, 25/4 1887.
995 1552 1777 1655 dauber Arthur!
734 1655 2291 1826 Solche Lamentable Briefe zu schreiben
757 1760 2272 1906 ist keine Kunst, auch zu 6 Eigsten ich
779 1822 2289 1966 wien zu kommen keine; ich Kann deine
792 1912 2297 2062 Moroxe Stimmung mit obligertes Sehnsucht
792 2032 2328 2147 ch. ex. vollkommen verstehen und
773 2095 2322 2219 würdigen aber nichtsdepowenigen
757 2184 2299 2328 hielte ichs für ein - Unglück, wenn
699 2250 2352 2414 du dich Alwegenlichtest einer Leiden¬
722 2340 2182 2517 schaft nachzugeben, die nicht in
742 2426 2303 2568 kleinem Grade für Dich geradezu¬
724 2505 2192 2683 nachängnisvoll werden kön¬
738 2593 2330 2803 Die Fache mit der J. nicht aussein
714 2677 2247 2856 sonst verunglückst du. Du wirst
738 2776 2210 2938 doch, um das Resultat gleich zu
726 2846 2184 3058 kennen, doch nicht lebelang mit
746 2947 2268 3142 einem Mädchen belassen, die dir
773 3058 2324 3228 in kurzestes Zeit nicht einmal mehr
759 3138 2291 3290 den Reg, der Neuheit u. des Leibes
755 3222 2223 3420 biten kann? Wohne sollte das
746 3302 2291 3487 führen? Du best selbst Hauseidmal zu
736 3403 2282 3594 get für sie u. sollst gescheut genug
771 3487 2309 3672 u alles was ich Dr sagen könnte,
767 3607 2239 3800 di nicht folgt besser sagen zu
790 3705 2239 3849 können. Jedes Wort ist Ver¬
2655 644 2834 738 1/4 1
2165 1189 2330 1339 2
1717 1275 2058 1363 I., Führichgasse 10
