3785 4968
1891 1562 2856 1783 BelGagig d. 21/11
843 1641 2707 1947 Lieber Artkur! Ich könne auf heute Dage die ein¬
783 1832 2759 2101 Rebenzeichen zu geben. Es geht uns trüßer¬
791 1975 2862 2222 Odentlich gut, wir bleiben nach dem aufver¬
884 2158 2841 2374 genden Thädten, Triest, Venedig, Mailand, nach
902 2260 2838 2553 ein paar tige hin, gehen dann nach dem Laup
891 2430 2846 2669 Maggière i. non dort nach Luzern. Vielleicht
843 2566 2761 2782 fide ich ein Loganerhof etwas von dir vor?
840 2666 2903 2867 Bis zum 25/5. Adele gerade dich bestet. Ich ebenso Goldmann den
