6200 4361
5477 422 5763 557 G.C.P.
4920 401 5191 661 1/1
5331 526 5675 718 Sseers
5446 682 5685 849 358.8
5107 708 5336 807 G.C.F.T.
786 724 4753 1010 mich war, war das Zusehen der Geburt einer Weich ein Reichtum an jenem Blicken!
5211 791 5722 968 ....
2546 906 2765 989 G.C.H.F.P.
2041 906 2348 1026 ( v.t.)
5519 937 5696 1109 G.H.F.P.
2863 927 4837 1197 Auf S. 111 Nr. 48 und auf 8. 121 Nr. 80
771 979 2733 1192 Erömmigkeit aus dem Geiste des Zweifels. Ich
5279 1046 5690 1239 IT 4 S20 E
1072 1125 2478 1260 Né à l'œuvre de l'â. — Lecembre
4660 1072 4863 1250 DATES
2863 1104 3676 1364 strafen mich selbst.
776 1182 2733 1411 bewundere die Ehrlichkeit und die Recht des
2910 1307 4863 1546 Es ist sehr gut, daß dieses Buch von Ihnen
802 1348 2817 1604 Ankers in Ihnen - manches ist so philosophisch
797 1562 4909 1734 wie nur ein Faktat der daulfſen Transcendental=da ist, eben aus den Gründen, die Sie in der
817 1749 4831 1921 Philosophie –, end ich kann nicht von dem älteren, Vorrede anführen. Unter den Sprächen in
2910 1864 4889 2098 Versen fehlt mir ein Gedicht von Ihnen, das
828 1885 2811 2098 lebenskundigeren, auch von dem schärfer und
2900 2051 4909 2270 ich als Knabe in einer Weihnachtsbeilage das
838 2124 2707 2296 Prenger bliebenden Geist, der hier rein.
817 2249 4076 2447 männlich und ringend waltet, lernen. Manches und seither in wie herge¬
843 2426 2895 2619 Hier Worte mutet, bis in die Sprache hin¬
3113 2431 4259 2634 „Ich hab Dir viel gegeben,
5467 2473 5711 2624 sse.8
5472 2608 5722 2785 3.2.8
833 2588 2780 2791 ein, die vollendet ist, wie aus der Antike
3145 2588 3910 2780 Gewahr' es gut.
5024 2567 5347 2770 G. J. M. T. B
2551 2712 2879 2895 mmmeuble
5472 2744 5732 2900 xx
2921 2681 4951 2921 Das ist ein wunderbares Gedicht, ein Kypall,
849 2791 1067 2936 ou
5014 2744 5748 3035 B:r O! O/L'S.R.S.!
843 2947 4014 3139 das ist ein Buch, das mich lange begleiten und sollte sichtbar sein.
5019 2999 5711 3171 T S20:2:
2936 3051 5034 3296 Zum Jahrbeginn wünsche ich Ihnen, verehrter Herr
838 3093 2770 3342 wird. Sehr, sehr schön ist es, scheinbar ganz
849 3275 5029 3441 Grifgepaet, doch das Ehebte ist überall spärber. Doktor, viel Liebes und Händiges, und so bliebe
5508 3639 5737 3832 G.C.H.F.P
