6184 3928
523 164 2058 456 Sie 3 1/2
684 382 1679 667 M. glld T-
416 493 2369 885 Ussch. & omer - W M
402 764 1904 1059 nillent à 7
653 948 1991 1247 The Oper. Der Obristel.
516 1227 1934 1525 Seisia Jurtrimenteri
590 1337 3093 1773 Bryrofk in ƀ Rfey Huntmin
1485 1568 2932 1833 if here to until
496 1699 1032 1904 worden.
473 1944 2557 2353 Es jus il montmal so. Wes ne
452 2198 2577 2493 it cirent hette - won't be into
486 2426 2637 2775 gerehrt läderlich erbetilen ihr -
432 2731 1263 2993 N. Moma
563 2882 2627 3224 see but i am nor you were ever
576 3133 1059 3371 Herzog in
784 3167 2346 3552 The get in nesh hufort
798 3432 2396 3767 See parlteri in Handle it
3378 178 5342 570 Es indeß zu Hause... Von Ehe
3355 466 5516 724 erfüllt.... Große Chirurg... die Kries
3308 657 5995 912 schon d. langweitigst. – J. Beym Sie nach
5573 834 5965 985 in sey
3438 908 5345 1213 - auf er begeutert. Nun aus
3361 1086 5265 1387 höhert. Sie ja erweil zubringen,
3378 1284 5821 1625 ermall fährt. In derbei all Schwestern
3358 1525 5526 1833 d. 50 jährig - - Erleibt; Conseil
3378 1736 5375 1987 in speciell. Kopfverletzigen -
3542 1934 5700 2329 Geop. weil de Mutter. End
3462 2162 5463 2453 Sie ich wert nicht? Auf- was
3633 2386 5225 2735 Räg. nichts wehren.
3800 2591 5781 2949 Von die Rache Prof. Scheiben
3569 2895 5694 3200 Ursinn.- A Babstr - d F
3526 3150 5657 3475 da in Beträge zu den, w soll
3814 3405 5607 3666 Selti... Offi a Urkul
3794 3606 5526 3837 Schal.. G. General... Erenlieb
