6200 3992
3480 211 5435 457 “Und 1 mit Christ „ Vielleicht”
832 278 2805 611 C'est vielleur de let Gelegenten
3435 422 5358 678 δυf bem. K.c. Uhr hal
761 515 2431 771 (A n ouilent  de tems
3413 563 5300 947 Unmöglich. Erhalte zu Oster
780 688 1295 870 Stille.
694 771 2684 1088 Aime keu sch. Un ich hinkeit
3375 876 4517 1164 relaib - n
854 1030 2623 1254 fachte - sie pue Su het be
3387 1097 4817 1427 du cœur de plôtres
790 1203 2767 1481 Geliebten Erbrecht an u II)
860 1379 2258 1619 Tnk. Kll an de?
3394 1292 5969 1679 Erdamte gesicht de Oberstelsarztes
886 1545 2553 1791 Une a F. Nelle nd with
3640 1539 5713 1897 See. J - cr ists, des Serenus
905 1695 2812 1980 Jehe la e sujchl.. I Iahut
3547 1820 5531 2130 Führung und Lieb¬
860 1913 2850 2230 in - u w gleichjellig. Mie la tah
2793 2086 2978 2335 Se S
3525 2015 5924 2373 – Et ces Thecretes elles...
886 2134 2671 2409 de N'un, le tout la
931 2306 2780 2578 nebrs at Oulch, fellen
3400 2265 5521 2569 fait de même Féon et betrs
905 2524 2665 2828 En feudrich. jours près
3506 2485 4827 2885 Art. Pipod!
1315 2684 2617 2895 de ttert het nn nur
3666 2709 5393 3026 N., Sie wir 1 Mullage
835 2802 2709 3045 un jouger staet si d'une
3599 2927 5486 3320 Oh - he ist a alle gepast
963 2981 2070 3199 So lächelte er
841 3176 2690 3423 m. un delle dund de sor¬
812 3352 2428 3541 rei betrifte....... Mdort
3637 3394 5291 3698 Öberstr.  ƒweil
867 3429 2690 3682 Heer Acht sonden ist. Edel
5495 3586 5793 3854 für
3512 3624 5352 3880 Geitz fährt wird wir. Juristr.
1116 3640 2847 3816 of the 3, & I, see, he is dort in
