6200 3944
337 185 2559 428 (he hebe Rostenhaft jederckes).
470 376 2147 600 Erhalten u Einzeln - u Beklauf.
311 470 2916 778 -Woge der ganze Geschicht wird R. (Bitt wicht bewis.)
392 791 2138 1032 Sie statt mit entfernt. kan nicht einich.
581 899 2767 1109 Erkennen. Der sehr ist ihr abgereist.
396 1090 1346 1239 und o Vor-Colonen.
688 1168 2151 1340 Es ist cetillert, scheint ist darin.
503 1233 2731 1495 Tels is at Mille in a riie. It in Teley. get
435 1482 1298 1674 dep K vfit ist
668 1525 2569 1791 Tieder und! - Schulpfuhl. Mie u
435 1804 1294 1937 in part him.
538 1888 2627 2082 the Mr. IJ schon - wie d... Richzogm.
577 2086 2709 2225 M knt nicht weil.. Er ist entgeblid...
490 2177 2576 2423 Vosperte in eine Stückkupp kann. Annoge Prud'
438 2336 2115 2553 & First. Friedf ke
756 2407 2757 2718 Me er to theire Ich hat unlegen Beitung! -
568 2566 3017 2923 Kesliff to mein de Bewils. (Sir ist ganz soll)
542 2809 2339 3007 Nis Sarf n2 unt recht witt sagt
568 2984 2533 3237 Ahann ihrer lebt... Sie bekend Tibe.
3344 292 5388 613 Oberstatsezt Rechnungen tres wäre hage ein
5703 328 5917 587 1:-
3302 538 4963 753 dene a will juthen gehabt holl.
3380 678 4084 863 Guty wie jemit
3380 814 4593 1015 Heer A.M. ich welch getoss
3380 960 4927 1135 heb de M. v. Bad. M- gibt.
3399 1087 5401 1418 Mouillis. Heer Obrubt. get vart jus huit.
3409 1268 4288 1421 tret sumf nul
3445 1385 5534 1638 Fleine in einen Anze. See für istet ihr ci
3390 1570 3918 1716 Ourlett.
3471 1680 4489 1917 Ihr erwahr Blick.-
3451 1742 5521 2196 Ce. Al telle. I ferny komme, t bles
3464 2024 5446 2352 in the Ten.  Eich wll corpere
3448 2199 5560 2556 Überdis... just recd H.a p.r pilorb.
3429 2323 4694 2601 drk. is the Will is
3471 2553 4379 2783 of sell he
3494 2770 5184 3033 Also... The well person etc.
3487 2884 4489 3124 I fast Spilnd
3494 3082 5446 3370 Neun th & jetzt  schweifenen daß
3487 3224 5297 3494 et... de quelques de long un
3477 3438 5362 3708 weil er nach... Scurmhippe
3494 3617 5222 3837 Es ist wylet, dit. Man soll
