5543 4360
1797 1132 2341 1246 CHARLOTTENBURG
1089 1156 1334 1330 P. L.
1780 1234 2359 1328 KANTSTRASSE 123
1889 1312 2359 1502 16 Febr. 1906
968 1504 1799 1700 Liebe und verschikter Herr Doctor:
1226 1647 2617 1815 Da ich im Theater im Allgemeinen, und im Lesing. Theater
980 1786 2621 1944 insbesonnen nicht gut höre, und über Ja meres Stück nicht blos aus
999 1913 2593 2077 der Ticht des Gemüths, sondern aus Kenntniß Ihrer Dichtung schreiten
1005 2030 2548 2196 möchte, frage ich Sie und ob es Juni möglich aus, mit das Stück
992 2155 2627 2308 vor der Aufführung zum Lesen zu geben?“ daß Sie meiner anbedingten
1005 2312 2621 2437 Dissertion versichert Sein Dürfen, daß jeder Mißleich Jan Gefälligkeit
1003 2406 2288 2574 ausgeschlossen wäre, brauche ich ihnen kost nicht zu ttheien.
1230 2539 2527 2717 Ich würde mich freden, wenn dieser Wege uns wieder einmal
997 2676 1439 2812 zusammen führten.
1224 2777 1795 2971 Mit freundliebem Größ
1940 2988 2194 3133 er schrifen
2085 3069 2496 3292 Präsindre
3712 1148 4271 1246 CHARLOTTENBURG
3014 1144 3251 1330 P. L.
3712 1226 4271 1312 KANTSTRASSE 123
3804 1289 4260 1453 26. Febr. 1906.
2988 1496 3874 1692 Lieber und verehrter Herr Doctor!
3157 1686 4395 1842 Ich lege Werth darauf zu constatiren, aß die im
2955 1835 4522 1991 getragen. N. Wien. Journal“ erschienen Notiz über die Aufnahme,
2943 1958 4463 2118 ihres Stücks ein Lessingtheater nicht von mir herrührt. Aus¬
2951 2106 4465 2251 nehnes mich. hatte ich selbst Begreyheiten ganz anders. Aber
2936 2196 4268 2357 meine Depesche ist vermuthlich zu spät eingetroffen.
3164 2325 3563 2486 Het sich grüßend
3794 2584 4129 2707 trer ergebener
3888 2691 4285 2857 somittenden
