5083 4489
1349 467 1622 652 INTEN
1767 384 2959 743 houtdinder
2629 794 3815 984 Meiningen, den 28. November 1895.
1058 686 2037 950 HERZOGL. SACHS. MEININGEN’SCHEN
1286 967 1812 1121 HOF-THEATERS.
1946 1238 2899 1442 Sehr geehrter Herr Doctor!
1761 1431 3753 1644 Unsereins muss viel Stücke lesen. Es ist leider in den
1596 1605 3772 1727 meisten Fällen ein mässiger Genuss. Deswegen drängt es mich,
1607 1744 3713 1855 Ihnen zu sagen, wie tief mich die Lectüre Ihres Schauspiels
1619 1855 3735 1966 "Liebelei" berührt, ja ergriffen hat. Das ist echtes Wiener
1613 1969 3878 2091 Leben, das ist ein Naturalismus, den ich mir gern gefallen lasse
1607 2051 3892 2193 Ihre beiden Wiener Mädel sind von hinreissender Wahrheit. Eben-
1616 2145 3855 2310 so finde ich das Verhältniss des Vaters zur Tochter, das Sie in
1624 2339 3818 2427 einer in der Dichtung so ungewöhnlichen und in der Wahrheit so
1607 2410 3812 2549 gewöhnlichen Weise zu schildern den Muth und das Talent gehabt
1607 2535 3881 2669 haben, ganz wundervoll echt. Ich schreibe Ihnen das, weil ich's
1619 2654 3858 2780 Ihnen gern sagen möchte, und leider ohne egoistische Motive des
1607 2808 3784 2905 Bühnenleiters, denn wir werden Ihr Stück kaum bringen können,
1619 2925 3778 3016 wir haben keine Darstellerinnen für die beiden Mädchenrollen.
1607 3013 3852 3138 Ich danke Ihnen für die Freude, die mir Ihr Stück bereitet hat,
1605 3124 3553 3283 und empfehle mich Ihnen, verehrtester Herr Doctor, als
2657 3297 2814 3414 Ihr
2842 3434 3787 3619 hochachtungsvoll ergebener
2953 3625 3681 3883 Paul Hindm
