5819 4408
491 542 977 778 Kleid. Istnau
1453 565 1981 764 ranilzs
749 852 1655 1067 lung täglich.
366 1045 2578 1286 wollen. Ich füge gleich hinzu, dass ich in allen deutschen Lan-
250 1170 565 1297 G.H.F.P.
361 1249 2487 1408 den nicht eine einzige Künstlerin kenne, der ich es zutraue,
355 1374 2586 1476 dass sie Ihre Beatrice so spielen kann, wie sie gespielt werden
355 1465 2623 1610 müsste. Wenn die Hohenfels dreissig Jahre jünger ware, die hätte
349 1610 2578 1689 sie spielen können. Aber zur Beatrice gehört nicht nur eine un-
355 1712 2595 1848 gewöhnliche Kunst der Darstellung, um dies so reizvolle Gemisch
349 1828 2546 1979 der heterogensten weiblichen Empfindungen glaubhaft zu machen,
343 1973 2620 2075 da ist die lachende, unerfahrene holde Jugend ein unerlassliches
349 2035 2609 2203 Erfordernis. Beatrice darf nicht älter wirken als eine sechzehn-
355 2149 2552 2314 jährige Italienerin, sonst geht Ihre so dichterische Weinheit
372 2248 2490 2404 verloren. Die Jugend erklärt und verschönt bei ihr alles. Wo
77 2305 304 2458 G.C.F.S
355 2365 2544 2555 aber werden wir eine Künstlerin in den jüngsten Jahren finden,
361 2478 2546 2637 die die zur Bewältigung der eben so entzückenden wie schwieri-
366 2629 2524 2765 gen Aufgabe gebotene technische Bühnenfertigkeit besitzt? Ich
79 2651 332 2808 G.H.F.S.
361 2725 2609 2896 halte die Darstellung der Beatrice im Sinne des Dichters gerade-
397 2833 639 2918 G.C.H.F.P
361 2827 2507 2952 zu für unmöglich. Der Dichter ist mir darum nicht minder sym-
176 2907 329 3029 G.H.F.P.
361 2947 2609 3108 pathisch geblieben, und ich denke dabei an das schöne Goethesche
349 3066 2597 3191 Wort: "Den lieb' ich, der Unmögliches begehrt“. Ich fürchte also,
355 3185 2595 3313 Ihr Stück wird durch die Buhnendarstellung auf das Niveau eines
97 3179 304 3398 G.H.F.P
349 3304 2603 3429 gewöhnlichen Theaterstückes herabgezogen werden, und daran möch-
105 3367 292 3523 G.H.F.P.
485 3418 690 3500 i 'i 't'' -
349 3429 2617 3568 te ich mich um keinen Preis beteiligen. Wenn es so auf der Bühne
474 3534 792 3665 G.C.F.P.
4045 1016 4965 1181 drein xxxe ach Tiw nach
3492 1073 3778 1189 G.C.H.F.P.P
3497 1124 5439 1294 erscheint, wird es auch nach dem gewöhnlichen Massstabe
3509 1241 5524 1391 teilt werden; dann wird die sehr heikle Scene zum Schlusse
3497 1371 5476 1530 dritten Aktes- die Schein- und Realvergiftung- unter die
4499 1456 4744 1536 et dans
3500 1505 5493 1658 ständen eine Ihren Absichten gerade entgegengesetzte Auf-
4917 1576 5098 1646 ner de
3497 1632 4860 1780 finden; und wenn diese Scene versagt,
4851 1590 5558 1774 ist der Theaterfolg in
4854 1683 5042 1771 G.H.F.P
3503 1763 4931 1888 ganzen Abends aufs schwerste gefährdet.
5013 1788 5201 1888 Mol 13
4780 1800 4962 1879 G.H.F.P.
3651 1805 5467 1984 Das ist meine Auffassung. Ich habe Ihr Stück nicht
4951 1922 5149 1998 G.C.F.P.
3483 1942 5459 2109 tisiren, ich habe nur auf die Frage wegen der Auffuhrung
3483 2075 5445 2180 Berlinger Theater zu antworten, und da muss ich Ihnen ehe
3497 2157 5439 2339 erklären: Wir können das Stück nicht so herausbringen,
3483 2305 5445 2447 es mit meinem künstlerischen Gewissen vereinbaren kann.
3492 2393 5524 2558 deshalb muss ich auf die Aufführung verzichten. Ganz neb
3472 2526 5484 2685 will ich noch bemerken, dass bei uns ganz sicher auch di
3472 2646 5504 2785 surbehörde vom bewussten "sittenpolizeilichen" Standpunkt
3483 2754 5467 2930 unbarmherzig eingreifen würde. Für die fröhliche Sinnlie
3483 2876 5459 3032 der wordeissance haben unsere Herren Censoren in der Amt
3483 2986 5442 3145 Abteilung 1. wie ich glaube, ungenügendes Verständnis.
3483 3100 5487 3253 den leichtgeschürzten Damen Isabella und Lucretia würden
3483 3256 5476 3381 ihrer ganzen Existenz voraussichtlich schwer bedroht wer-
3477 3318 5442 3475 und zahlreiche Stellen würden dem Rotstift des Censors
3483 3429 5453 3597 len. Aber das wären Nebenbedenken, mein Hauptbedencken ist.
