<?xml version="1.0" encoding="UTF-8" standalone="yes"?>
<PcGts xmlns="http://schema.primaresearch.org/PAGE/gts/pagecontent/2013-07-15" xmlns:xsi="http://www.w3.org/2001/XMLSchema-instance" xsi:schemaLocation="http://schema.primaresearch.org/PAGE/gts/pagecontent/2013-07-15 http://schema.primaresearch.org/PAGE/gts/pagecontent/2013-07-15/pagecontent.xsd">
    <Metadata>
        <Creator>prov=READ-COOP:name=TrHtr:version=2.1.0:model_id=51170:date=26_07_2023_05:51</Creator>
        <Created>2023-05-02T07:54:45.879+02:00</Created>
        <LastChange>2023-07-26T05:51:47.975+02:00</LastChange>
        <TranskribusMetadata docId="1416730" pageId="54952081" pageNr="67" tsid="130901666" status="IN_PROGRESS" userId="64420" imgUrl="https://files.transkribus.eu/Get?id=ARXKLETTVOUGFRZZVHWHOFNP&amp;fileType=view" xmlUrl="https://files.transkribus.eu/Get?id=UVCEBVCQLMLVZZFVSJYQHHCN" imageId="44455807"/>
    </Metadata>
    <Page imageFilename="1416730_0067.jpg" imageWidth="3225" imageHeight="3717">
        <ReadingOrder>
            <OrderedGroup id="ro_1711828282774" caption="Regions reading order">
                <RegionRefIndexed index="0" regionRef="tr_1"/>
            </OrderedGroup>
        </ReadingOrder>
        <TextRegion id="tr_1" custom="readingOrder {index:0;}">
            <Coords points="859,809 2089,809 2089,2676 859,2676"/>
            <TextLine id="tr_1_tl_1" custom="readingOrder {index:0;}">
                <Coords points="1327,929 1468,942 1620,905 1715,932 1812,890 1895,901 2035,861 2035,840 1943,798 1801,826 1503,752 1333,764"/>
                <Baseline points="1337,892 1367,889 1412,886 1456,883 1501,880 1546,874 1591,874 1636,871 1680,871 1725,868 1770,868 1815,868 1859,862 1904,865 1949,868 1994,859 2039,862"/>
                <TextEquiv>
                    <Unicode>Taormina, 17.3.1801</Unicode>
                </TextEquiv>
            </TextLine>
            <TextLine id="tr_1_tl_2" custom="readingOrder {index:1;}">
                <Coords points="1021,1173 1916,1146 2057,1171 2058,1082 1977,1067 1421,1113 1292,1066 1024,1085"/>
                <Baseline points="1030,1137 1074,1134 1119,1140 1164,1140 1209,1137 1253,1134 1298,1137 1343,1137 1388,1134 1433,1134 1477,1134 1522,1131 1567,1128 1612,1128 1656,1128 1701,1128 1746,1128 1791,1125 1836,1125 1880,1125 1925,1122 1970,1122 2015,1122 2060,1119"/>
                <TextEquiv>
                    <Unicode>Lieber Freund, besten Dank für Ihren</Unicode>
                </TextEquiv>
            </TextLine>
            <TextLine id="tr_1_tl_3" custom="readingOrder {index:2;}">
                <Coords points="875,1256 2036,1244 2048,1171 1709,1158 1571,1192 1427,1158 1201,1198 878,1149"/>
                <Baseline points="883,1224 886,1224 931,1230 976,1230 1021,1227 1065,1227 1110,1224 1155,1224 1200,1224 1244,1224 1289,1221 1334,1224 1379,1221 1424,1218 1468,1218 1513,1218 1558,1215 1603,1215 1648,1212 1692,1212 1737,1209 1782,1209 1827,1209 1871,1206 1916,1206 1961,1203 2006,1200 2051,1200"/>
                <TextEquiv>
                    <Unicode>Brief. Ich freie mich, Sie so bald wieder zu</Unicode>
                </TextEquiv>
            </TextLine>
            <TextLine id="tr_1_tl_4" custom="readingOrder {index:3;}">
                <Coords points="872,1333 1366,1351 1571,1318 1635,1360 1746,1320 2032,1317 2033,1231 2002,1225 1687,1232 1602,1271 875,1256"/>
                <Baseline points="880,1319 898,1316 943,1313 988,1313 1032,1313 1077,1313 1122,1307 1167,1304 1212,1304 1256,1301 1301,1301 1346,1301 1391,1298 1436,1301 1481,1303 1481,1303 1498,1301 1543,1298 1588,1298 1633,1298 1677,1301 1722,1298 1767,1292 1812,1292 1857,1289 1901,1286 1946,1286 1991,1283 2036,1286"/>
                <TextEquiv>
                    <Unicode>sehn. Wir können gegen Ende März nach</Unicode>
                </TextEquiv>
            </TextLine>
            <TextLine id="tr_1_tl_5" custom="readingOrder {index:4;}">
                <Coords points="862,1413 1289,1445 1445,1406 1605,1445 1764,1394 2036,1409 2038,1339 1776,1318 1617,1364 1549,1320 1174,1370 864,1338"/>
                <Baseline points="871,1382 874,1382 919,1388 964,1391 1009,1391 1053,1391 1098,1388 1143,1388 1188,1385 1233,1385 1277,1385 1322,1385 1367,1379 1412,1382 1456,1379 1501,1373 1546,1373 1591,1373 1636,1376 1680,1376 1725,1373 1770,1373 1815,1373 1859,1373 1904,1370 1949,1373 1994,1373 2039,1364"/>
                <TextEquiv>
                    <Unicode>Von mir werden jeden Tag im Gran haten.</Unicode>
                </TextEquiv>
            </TextLine>
            <TextLine id="tr_1_tl_6" custom="readingOrder {index:5;}">
                <Coords points="856,1522 1470,1528 1995,1480 1995,1433 1853,1443 1746,1396 1607,1445 1098,1407 858,1451"/>
                <Baseline points="865,1471 877,1471 922,1471 967,1471 1012,1471 1056,1471 1101,1471 1146,1471 1191,1471 1236,1468 1280,1468 1325,1465 1370,1465 1415,1465 1459,1462 1504,1459 1549,1459 1594,1462 1639,1459 1683,1459 1728,1459 1773,1456 1818,1459 1862,1459 1907,1459 1952,1456 1999,1457"/>
                <TextEquiv>
                    <Unicode>nach Fragen. Am 20. reisen wir von ihn</Unicode>
                </TextEquiv>
            </TextLine>
            <TextLine id="tr_1_tl_7" custom="readingOrder {index:6;}">
                <Coords points="850,1605 2029,1568 1880,1498 1504,1509 1442,1546 1345,1509 1051,1552 852,1525"/>
                <Baseline points="859,1573 868,1573 913,1573 958,1570 1003,1573 1047,1573 1092,1570 1137,1570 1182,1570 1227,1567 1271,1564 1316,1558 1361,1561 1406,1558 1450,1555 1495,1555 1540,1555 1585,1555 1630,1552 1674,1552 1719,1549 1764,1549 1809,1546 1854,1546 1898,1546 1943,1546 1988,1555 2033,1552"/>
                <TextEquiv>
                    <Unicode>eb, also sind von schon unterwags,</Unicode>
                </TextEquiv>
            </TextLine>
            <TextLine id="tr_1_tl_8" custom="readingOrder {index:7;}">
                <Coords points="872,1678 1919,1665 1920,1607 1859,1568 1782,1595 874,1605"/>
                <Baseline points="880,1659 892,1656 937,1656 982,1656 1027,1645 1071,1642 1116,1645 1161,1642 1206,1642 1250,1639 1295,1642 1340,1639 1385,1639 1430,1636 1474,1633 1519,1633 1564,1630 1609,1633 1653,1633 1698,1630 1743,1630 1788,1630 1833,1630 1877,1627 1922,1624"/>
                <TextEquiv>
                    <Unicode>wenn Sie diesen Brief erhalten. Ich</Unicode>
                </TextEquiv>
            </TextLine>
            <TextLine id="tr_1_tl_9" custom="readingOrder {index:8;}">
                <Coords points="1514,1745 1559,1740 1604,1766 1706,1718 1844,1763 1877,1743 1919,1746 1919,1668 1836,1659 1742,1690 1718,1672 1621,1657 1574,1696 1514,1687"/>
                <Baseline points="1522,1714 1570,1707 1615,1707 1659,1710 1704,1713 1749,1716 1794,1713 1839,1713 1883,1710 1922,1707"/>
                <TextEquiv>
                    <Unicode>Erf. Adresse</Unicode>
                </TextEquiv>
            </TextLine>
            <TextLine id="tr_1_tl_10" custom="readingOrder {index:9;}">
                <Coords points="883,1770 923,1779 1002,1751 1130,1752 1190,1772 1266,1751 1409,1751 1443,1742 1446,1672 1330,1700 1266,1668 1174,1688 1103,1671 1069,1691 886,1675"/>
                <Baseline points="892,1731 910,1728 955,1734 1000,1734 1044,1737 1089,1734 1134,1734 1179,1734 1224,1728 1268,1725 1313,1728 1358,1722 1403,1719 1449,1724"/>
                <TextEquiv>
                    <Unicode>kann Ihnen noch die</Unicode>
                </TextEquiv>
            </TextLine>
            <TextLine id="tr_1_tl_11" custom="readingOrder {index:10;}">
                <Coords points="880,1846 973,1876 1409,1828 1870,1852 2003,1822 2006,1745 1865,1766 1700,1718 1604,1766 883,1770"/>
                <Baseline points="889,1821 934,1821 979,1821 1024,1824 1068,1824 1113,1821 1158,1818 1203,1818 1247,1818 1292,1812 1337,1809 1382,1809 1427,1806 1471,1806 1516,1803 1561,1803 1606,1800 1651,1794 1695,1794 1740,1794 1785,1794 1830,1794 1874,1794 1919,1794 1964,1794 2009,1788"/>
                <TextEquiv>
                    <Unicode>angeben, obwohl von viele Wohnungen</Unicode>
                </TextEquiv>
            </TextLine>
            <TextLine id="tr_1_tl_12" custom="readingOrder {index:11;}">
                <Coords points="877,1922 1968,1931 1969,1840 1564,1825 1174,1874 1045,1843 878,1892"/>
                <Baseline points="886,1901 928,1904 973,1898 1003,1889 1032,1892 1077,1895 1122,1895 1167,1895 1212,1895 1256,1895 1301,1892 1346,1892 1391,1886 1436,1883 1480,1880 1525,1880 1570,1880 1615,1883 1659,1883 1704,1880 1749,1880 1794,1883 1839,1883 1883,1886 1928,1883 1973,1883"/>
                <TextEquiv>
                    <Unicode>in Ansicht haben, doch soll Korn zu</Unicode>
                </TextEquiv>
            </TextLine>
            <TextLine id="tr_1_tl_13" custom="readingOrder {index:12;}">
                <Coords points="893,2012 1416,2030 1608,1990 1764,2027 1950,1996 1929,1938 1723,1905 1619,1941 1464,1910 1357,1944 1306,1917 895,1931"/>
                <Baseline points="901,1988 925,1985 970,1985 1015,1982 1059,1982 1104,1979 1149,1979 1194,1979 1239,1976 1283,1976 1328,1976 1373,1973 1418,1973 1462,1973 1507,1973 1552,1970 1597,1970 1642,1970 1686,1967 1731,1964 1776,1958 1821,1961 1865,1964 1910,1961 1955,1958"/>
                <TextEquiv>
                    <Unicode>Österzeit von Fremde belagert sein.</Unicode>
                </TextEquiv>
            </TextLine>
            <TextLine id="tr_1_tl_14" custom="readingOrder {index:13;}">
                <Coords points="874,2105 994,2131 1049,2099 1559,2102 1754,2054 2005,2057 1992,2012 1467,2038 1335,2005 1118,2032 877,2008"/>
                <Baseline points="883,2074 889,2074 934,2074 979,2071 1024,2071 1068,2071 1113,2065 1158,2065 1203,2063 1247,2063 1292,2057 1337,2060 1382,2060 1427,2060 1471,2060 1516,2060 1561,2057 1606,2054 1651,2051 1695,2051 1740,2048 1785,2051 1830,2051 1874,2045 1919,2045 1964,2045 2009,2039"/>
                <TextEquiv>
                    <Unicode>Ich bin etwas beunruhigt über das</Unicode>
                </TextEquiv>
            </TextLine>
            <TextLine id="tr_1_tl_15" custom="readingOrder {index:14;}">
                <Coords points="878,2185 1433,2203 1992,2154 2055,2188 2072,2075 1693,2076 1485,2130 1338,2082 880,2122"/>
                <Baseline points="886,2158 910,2161 955,2161 1000,2158 1044,2152 1089,2149 1134,2149 1179,2149 1224,2149 1268,2149 1313,2146 1358,2146 1403,2146 1447,2146 1492,2146 1537,2143 1582,2140 1627,2140 1671,2134 1716,2134 1761,2134 1806,2134 1851,2131 1895,2128 1940,2128 1985,2128 2030,2125 2074,2122"/>
                <TextEquiv>
                    <Unicode>allzu heftige Tempe Ihren Reise. Drängt</Unicode>
                </TextEquiv>
            </TextLine>
            <TextLine id="tr_1_tl_16" custom="readingOrder {index:15;}">
                <Coords points="899,2264 1253,2256 1455,2299 1656,2249 2070,2244 2070,2185 1865,2171 901,2209"/>
                <Baseline points="907,2239 910,2239 955,2242 1000,2242 1044,2242 1089,2242 1134,2239 1179,2239 1224,2242 1268,2242 1313,2242 1358,2242 1403,2239 1447,2236 1492,2236 1537,2233 1582,2230 1627,2230 1671,2230 1716,2233 1761,2236 1806,2230 1851,2227 1895,2227 1940,2224 1985,2224 2030,2221 2074,2218"/>
                <TextEquiv>
                    <Unicode>es dann gar so sehr? In jetzt der</Unicode>
                </TextEquiv>
            </TextLine>
            <TextLine id="tr_1_tl_17" custom="readingOrder {index:16;}">
                <Coords points="929,2374 1442,2359 1506,2320 2085,2320 2087,2255 1941,2293 1708,2262 1467,2302 1260,2258 930,2281"/>
                <Baseline points="937,2334 970,2334 1015,2334 1059,2334 1104,2331 1149,2331 1194,2331 1239,2328 1283,2328 1328,2325 1373,2325 1418,2322 1462,2319 1507,2319 1552,2319 1597,2316 1642,2316 1686,2316 1731,2316 1776,2313 1821,2310 1865,2310 1910,2310 1955,2307 2000,2301 2045,2304 2089,2307"/>
                <TextEquiv>
                    <Unicode>herrlegte Wetter, wie leben wie im</Unicode>
                </TextEquiv>
            </TextLine>
            <TextLine id="tr_1_tl_18" custom="readingOrder {index:17;}">
                <Coords points="935,2420 1219,2464 1320,2424 1486,2454 1668,2414 2023,2448 2069,2440 2072,2369 1916,2333 1760,2369 1654,2342 1384,2378 1213,2344 936,2362"/>
                <Baseline points="943,2412 955,2409 1000,2412 1044,2412 1089,2415 1134,2418 1179,2418 1224,2415 1268,2406 1313,2406 1358,2406 1403,2406 1447,2403 1492,2403 1537,2400 1582,2400 1627,2394 1671,2394 1716,2391 1761,2391 1806,2385 1851,2388 1895,2388 1940,2382 1985,2382 2030,2382 2074,2382"/>
                <TextEquiv>
                    <Unicode>Traum. Ich schreibe sehr schlecht, da rig</Unicode>
                </TextEquiv>
            </TextLine>
            <TextLine id="tr_1_tl_19" custom="readingOrder {index:18;}">
                <Coords points="916,2518 1026,2550 1363,2519 1471,2552 1550,2503 1687,2533 2066,2506 2067,2454 1981,2429 1219,2464 919,2412"/>
                <Baseline points="925,2486 952,2492 997,2495 1041,2495 1086,2495 1131,2495 1176,2498 1221,2495 1265,2495 1310,2492 1355,2492 1400,2489 1445,2489 1489,2486 1534,2486 1579,2480 1624,2483 1668,2483 1713,2480 1758,2480 1803,2478 1848,2475 1892,2475 1937,2475 1982,2475 2027,2478 2071,2475"/>
                <TextEquiv>
                    <Unicode>fente schon 2 Stunden gewoben tat habe.</Unicode>
                </TextEquiv>
            </TextLine>
            <TextLine id="tr_1_tl_20" custom="readingOrder {index:19;}">
                <Coords points="898,2589 1498,2629 1577,2591 2055,2598 2057,2533 1886,2501 1691,2559 1561,2506 1471,2553 1361,2519 1173,2553 899,2531"/>
                <Baseline points="907,2579 940,2582 985,2582 1030,2582 1074,2582 1119,2582 1164,2582 1209,2579 1253,2576 1298,2576 1343,2573 1388,2573 1433,2573 1477,2573 1522,2570 1567,2573 1612,2573 1656,2573 1701,2570 1746,2570 1791,2567 1836,2567 1880,2564 1925,2558 1970,2561 2015,2561 2060,2561"/>
                <TextEquiv>
                    <Unicode>Verzeihen der dfr. Jule gänzt Sie.</Unicode>
                </TextEquiv>
            </TextLine>
            <TextLine id="tr_1_tl_21" custom="readingOrder {index:20;}">
                <Coords points="936,2703 1017,2683 1150,2730 1332,2677 1950,2683 2009,2669 2011,2586 1773,2626 1574,2592 1498,2629 1416,2602 1028,2629 939,2592"/>
                <Baseline points="946,2657 973,2660 1018,2663 1062,2663 1107,2666 1152,2666 1197,2666 1241,2666 1286,2663 1331,2660 1376,2657 1421,2657 1465,2657 1510,2654 1555,2654 1600,2654 1645,2654 1689,2651 1734,2648 1779,2642 1785,2645 1791,2645 1836,2645 1880,2645 1925,2642 1970,2642 2015,2636"/>
                <TextEquiv>
                    <Unicode>Nun einen großen Geselle will</Unicode>
                </TextEquiv>
            </TextLine>
        </TextRegion>
    </Page>
</PcGts>
