3268 3623
1407 1001 1966 1078 Unter R. Weiter Allen i
1560 1064 1734 1134 19.X.02
1066 1079 1230 1203 J. W.
1404 1195 2286 1263 Lieber Freund; gestern bin ich von Berlin
1400 1243 2269 1311 zurückgekommen und hörte sofort von
1404 1298 2336 1358 allen Seiten, dass Sie einen Buben haben.
1403 1339 2308 1406 d. L. Zube hat es erfahren und mit
1404 1391 2325 1446 die verschiedenen Quellen genannt. Nemen
1302 1427 2354 1488 herzlichsten Glückwunsch! Ich ohne Ihre Freude und
1315 1492 2361 1539 weiss aus mir selbst, was man fühlt, wenn nun
1315 1520 2359 1579 auf einmal der Stsour der Geschlechter durch
1315 1580 2344 1632 einen Eindurchrinset. Aber über Sie war ich ver¬
1327 1636 2329 1683 stimmt. Ich scheine also doch gar nichts bei
1341 1657 2278 1723 Ihnen zu gelten, da Sie mich nicht eines
1332 1690 2361 1780 Hörbleins darüber für wert hielten. Ich kenne
1332 1753 2363 1809 den Grund nicht; Julie, die sich sehr gefreut
1675 1796 2357 1859 hat ach auch vergeblich den
1338 1809 1598 1862 hat übrigens,
1344 1843 2342 1907 Kopf zerbrochen denn Sie sollten mir wissen
1356 1886 2338 1952 ver alles davon spricht. Gut, mag es sein
1347 1935 2316 1990 ich will nicht urteiler, ich will mich mit
1356 1982 1808 2044 Ihnen freuen. Ihr
1935 1998 2248 2071 4 asermann.
