4244 3722
2689 379 3038 477 WIEN XIX.
1205 367 1679 513 JULIE WASSERMANN.
2620 410 2928 487 HAASGRABEN
2612 474 2930 567 VILLA WASSERMANN
1336 526 3323 659 gemeinen Tratsch,
1343 626 3297 751 einer kriminellen Handlungsweise bezichtigt wurde. Die Sache war so
1343 731 3305 849 wenig vage, dass Dr. Oskar Samek, der Freund von Karl Kraus sich veran-
1333 777 3315 928 lasst sah, zu intervenieren und mir schriftliche Genugtuung verschaffte.
1802 915 3279 1028 Sicher wussten Sie bis heute nichts von meiner Versüh-
1336 974 3271 1120 nung mit Jakob, sonst hätten Sie wenigsten aus Rücksicht für ihn
1343 1110 3292 1190 einer gewisse Verschleierung sich befleissigt. Es ist mir unbegreiflich,
1338 1161 3248 1279 dass Sie, demals Psychologo genau bewusst sein muss, dass an solchen
1338 1251 3369 1387 Ehrabschneideungen immer etwas hängen bleibt und dass für den Betroffenen
1343 1359 3289 1466 die Lebensspähre geradezu unerträglich sein muss, in der, derartige An¬
2838 1372 3407 1536 kann Blossstellung
1333 1464 3302 1556 schuldigungen wuchern. Nur eine wirkliche Feindseligkeit, die Verworzung
1338 1515 1725 1587 meiner Person
1336 1513 3207 1654 wie Sie dies getan haben, erkären. Zudem weiss die
1338 1636 3341 1723 Oeffentlichkeit durch eine bestimmte Stelle meines Buches über Jakob Was-
1338 1679 3351 1813 sermann, dass Sie bereits vor dreissig Jahren im Haus meiner Eltern freun
3269 1772 3366 1836 Fo
1336 1820 3323 1897 dschaftlich verkehrt haben, so dass man schliessen muss, Sie werden wohl
1343 1882 3292 1969 Ihre Gründe gehabt haben, ein solches Zerrbild von mir zu schaffen. Der
1338 2000 3341 2077 Zweck meines Briefes ist die Anfrage, wieso Sie, den ich bisher für mei
1336 2077 3323 2171 nen Freund hielt mir etwas derartiges antun konnten. Aber auch Jakob hab
1338 2159 2123 2269 ben Sie damit etwas angetan.
1336 2238 3323 2374 Nach seinem, wie nach meinem Geschmack wäre es gewesen, dass unsere Ver-
1336 2351 3287 2425 söhnung anonym bleibt. Ihre Handlungsweise belehrt mich, das dies künf-
1595 2410 1789 2461 G.C.H.F.
1341 2433 3225 2538 tighin nicht möglich sein wird und dass ich auch nach aussen hin den
1328 2510 3389 2602 Schutz seiner Freundschaft werde geniessen müssen. Sonst würde ich ja ris¬
1328 2615 3289 2697 kieren, dass im Laufe der nächsten Jahre ähnlich Ehrabschneidungen wei-
3197 2625 3425 2748 glauben
1343 2687 3335 2789 terhin gedeihen, und ### von jenen ins Leben gesetzt werden, die xxx
1151 2715 1541 2861 sich dadurch
1333 2792 3338 2900 bei gewissen Leuten beliebt zu machen. Ich werde alles, was in xxx
1328 2902 3317 2987 meinen Kräften steht tun um dies unmöglich zu machen und rechne insbeson
1333 2977 3241 3089 ders auf Jakobs Hülfe. Aber auch Ihre bekannt vornehme Gesinnung muss
1338 3038 3305 3143 sich jetzt erweisen. Ich erwarten also Ihren Brief indem Sie meine Frage
1333 3125 3235 3207 beantworben und mir auch mitteilen, was Sie zu unternehmen gedenkenum
