4504 3640
2649 412 2762 507 II!
3071 921 4149 1102 ist jeder sehr recht, nur der
3078 1027 4224 1206 Dehmel - Ansorge - Abend nicht
3063 1152 4223 1310 weil wir dazu gehen. Hoffent¬
3038 1247 4191 1403 lich kommen Sie bestimmt.
3086 1342 4235 1494 Ich bin sehr traurig, habe noch
3066 1437 4229 1566 keinen "einsamen Weg" und
3057 1518 4204 1658 freue mich so darauf es zu lesen
3051 1598 4215 1722 Es soll dies aber keine Anspielung sein
3020 1655 4188 1759 Ihnen ein Buch zu entlocken, habe schon a
3036 1705 4189 1806 Fischer geschrieben. Sie beide und den lieben Ho¬
3024 1756 4235 1845 grüßt herzlichst Ihre Julie Wassermann
