3230 3780
1304 1012 1834 1110 Liebes gero Doctor,
1353 1168 2058 1266 Bis gestern nachmittag war
1140 1201 2051 1313 ich mit meinen Verwandten und
1156 1282 1980 1382 Gold im Edlager – hat. Ich will
1168 1324 2019 1426 Ihnen gleich lagen, daß dies ein
1163 1387 2065 1476 elegantes und bequemes Hotel
1177 1436 1998 1535 ist, und die können einen
1176 1481 2076 1571 kurzen Winteraufenthalt dort
1175 1545 2118 1630 woglos wagen. Es ist etwas keine
1176 1588 1992 1688 aber alles vom Rang eines
1177 1622 2076 1739 wiener Gottes erster Güte. Jetzt
1182 1706 2028 1796 sind wir auf dem Sammering
1188 1744 2089 1863 dog nicht im großen Siebahnxx.
1203 1810 2023 1902 Hotel auf das Spitze, sondern
1169 1884 2078 1955 weiter unten im un heinbaren
1246 1917 2086 2016 Gesamm.“ Gott sei dank! Denn
1189 1978 2085 2079 dort dorten wimmels es von
1187 2024 2076 2118 Zudem recht unang anahmer Art.
1205 2088 2140 2179 Gold und ich waren zum krykünge
1203 2147 2013 2250 oben, und tühlten uns ein
1211 2205 2034 2292 wenig angewidert von der
1221 2251 2065 2331 atmiliphäre, die der gewisse Geist
1215 2305 2050 2398 verbreitet, und nach mehr der
1224 2352 2108 2449 gewisse Gesellschaftston- und Witz;
1210 2436 1586 2503 die wissen sa¬
1468 2447 2115 2574 Wir jeden gevolige Tage
