4244 3722
2605 376 2829 454 WIEN XIX.»...
2011 371 2156 522 -3 -
1142 394 1578 540 JULIE ASSERMANN
2541 439 2836 490 HAASGBABEN
2533 470 2854 571 VILLA WASSERMANN
1163 542 3075 701 um mir Genugtuung, soweit dies überhaupt möglich ist, zu geben. Jakob
1186 662 3106 758 sagte mir gestern, dass er heute Abend bei Ihnen ist, vielleicht haben
1173 760 3091 856 Sie Gelegenheit sich mit ihm darüber zu beraten. Ich möchte noch hinzu-
1181 825 3036 939 fügen, daß ich nicht erst aus Ihrem Roman erfahren haben, dass ich
1186 911 3148 1038 durch den allgemeinen Tratsch der Kuppelei beschuldigt wurde. So hat Ju.
2411 981 2831 1038 aus den Ballesskurs
1186 1022 3130 1121 dith xxx vollstunde mir den Namen eines Mädchens genannt, die ihr
1186 1098 3187 1217 krass ins Gesicht sagte, dass in dieser Weise von mir gesprochen wird und
1186 1207 3080 1295 zu meinem namenlosen Kummer ist erst in allerjüngster Zeit Eva in der
1186 1277 3187 1396 Schule ähnlich beunruhigt worden. Es ist also höchste Zeit dass dieser Un¬
1181 1394 3265 1482 bill ein Ende gemacht wird. Eine Copie dieses Briefes schicke ich an Dora
1178 1471 3109 1588 und eine behalt ich mir für Jakob, eine für eine Freundin in Berlin und
1178 1552 1720 1658 eine für Dr. Samek.
1881 1575 2515 1708 Mit den besten Grüssen
2478 1671 3257 1876 Julie Wassermann
