3268 3623
234 447 408 525 V.
1126 896 1836 989 Wien XIII/9 Unter St. Feiter selber:
1345 976 1607 1054 22. 9. 0 4
1323 1122 2219 1224 Kleber Freund, ich vermut. Sie schon wieder
1364 1166 2213 1250 Wien; wir mußten Iuell von Ausser¬
1369 1201 2242 1294 dei Witterung wegen, Julies und der
1163 1221 1309 1274 him in
1169 1237 2182 1336 Kinder wegen hatten eine krägaziöse tährt, bei
1165 1262 1326 1310 abreisen,
1174 1268 2254 1373 den ich mehr Dienstmann, Rückträger, Hausmüdchen
1181 1313 2206 1412 was als Meuch. Wie sehr ist man doch
1193 1356 2208 1455 auf den „Egoismus' Fin“ angelegt, datz man
1189 1393 2151 1484 gleich aus allen Fugen geht, wenn das
1202 1436 2188 1536 Mittagessen nicht zur rechten Minute auf
1206 1458 2258 1571 den Tisch kommt. Bei uns u. es nun wagen.
1219 1512 2253 1605 lang der Fall und deshalb wo ich oft auf dem
1221 1548 2203 1649 Runkt an mir und ver Welt zu verzagen.
1219 1595 2226 1696 So matt hier die Szembolik klinge, so wahr ist,
1217 1637 2230 1724 was ihr zu grunde liegt. Eigentlich laute Klei¬
1219 1675 2226 1761 nigeteiten, und mein, mützte nur einmal ein
1223 1705 2155 1793 bein brechen, um zu gewahren, datz das
1239 1743 2191 1848 geförte Seelenleben gar mehr 16 träglich zu
1241 1774 2260 1872 nehmen ist. Aber wenn man Romann schreibt
1245 1832 1957 1903 will man durchaus keine erleben.
1481 1853 2266 1964 Ihren Heinrich Mann habe ich gelesen. Ich
1232 1911 2266 2009 lage ausdrücklich „Ihren“ denn er ist mehr meiner
1254 1944 2200 2046 geworden. Ich erkenne alles mögliche an, was
1255 1970 2226 2070 Sie nur wollen: Begabung des Wortes, des
1259 2015 2292 2105 Bildes des Verlags der Goraitteritierung, jezage,
1259 2057 2207 2136 doch ich will nichts davon wissen, es läge mich
1259 2081 2188 2174 Halt von oben bis unten, weil mit kalt
1231 2113 2239 2206 wenn ich der gleichen lese, – gemöge! ge¬
1243 2156 2182 2237 xx gemacht! Ich finde Kamerlei innere
1245 2164 2273 2280 - Notwendigkeit in diesem Buch. Ich finde deshalb
1272 2208 2264 2315 durch keine eigentliche, tiefere Wahrheit da¬
1278 2260 2257 2356 rin. Es weitz seine Gestalten vortrefflich hin¬
1279 2288 2285 2389 Zustellen, aber ich glaube ihm nicht und ihnen
1271 2320 2230 2424 nicht. Eine Zauberlaterne. Sie werden ein
1274 2355 2254 2460 erwidern; eine schöne Zauberlaturne ist auch
1291 2387 2215 2487 was Schines. Ja, aber dann muß ich der
1291 2425 2272 2519 Autor nicht geborden, als wopfe er aus dem
1283 2460 2285 2547 tiefsten Weltenbrunnen. Ich sehe überall nur
1297 2495 2231 2578 Misverhältnisse, Schinscheit, Gewaltsamkeit, er¬
1309 2526 2278 2615 klügelte Wirkung. Darf ich von der "Idee"
1307 2561 2200 2655 sprechen? Ich glaube, wir haben uns schon
