4219 3719
3121 337 3210 436 A
2601 627 3062 737 Allamiee, 10.7.23
1961 855 2235 964 Liebster Arten,
1958 960 3235 1047 schade, dass Sie nicht kommen. Da hatte mich sehr getreut, und
1858 1006 3204 1113 von halten so manches miteinander ausstochen können. Im Sonnen
1867 1083 3299 1172 und auf dem Land spricht sehr noch eins vieles besseh. wollen sie es
1877 1122 3217 1211 nicht noch möglich machen? „Ist die Verbindung nicht blos eine
1888 1208 2143 1281 eingebiedste ?
2116 1247 3217 1334 Ich wäre froh, wenn sie mit den Vita-Santen ver¬
1929 1277 3244 1393 handelten. Ihre Verpfurchtung wäre gering und man zahlte Ihnen
2034 1320 3301 1437 Prelioner sich hlich. Inmechnis etwas. Sie brauchen uns anzurücken
2032 1393 2875 1486 um den Besuch des Dr. Brandt bitten.
2116 1443 2859 1557 Halen sie die voytich bekommen?
2446 1548 3135 1664 Es gewiß Sie heizlich sei freund
2795 1653 2991 1740 Jakoow
