3230 3780
1624 794 2034 914 Wien, 3.1.99
1703 892 2047 976 Unsemmstr. 8.
1228 1070 1590 1190 Lieber Freund,
1375 1248 2100 1348 Ja ich habe Ihre Zimdorfer
1095 1315 2129 1405 Karten bekommen (noch in Ausser)
1103 1395 2165 1470 und habe mich Kindich damit gefreut.
1124 1438 2072 1533 Spade, daß ich nicht dabei war, in
1117 1500 2195 1588 Mürnberg und Ziondorf; ich hätte Ihnen
1126 1555 2196 1626 Vieles gezeigt, das Ihnen so wahr hein¬
1132 1613 2192 1689 lich u überkannt geblieben ist. Seit acht
1142 1661 2232 1744 Tagen bin ich wieder hier und komme
1124 1737 2209 1808 mir ganz krank vor in der Stadt.
1137 1791 2140 1865 Es ist heutzlich. Ich freue mich, Sie
1139 1836 1661 1921 bald wird erzusehn.
1370 1888 2216 1988 Mit Einiges sind die. Unter¬
1132 1951 2176 2016 Sandlungen im Gange.“ Das ist doch
1144 1998 2228 2078 so die ein schlägige schräfe, heimt mir.
1161 2032 2158 2129 Aber des „Gang“ dieses Vater¬
1176 2093 2200 2196 Sandlungen scheint mir ohne Ende.
1137 2147 2189 2236 Er wollte Renate in der Rundthau
1129 2184 2200 2271 drücken und 750 fl zahlen. Dann
1113 2234 2163 2325 würde aber das Buch erst Ende
1125 2300 2098 2358 Dept. 1900 er Namen. Das ist ein
1126 2337 2232 2416 aber unmöglich. Wenn ganze Produk¬
1125 2391 2178 2457 tion würde gehemmt und vergaben.
1142 2433 2200 2508 Bis dahin ist der Eifbrize Roman
1143 2454 2245 2567 Fertig und was dann? Wieder um
