4504 3657
1439 1280 3068 1445 Zur Verwirklichung des Projektes muss eine Geldsumme aufge-
1439 1402 3101 1534 bracht verden, deren Ausmass vorerst beschränkt werden soll.
1434 1506 3125 1641 Es ergeht an wenige ausgezeichnete Menschen die Aufforderung.
1430 1597 1658 1703 für das
1801 1645 2801 1764 THEATER DER FREUNDE
1439 1775 3110 1903 ein Fundament zu schaffen. Als Mindestbetrag sind 100 Kronen
1432 1851 3058 1990 festgesetzt. Die Zeichnungen erfolgen auf der beiliegenden
1434 1975 3179 2066 Zeichnungskarte vermittelst des beiliegenden Posterlagscheines.
1434 2059 3107 2142 Am Schlüsse des Spieljahres wird der Kassierer den Zeichnern
1439 2146 3103 2246 Rechnung legen, der auch bei einer etwaigen Liquidierung des
1439 2226 3092 2333 Unternehmens die verbliebenen Beträge zurückerstatten würde.
