3230 3780
1036 939 2089 1111 ein Jahr verhieben? Burg, das
1026 1024 2114 1160 kann ich nicht. Wenn es wenig,
1024 1096 2085 1217 tens im Mai oder zum ginge.
1044 1136 2121 1290 Jetzt fühle ich mich zu jeder Ar.
1030 1196 2083 1332 beit untauglich, solange diese
1018 1267 2133 1398 Dinge nicht ent Zieder sind. Fiche
1033 1310 2153 1448 will mich auf 5 Jahre verpflichten
1060 1376 2085 1507 Vielleicht besprechen Sie einzelne
1044 1419 2128 1555 Runkte des Contraktes mit ihm.
1055 1460 2119 1601 Ich bin unprächtlich und b vallos
1049 1532 2110 1658 und bald geneigt, zuzustimmen,
1054 1596 2105 1712 aus Furcht vor langetnigen
1064 1644 2136 1794 Erörterungen. Bei Ihnen bin ich
1071 1687 2155 1833 des wahren Interesses zwey da
1968 1743 2085 1797 die
1065 1753 1910 1890 rum als diese Klagen,
1069 1797 2178 1935 Ihnen vielleicht müssig seinen
1314 1844 2182 1961 Nun grieße ich Sie herz¬
1350 1910 1923 2011 lich! Ihr kreine
1597 2021 2082 2125 Oakobarassum
