4504 3640
3410 2388 4057 2482 Der „Molog“ zweiter lustig
3134 2447 4057 2553 vos worts nur ich bin dabei wie noch
3140 2454 3377 2518 Rund Jau.
3298 2523 4000 2618 Wer sind gegen Ende März in
3146 2550 3258 2603 in
3175 2586 3995 2660 Rom. Es dahin werden Sie unsern
3179 2612 4030 2715 Adresse noch erfahren. falls Ich alle
3182 2650 4044 2751 keine Verbindung nach Finden und
3198 2685 4050 2789 Ansicherheit aufstehen sollte; Frage
3212 2720 4096 2829 ich im Onivinal oder im Grau
3212 2775 4012 2868 Hotel nach und hoffe Sie so zu
3229 2819 4051 2908 treffen. Jäler gingt Sie herzlich,
3242 2866 4057 2963 und freut sich ebenso auf Sie
3267 2932 3670 3015 wie ich. Ihr
3824 2960 4114 3025 Kassermann
3245 3071 3665 3145 Schwerber, die bald.
3154 3118 3712 3197 Wir nur bis 20. hier.
