4536 3658
1311 397 1724 583 Wasserman
2498 471 3163 683 Wien, Februar 1918.
1619 646 2916 781 Die Verfasser des manifestes zur Gründung des
1826 772 2948 900 " THEATERS der FREUNDE"
1462 851 3291 970 fühlen sich verpflichtet, den subskribenten Rechenschaft über ihre
1467 947 2036 1073 Tätigkeit zu geben:
1626 1029 3326 1143 Vom Frühjahr bis zum Ende des verflossenen Jahres wurde nach-
1458 1159 3298 1250 einander die Aufführung von drei Bühnenwerken mit Eifer in Angriff
1453 1241 3305 1325 genommen. Schwierigkeiten technischer und persönlicher Art liessen
1451 1323 3326 1455 keinmal die Arbeit glücklich enden. Jnzwischen sind die politischen
1448 1425 3305 1516 Dinge anders geworden, als letzten Ostern angenommen werden durfte.
1444 1514 3268 1607 Die schwerste Teuerung macht zurzeit die Anschaffung auch des be-
1453 1595 3284 1728 scheidensten Bühnenapparates ohne grosse Geldmittel unmöglich. Zu-
1448 1672 3263 1796 gleich musste die Fortdauer des Krieges empfindlich auf die beste
1451 1775 3000 1908 Neugierde des Publikums und der Künstler zurückschlagen.
1619 1880 3345 1980 So zogen innere und äussere Umstände unsern Plänen unsachliche
1458 1948 3310 2043 Grenzen, die wir notgedrungen respektieren mussten. Erschwerend kam
1451 2046 3207 2176 hinzu, daß ein kleiner Teil des subskribierten Kapitals von den
1451 2120 2587 2235 bisherigen Unternehmungen aufgezehrt war.
1607 2223 3286 2337 Jn der Zuversicht, daß die Subskribenten unserer Sache Jhrem
1448 2300 3296 2433 Jnteresse Geduld gesellen werden, suchen wir weiter nach der Erfül-
1451 2384 2095 2505 lung unserer Absichten.
1607 2458 3349 2610 Beim Abtasten neuer Projekte zeigte sich in letzter Zeit durch
1444 2587 3196 2692 die Bereitschaft vielleicht wertvoller Kräfte zur Mitwirkung an
1448 2664 3219 2780 unsern Aufgaben die verlockende Aussicht, unsere Arbeit über den
1453 2750 3307 2874 starren Kreis des zünftigen Theaters hinauszutragen, ein Versuch, der
1586 2843 1987 2909 que vous m'avons même
1446 2874 3310 2979 natürlich Zeit braucht, soll dabei so viel gewonnen als gemagt wer-
1446 2953 1584 3049 den.
