4536 3689
2350 734 2556 856 lise
1590 814 2053 877 JAKOB WASSERMANN
1596 853 2058 932 ALTAUSSE (STEIERM feak)
1828 896 2234 1009 Berem. Westend
1641 956 1773 1055 3.3.
1880 981 2231 1098 Lindenallee 43
1953 1078 2258 1171 26. 12. 27.
2167 1237 2424 1318 Lieber Arten,
2116 1251 3142 1406 Sie kennen zweifeltes jene sorte von Bewunderau,
2032 1335 3169 1465 die a.ch mit einem gewissen Nachdem darauf verlegen,
2035 1370 3207 1509 mmer am wenigsten betrachtsliches weit zu den itisamel
2044 1427 3198 1568 zu neben, woraus Klařlia folgt, dann s. e. s. en damit
2039 1477 3146 1604 einen freisset schaffen, alles einige ignorieren
2048 1520 3191 1668 zu dürfen. Aber sie werden nun wohl mehr zu
2048 1586 3160 1717 dieser lästigen Katogorie zählen, soll ich mein
2047 1639 3164 1772 meingeschränktes Entzücken über ihre. Spincke
2041 1651 3224 1833 und Bedanken “annere. Es liegt ja in der Voiten
2047 1740 3243 1886 der Sache, dass einem hier der keisch unmittelbaren
2053 1789 3176 1947 und unverkennbares entgegentritt, am reiner hoher
2054 1840 3149 2012 stolger unbestochlicher Beobachter der Weltdinge.
2069 1907 3181 2044 Gosé Ostega hat das treffende Detail in einem
2088 1962 3178 2110 konnstwerk als „Varenstibes“ bezeichnet, den
2076 1993 3197 2158 der Lesen empfangl. Solche Warenstücke giert es
2070 2072 3094 2229 anzäherge in dem Bändchen, von dem ich
2066 2119 3192 2265 übrigens glaube, dass es unsterblich sein und
2088 2177 3158 2327 wie die kaumen von Vanverkargner oder
2096 2238 3185 2384 Larochefoncaued. Doch diese haben zumeist und
2081 2316 3268 2449 angen, nie aber ist ein liebendes und leidenem
2099 2360 3239 2519 weg, dadurch sehr ihre Sammlung höher, ich
2100 2429 3282 2570 Herme überhaupt mehr derartiges in der Literatur
2109 2484 3237 2622 war eine solche Verschmelzung von Strenge und
