3301 3640
1364 885 1520 1043 W.C.
219 1148 1580 1320 vernünftig finden, schreiben Sie an
1707 1114 3076 1304 Haus ist, ist es nicht nothwendig
261 1261 1583 1413 Berger oder sonst jemanden dabei
1718 1261 3056 1402 noch von Staub dazuzu¬
1698 1351 3154 1498 bringen. Das Hausieren kommt mir
218 1369 374 1496 Aber
428 1377 1553 1536 bitte, nur, wenn Sie es Ihn
1716 1447 3167 1638 so schmutzig vor. Ich würde vielleicht
181 1442 1433 1627 nicht zuwider ist, aus irgend
1734 1545 2900 1709 alles im Schreibtisch lassen.
178 1573 1623 1739 einem Grund, oder wenn Sie nicht
1754 1638 3080 1812 Wie nett und gut von Ihnen,
167 1661 1567 1854 irgend welche Bedenken haben.
1725 1730 3145 1919 daß Sie sich um die Essays der
388 1767 1585 1944 Ich finde es sehr lieb, daß Sie
1718 1848 3054 1977 frau des andern kümmern.
143 1868 1592 2069 mich in Schutz nehmen. Jetzt will
1748 1923 3092 2108 Ich danke Ihnen sehr, und bitte
152 1959 1611 2162 ich über das herzliche neue Buch
1703 2035 3078 2196 tie uns lieber nichts zu thun,
118 2082 1538 2264 von Gang schreiben „Michael
1705 2104 3082 2291 als dass sie es lästig finden.
176 2184 1589 2371 Aber wie er an "Geschäftliches" geht,
1850 2215 3118 2392 herzlichste Grüßte Ihnen drein
154 2273 1580 2476 habe ich ein schlechtes gewissen.
1977 2293 2169 2472 Ihre
172 2378 1518 2606 Ich finde wenn ein Dichter im
2089 2412 3111 2663 Inlie Wassermann
