4520 3640
858 848 2142 983 gekommen werden, wie sie wieder
1219 932 2147 1054 XIII/9 Unter St. Veiter Alle 1.
860 941 1086 1035 16/16
884 992 2169 1182 zu unsrer Freude können wie ihnen
894 1094 2140 1246 beiden das Allerbeste vom Zuhause
927 1219 2214 1379 erzählen. Wir kamen gewiss unerwar¬
895 1307 2204 1448 tet, und ich hörte schon im Vorzimmer
919 1386 2182 1538 den Bubi lachen u. hetzen. Das Kind ist
895 1487 2157 1649 zu lieb und süß, ich wollte mich gar
927 1567 2162 1713 nicht von ihm trennen. Wenn man
911 1653 2147 1801 fragte: wo ist die Mutter, hat er wie
900 1728 2214 1862 ein aufgeschrecktes Mäuschen ganz auf¬
914 1808 2209 1951 geregt herumgeschaut. Die Zahnderle sind
912 1889 2197 2010 allerliebst und ganz herauften. Mit den
924 1961 2192 2089 dakob wollte er immer hetzen u. ich
897 2034 2214 2153 freue mich daß es so ein heiterer Dauer
892 2115 2219 2241 kleiner Mensch ist trotz der lieben tief.
895 2187 2222 2330 sinnigen Augen. Ich glaube auch es ist
909 2253 2182 2393 recht gut aufgehoben, also blga ge¬
902 2319 2226 2423 müsten Sie recht sorglos! Besten dann
892 2391 2157 2491 für die Karte aus Venedig. Nächste Woche
906 2452 2153 2543 besuche ich wieder den Hine Herzlichste Grü¬
889 2499 2241 2582 auf vom Jakob Iulie was vermöthig
3187 831 3595 892 u. wärz.
2261 833 2948 946 ....................................................W
3265 862 3511 1010 13 X
2330 943 3177 1128 Lieber Herr Doctor,
2330 1074 3620 1241 Wirklich ich freue mich riesig
2351 1170 3600 1356 daß Sie so nett sind und
2405 1298 3565 1447 kommen wollen. Es paßt
2371 1415 3464 1560 mir ausgezeichnet sind
2356 1501 3571 1683 Samstag. Ich schreibe auch
2359 1666 3337 1821 dem Dr Kaufmann
2364 1755 3671 1938 Auf der Wiedersehen Herz.
2344 1912 3519 2057 lichste Grüßte blga und
2297 2074 2342 2175 cette
2437 1997 2927 2175 Ihnen, Ihre
2553 2169 3632 2357 Elie Nassermann.
2322 2258 2479 2421 XIII
2367 2354 3472 2513 Unter St. Keiter Allee 1
3359 2460 3563 2524 au moins de cette
2840 2482 3010 2543 I am
2324 2482 2543 2561 ..............
