4219 3719
1339 782 1787 846 JAKOB WASSERMANN
1872 793 2101 863 26. x. 24
1335 831 1783 901 ALTAUSSEE (STEIERMARK)
1930 1012 2189 1077 Lebes Arthur
1902 1100 2872 1197 ich bin unmittelbar vor einer grossen Vortragsweise
1805 1176 2906 1255 (nenn schwerzer Städte und als deutschel) und da zu erst
1777 1218 2896 1308 um die Arbe Dezember wieder nachhause komme, möchte
1789 1258 2848 1343 ich Ihnen vorher noch schreiben. Ich hatte vahrens des
1793 1300 2832 1402 ganzen sommen im Killen geholtt, dass Sie noch die
1793 1338 2899 1434 ein paar Tage in unsere Eigend Kommen würden; als ich
1793 1377 2901 1467 anfangs erhoben auf 4 Tage zu w.cis war. kann ich es
1800 1423 2907 1498 viel zu erledigen, auf ich all freundesbesuch aus nicht
1798 1455 2885 1539 deuken konnte ausserdem danken s.e. gerade vor der
1811 1493 2890 1593 Aufführung Ihres Dramas und waren also auch nicht
1817 1530 2901 1628 cirt freie gesprüche geeignet. Die komödie der Verpührung
1811 1575 2934 1667 habe ich natürlich inzwischen gelesen, – in einem merkwürdigen
1825 1620 2897 1723 zuriespaet,  immer zwischen viderstand nur Anzeitung
1836 1666 2883 1748 zwischen. Beschlommenheit der dargestellten Welt' gegenüber
1837 1695 2822 1790 und Bewunderung des Haus, die sie zeigt nur
1850 1724 2899 1842 zeichnet. Es seht mir ja alleshaupt seitsam mit dieser
1840 1766 2932 1875 form: ich entfremte mich ihr mehr und mehr, sei es, den
1851 1805 2914 1916 das Theater als solches man nicht zu mir spricht, sch
1858 1846 2892 1955 es dass meine Seben fern von den Städten und die
1874 1884 2947 1994 ganze Einsitution und Gattung innerlich noch unnotwendig
1881 1934 2901 2027 gemein hat als es können schon des voll was. das
1870 1985 2931 2073 das ist also dahin zuverdere Einstedung, die eher einem
1871 2025 2931 2118 sonderling geziemt als einem Schriftstelles, und sie inneren
1881 2059 2911 2143 sie mir einiges nachsehen, da es auch aus einsität
1878 2111 2908 2199 des Gestaltchen, das Gelittene im Bericht des herrschirchen
1877 2150 2927 2252 durchaus äpuse und mich davor vermögl. xxx Ein¬
1893 2200 2901 2277 eingegen ist mir unminiecken nah gegangen; abgesehen
1891 2237 2858 2321 davon, dass da uns ganz welt, (enie abgesavonene)
1902 2287 2903 2355 abgetane, zu Tod verurtheile) in ihm dämonischen
1910 2316 2893 2406 Biedrigkeit und s. klischen Verzweiflung in Einer Eigen¬
1909 2368 2876 2448 in einer Bremulnisse zur Erweinung mit, redende
1914 2395 2847 2483 ihr Zusammenwieder begreifnet und zum Brede
1918 2438 2825 2531 wird, stammt man, wenn man vom Metzet
1917 2483 2922 2570 die absolute beistesschafs an, mit der das Deine
1928 2534 2773 2615 gemacht./. fehlenlos und mit der sartesten Hand.
2068 2568 2893 2647 Hoffentlich nur ich, alles von Ihnen. Briefe
1952 2614 2851 2692 werden und jeweils nachgeschickt. Ich dreieste
1962 2651 2642 2734 Ihnen die Land als des getreuer
2429 2720 2878 2788 sakolus assermann
