3268 3623
174 234 253 313 J
1523 439 1604 519 G.C.
1649 435 1993 543 1 1 1/2 1/1
1448 812 2039 882 Valern bei Brixen (Tisoll)
1625 868 2019 958 26.5.1901
1240 1034 1993 1101 liebes Freund, besten Dank für
1119 1073 2027 1160 Ihre Zeilen. Das Buch hab ich von Berlin
1123 1149 2005 1210 aus an Bründer Jicken Cassen. Daß
1129 1187 2035 1273 unsere kom. Iagen noch nicht da sind,
1138 1251 2014 1323 v eine Schweinerei. Was soll ich in
1145 1304 2092 1356 Man ohne Alexander anfangen? Hau¬
1147 1361 1984 1423 ben Sie, datz wir bis Weihnagten
1166 1418 2015 1479 stückliche Besitzer sein werden? Ich
1160 1472 2015 1516 komme übrigens Mitte Juni nog
1174 1512 2023 1581 Wien, werden Sie noch da sein?
1171 1565 1999 1640 zündigst werden. Sie doch Pension
1193 1624 2032 1683 kuntspuh ruttugen, die ich unaus¬
1199 1671 2020 1727 schlich finde. Ton 10. Juni an
1190 1714 2023 1781 Jahren wir nach Gossensatz, bleiben
1178 1773 2045 1843 bis Mitte august oder Ende August,
1180 1820 1628 1891 dann gleich Wien,
1383 1865 2005 1931 Was sagen Sie zu Herrn
1193 1918 1964 1988 Hans? Datz wlge Leute nicht
1190 1950 2070 2012 storflos bethädigt werden dürfen, ist
1188 1995 2065 2071 ein Rätsel. Besonders groß ist
1193 2036 2049 2110 die Freiherr solche Leute, wenn
1195 2101 2015 2144 sie zufällig einmal ein wenig
1207 2138 2078 2183 Rege haben,
1219 2169 2083 2246 ich meine hie das, was er über
1213 2227 1969 2285 des eigentliche Fehlen eines
1223 2264 1973 2328 Wiener Romans in prößern
1232 2311 1979 2374 Sta wgt. Vodigens ist die Art
1238 2354 2032 2414 wie es ich um Bertha Gerlan
1238 2412 1984 2463 windet, fall wirkend, hatten
1264 2452 2080 2504 Feige, köstlich. Und die Gesellschaft, bei
1246 2487 1767 2530 de. Sie Ich befinden!
1405 2504 2084 2567 Der Moloy gedeihr. Cassen Sie
1218 2559 2021 2613 beld hören. Gantze von einem
1225 2598 1493 2668 Julia.
1654 2596 2010 2667 Wassermann.
