3230 3780
531 1002 1435 1070 Sinter und und durch das gegen¬
517 1058 1411 1132 wärtige ist herrlich. Die Wege er.
548 1112 1427 1176 seinen Freund und zugleich heite
548 1179 1471 1240 wenn sie mit dem dünnen Zung.
560 1216 1375 1296 Ihne bestreut sind wie mit
563 1271 1455 1346 Zucker. Es gibt sog für uns auf.
560 1335 1452 1402 geregte Seelen nichts im besten
566 1371 1415 1447 Sinn anstreckenderes als den
568 1426 1478 1507 frieden diese Natur. Sie mir spann
583 1480 1447 1547 gegenkommen und wurden die
579 1536 1568 1633 Rennisance gewiß i eingefinden
574 1598 1500 1685 als in der Nähe der Votivkirge.
584 1643 1440 1729 Sie können sich denken, daß
600 1715 1386 1781 es meine lieben Staubte
590 1742 1495 1842 unter solchen Vergältnissen auch
608 1810 1486 1910 gut seht. D. h. eigentlich geht es
604 1885 1528 1967 ihr ja schlagt, aber ich tügte deutlag
580 1947 1567 2015 wie eben Schöpfer zu tüchten pflegen,
600 1993 1522 2089 daß es zu ihrem eignen Besten
766 2095 1510 2205 Wie wollen heute noch nach
560 2163 1420 2258 Graz herunter gehören. Doch schwer
584 2226 1498 2318 Trenne ich mich von diese Ein¬
584 2283 1528 2350 Wenkeit. Wie ich ein reiger Mann,
571 2339 1495 2415 und könnten alle Städte des
584 2399 1491 2459 Welt bis auf Weiteres gestögten
576 2454 1482 2534 werden. Wandern ist doch das
587 2515 1490 2587 Herrligste. Nun ganze ich Sie
584 2562 1562 2658 herzlig und alle fründe. Wenn
1625 960 2697 1072 Sie im Schreiben wollen, thun Sie
1643 1031 2633 1116 bitte bis zum Sylvastertag, post.
1629 1112 2054 1194 lagernd "Kerau".
2002 1192 2383 1295 Ihr Treue
2074 1286 2613 1404 2 akoorasermann.
1878 1566 2409 1685 12.98. Semmering
1730 1587 1830 1663 27.
