4519 3656
1616 610 3330 744 Jnzwischen mag das unverschulter langsame Tempo unserer Tätig-
1467 718 3351 836 keit diesen oder jenen Subskribenten verdrossen haben. - Dem wünschen
1453 829 3264 956 wir mit der Erklärung zu begegnen, daß, wer seine Zeichnungssumme
1458 900 3346 1053 zurückzuziehen wünscht, dies uns anzeigen möge; der Betrag wird dann
1451 1003 2230 1161 baldigst überwiesen werden.
1613 1079 3243 1222 Die Schwierigkeiten, die unserer Arbeit entgegenstehen und
1453 1182 3346 1340 die wir umso freimütiger eingestehen als sie ausserhalb unserer Ver-
1458 1298 3257 1387 antwortung entstanden sind, werden von den meisten Subskribenten
1455 1356 3240 1514 gerecht eingeschätzt und unser Lemühen um die reine Durchführung
1460 1451 3273 1604 unserer Jdee durch alle Widerstände hindurch wird gewiß nicht vor
1465 1566 2437 1696 der Zeit im Stiche gelassen werden.
2336 1651 3146 1830 Jakob Wassermann.
2331 1787 2977 1929 Jürgen Fehling.
1467 2089 2315 2233 Zuschriften unter der Adresse:
1477 2202 2489 2343 . Theater der Freunde“
1771 2294 2098 2414 Wien, XIX.,
1498 2383 2247 2517 Rudolfinergasse 5, Tür 12.
