4521 3688
343 576 2017 716 Das deutsche Theaterspiel unserer Tage hat sich weit entfernt
317 701 1946 831 von seinem Berufe, dem Jahrhundert und Körper der Zeit den
328 783 1957 930 Abdruck seiner Gestalt zu zeigen. Der Einsichtsvolle weiss
343 889 2024 1018 lange, dass auf unseren-Bühnen nicht seine Sache behan-
334 980 1927 1124 delt wird. Diese Erfahrung hat eine Abkehr vom Schauspiel
343 1100 2009 1206 gerade bei jenen bewirkt, die allein fähig sind, einem künst-
341 1195 2019 1320 lerischen Theater Ermunterung, Resonanz und Gewissen zu sein.
339 1260 1953 1415 Ohne Zärtlichkeit und ohne Kontrolle des besten Österreich
341 1372 1953 1484 und Deutschland ist so ein Theaterbetrieb und ein Theater-
341 1465 1994 1573 publikum entstanden, deren Fragestellungen und Antworten zu-
343 1549 2002 1646 meist ausserhalb der Kunst liegen. Die Schauspielerei musste
356 1670 1931 1780 vergröbern und verarmen. Die Bescheidenheit der Natur ist
350 1748 1864 1847 einer kränkenden Bescheidenheit des Gedankens gewichen.
673 1812 1849 1950 Jetzt wird der Versuch gemacht werden, dem
350 1914 1963 2076 Theater, das wir brauchen, vorzuarbeiten durch eine tätige
345 2011 1881 2151 Verbindung einer Anzahl berufener Männer und Frauen zum
686 2110 1726 2244 THEATER DER FREUNDE.
671 2192 1989 2309 Hier soll ein geistig orientiertes Theaterspiel
356 2313 2011 2419 gepflegt werden, das in exemplarischen Aufführungen exempla-
1230 2419 2071 2513 alschaft neu zusammenschliesst.
358 2425 1238 2498 rischer Dramen Theater und Gesel
1152 2470 1236 2520 G.C.F.P.
360 2503 2035 2593 indem die Bühnensache wieder als eine Sache deutscher Kultur
358 2576 1989 2680 und gedanklicher Leidenschaft begriffen und behandelt wird.
693 2675 1965 2790 Es ist geplant, im Laufe eines Jahres vier bis
358 2738 2058 2889 fünf Vorstellungen zu geben, mit gelegentlich zusammengestell
360 2854 2091 2973 ten Schauspielergesellschaften, in schlichtestem Rahmen, unter
360 2947 2097 3098 Verzicht auf allen äusseren Aufwand und äufsere Anzeige, unent-
365 3072 1284 3228 geltlich, vor geladenem Publikum.
2977 576 4263 680 Die ersten Vorstellungen sollen auf der Bühne
2660 695 4386 794 des Festsaales der Schwarzwald’schen Schulanstalt stattfinden.
2654 768 4304 900 Eine Erweiterung des Programms durch Vorlesungen und Musik-
2658 859 4129 1008 aufführungen in den Häusern der Freunde wird erwogen.
2975 971 4391 1109 Das „Theater der Freunde“ soll im Frühsommer diesen
2658 1049 3549 1200 Jahres mit einer Aufführung des
3344 1139 3814 1258 „ Wozzecke
3545 1271 3674 1353 von
3405 1355 3799 1465 Georg Büchner
2665 1448 3963 1562 eröffnet werden. Im Herbst wird das Schauspiel
3126 1515 3970 1653 „Vom Teufel geho
3506 1627 3625 1743 von
3381 1711 3683 1825 Knut Hamsu
2671 1778 3137 1968 gespielt werden.
2649 1963 3174 2117 Wien, Ostern 1917.
2891 2194 4391 2419 Fakober ass ermann Jürgen Dehé
