3225 3717
665 1020 1171 1138 Veapel, 8.2.1901
1050 1156 2289 1296 Lieber Freund, ein paar Zeilen, die Ihnen von
904 1209 2277 1346 meinem und Juliens Wohlbefinden nachricht geben
925 1256 2219 1398 sollen. Wie sind seit 8 Tagen hier haben aber
927 1296 2320 1433 kehr schlechter Wetter, faßen, Sonntag noch Palermo
932 1324 2264 1481 weiter, wo ich froh wäre, irgend eine Nagriege
939 1386 2285 1525 von Ihnen vorzufinden. (Hobel Trinacria) Was
944 1431 2257 1580 arbeiten Sie? Wie geht es Ihnen? Ich hörte
960 1476 2254 1634 abwas von Unannehmligkeiten, die Sie mit
981 1518 2273 1668 dem Leutnant Guhl gehabt hätten? Wer ist
981 1551 2323 1715 daran? Was geht sonst in unserm Reise vor?
986 1608 2315 1757 Werden wir Sie in Rom treffen? Segs
1003 1668 2354 1823 Frogezeisen! Schrecken die nicht davon zurück¬
1358 1719 2332 1852 Ich befinde mich sehr wohl. So wohl,
1019 1764 2289 1895 datz ich noch gewohnte Art stets auf der
1400 1795 2327 1895 weil ich doch dem Frieden nie
1050 1824 2358 1972 recht war. Jhnen hat ihre Not mit meinen
1055 1871 2328 2015 tausend Hypopodoieen, bald ist an den Nase
1024 1871 1381 1949 Bruai liege,
1909 1907 2315 1999 Hilperng“ habe
1079 1959 2328 2117 ich vollständig umgensbeitet. Jetzt ist etwas
1031 1946 1791 2070 was mir bald am Bein.
1060 2008 2367 2155 drans geworden. Sie werdens ja bald lesen,
1069 2050 2301 2195 wahrthämlich in der Rundhann. Ich arbeite
1069 2093 2325 2230 täglich zwei Stunden, Dektiere am „Moldye“
1067 2117 2370 2296 möge überdies viele Studien zum „Fleganda“
1090 2179 2294 2334 gehe in die Augen Mußen. Der Tag ich
