3225 3717
1580 525 2058 632 Vuorilänisten, jährigen wäreissä, sie sich
984 789 1737 887 Venedig, 13. Mai 01
1263 1001 1978 1094 Lieber Freund, ich habe Ihren
1007 1082 1997 1177 Brief habe ich noch in Lugano bekommen.
1017 1156 1942 1210 Also unser nächstes protze Aufent.
1025 1212 2000 1283 halt nach ihm ist, Talon bei Brien.
1024 1268 1949 1320 Wir kommen etwa Antrag oder
1032 1310 1973 1369 vielleicht Mitte nächsten Wege dort.
1061 1355 1880 1425 hin und hoffen Sie bald zu
1055 1403 1868 1475 sehen. Schreiben Sie mir kost
1055 1469 1873 1526 rest. Brixen (Tiool) Vallang
1053 1518 1889 1584 sollen wir Ihnen etwas Tüchen?
1067 1575 1935 1656 Salom selbst liegt fill, ja gützt im
1053 1627 1904 1686 win. Arbeiten Sie Ton. Das
1049 1668 1949 1753 Moldch. Opfer, wie Sie sich so
1064 1737 1852 1798 passend ausdrücken. ich hier für
1059 1771 1968 1841 einige Tage unterbrochen. Nach Rom
1055 1823 1963 1920 wirkt Tenedig doch nur wie an
1075 1882 1962 1961 Ausstattungsstück nach einer Classi¬
1076 1947 1933 2011 igen Comödie. Jammer gar Sie¬
1085 2000 1871 2068 höchst eilfertig in Florenz je¬
1085 2046 1988 2111 rumidden gesehen, ganz benommen.
1097 2077 1981 2146 von Eifer. Sind die Statuer schon
1086 2136 1894 2207 angelangt? Und in welchen Zu¬
1093 2189 1926 2260 stand? Also, das Neueste (aber
1093 2232 1896 2324 vorläufig noch Geseinend, bitte,
1080 2296 1851 2358 wir werden den Minta in
1102 2347 1693 2442 Wien wohnen. Herzlich Ihr
1420 2421 1898 2519 Jakobwassermann.
