3268 3623
2338 466 2547 545 1 1/2
527 888 1528 955 einmal über diesen wichtigen Stünke ge¬
536 925 1479 993 nau verständigt und Sie wissen, was ich
533 967 1461 1022 darübte verstehe. Also diese Idee er hier
539 1011 1565 1050 von einer grenzenlosen, gerade zu französischen
542 1038 1563 1089 Trivialität. Da zeigt auch das ganze Werk da
548 1073 1561 1129 durch und durch französischen Eigensgatten: Esprit
554 1115 1561 1163 Glanz, Hitz, Fülle im Einzelnen bei vollenbeter
545 1160 1516 1196 beinahe, kumptsinniger Öde des Gänzen. So
545 1186 1507 1230 beruht glasplich alle Wirkung auf Irdeführung.
551 1225 1510 1267 Dowel, aufwand an Dekorationen, Garetteren, Ge¬
560 1249 1507 1307 gehnissen und das Ganze kommt doch nicht in
556 1290 1534 1346 Fluß, kein Gereitte wandelt ich rege ich.
560 1312 1472 1377 das fühlt das Autor, er empfindet beständig
556 1362 1539 1409 die +ötliche Ragnation, deshalb die Einberhofte
570 1401 1581 1455 Bewegtheit innehalb der oft wie Marianetten prüppe
568 1429 1289 1498 gestellten D: Eutionen. Schriftstellerei.
763 1483 1235 1546 Das zu meine Meinung.
768 1543 1553 1597 Jahm war uns bald? Julie gehts viel
742 1576 1521 1643 Seien Sie und Frau Olipa herzlich
563 1577 692 1626 besser.
588 1617 990 1678 Gegruße von Ihrem
1144 1634 1417 1715 tassermann.
