4244 3722
630 874 2139 1028 treten, Dr. Weichlut derartig geantwortet,
643 988 2124 1123 daß er mir die Klage beim Vormund¬
638 1072 2046 1230 schaftsgericht machen konnte, und ich
647 1189 2027 1320 vor der alternative stand, ihm die
639 1275 2111 1421 Vollmacht zu entziehen, oder zuzustimmen
668 1361 2128 1524 Ich bat um Aufschub, reiste entschlossen
654 1483 2113 1620 ohne mich anzumelden kam ich zu ihm
1453 1562 1999 1641 in den ersten 5 Minuten
684 1601 2062 1748 untrüglich erfuhr ich von ihm, dass er
682 1682 2181 1834 von der Kinzung nichts gewusst, viel¬
698 1792 2147 1929 mehr Dr. Weisshut ermächtigt habe, bis
711 1890 2138 2025 zum Schluss des Jahres die vereinbarte
585 1939 772 2023 Jdhres
654 1986 2138 2130 Summe von 26000 H. mir auszubezahlen
1033 2072 2076 2224 Mit diesem Resultat kam
681 2181 2124 2338 ich nach Wien, erreichte von Strauch
682 2276 2029 2426 dass die Klage nicht anheinzig
677 2366 977 2477 wurde
909 2417 2064 2571 Am 1 November erhalte ich
690 2524 1965 2687 wieder die verkürzte Grote.
2244 761 3647 1007 Dr. Weichhül hat nämlich nach dem
2242 883 3711 1108 Gespräch, das ich mit Jakob geführt
2286 1003 3712 1202 jede weitere Zusammenkunft verbin¬
2263 1132 3630 1269 dert und mir angekündigt, das
2278 1215 3739 1412 „Schraubensystem“ wurde fortgesetzt
2282 1307 3741 1491 werden, bis ich die Scheidung ohne
2271 1453 3172 1607 Paragrapben gegeben
2456 1496 3731 1706 (Sie wissen, daß seit 8 Mtr. 1924
2258 1609 3666 1806 die Propositionen von Prof. Strauch
2271 1695 3692 1912 vorliegen, aber Jakob will keine
2269 1815 3735 1982 Verpflichtungen auf sich nehmen, weder
2274 1905 3729 2096 Anleil an Einnahmen geben, noch
2261 2012 3729 2188 auch eine bestimmte Gäste garan¬
2291 2154 2625 2284 lieren)
2558 2194 3701 2383 Ich glaube nicht, daß meine
2284 2282 3733 2460 Nerven das angekündigte „Schrau“.
2267 2402 3647 2567 bensystem noch lange ertragen
2278 2481 3654 2661 werden. Klagen juridisch hällt
