4244 3722
1675 813 1859 946 Came
1401 874 2184 1018 Wien, 2 Novembes 1929
1775 1024 2307 1181 hiebei Arthur,
1462 1089 2918 1316 In all diesen Jahren habe ich immer
1457 1227 2914 1400 Außenstehende mit meinem Kummer
1453 1325 2932 1531 nicht behelligt, aber jetzt habe ich nur
1464 1433 2923 1631 noch wenige Auswege offen. Zu diesen
1453 1549 2895 1744 gehört die Hoffnung zwei, Jakob und
1455 1607 2925 1825 mir wohlwollend gesinnte Personen
1557 1716 2895 1870 ich denke an Sie und an Thomas
1577 1855 2358 1951 etwa auch noch an Vanjung
1474 1831 2943 2014 Nami morgen mir beistehen, indem
1485 1944 2855 2127 sie ihre Meinung Jakob gegenüber
1507 2096 1848 2225 äußern.
1701 2127 2892 2325 Wie ich ihnen tellphonisch sagte,
1494 2242 2901 2416 wurde im October die Alimente fast
1477 2349 2966 2525 auf die hälfte verkürzt, ohne vorherig¬
1498 2421 2932 2618 Ankündigung. Prof. Skansch, mein aus¬
1501 2529 2940 2721 gezeichnete Advokal verlangt, die
1503 2607 2936 2819 Ergänzung, wurde von Jakob Ver¬
