3225 3717
988 893 2026 1008 ich Sie noch bitten, liebe Frauw.
897 961 1957 1096 Borgen Sie mir doch irgend ein
887 1060 2001 1177 Uhr vertrauenswürdiger Buch über
904 1137 1945 1247 Eggien der Schwanger Haft mit.
916 1228 1951 1329 Wollen Sie nicht vergessen? So
900 1327 2060 1436 etwas ist ehletzlag doch nötig wann,
892 1392 1988 1510 man nicht immer im finzten
892 1474 1347 1598 Tappen will.
1123 1569 1962 1667 Wbe Morionetten las ich
817 1651 2050 1767 im Seel. Tybl. & Kl. Journal. (So
797 1730 1992 1862 wenig ist man hier ausgestellt die
854 1814 1997 1940 Welt) Die Herren waren aber wie
884 1903 2044 2009 gewöhnlich, recht Jnaddrig. Renat.
860 1986 1992 2095 ein hemt schon in 1. & 5. Auflag.
863 2075 2043 2198 Nun herzlichste Grüße. Er, Spreibe
878 2156 1900 2253 Sie mir unter meinen
878 2237 1936 2352 Namen aus Grauer¬ Hotel
1234 2329 1404 2457 Pr
1355 2431 1713 2599 Neveau
