3255 3544
2653 196 2876 309 16.II
926 284 1225 456 Feilerg. 3
635 434 1027 639 Waiserma
1230 688 2131 886 Hochgeehrter Herr
1014 967 2581 1115 Ich erlaube mir Ihnen mitzuteilen, daß das seinerzeitige
884 1060 2605 1183 Projekt der Gründung eines Knaben Landerziehungsheimes in Wien
893 1161 2636 1280 aus Gründer- und Stifterbeiträgen eine Abänderung erfahren hat.
1029 1223 2629 1397 Ein dem Vorbereitungs - Comite angehörender Kreis von Per-
901 1316 2603 1488 sönlichkeiten fand es für angemessen, den Wünschen zahlreicher
899 1417 2644 1567 Interessenden entsprechend, bereits im Herbst 1910 ein International
901 1523 2585 1681 und Externat in einem Grinzinger Landhaus zu eröffnen, in dem
901 1604 2594 1721 die wesentlichen Züge des Prospektes zur Ausführung gelangen.
890 1690 2583 1849 / Real Gymnasium mit vorbereitender Volksschule. In keiner
901 1789 2656 1930 Klasse werden mehr als 15 - 20 Schüler aufgenommen. Landwirt-
917 1889 2678 2016 schaft, Sport, Handfertigkeit und fachmännisch geleiteter künst¬
912 1955 2682 2113 lerischer Unterricht, naturwissenschaftliche und technische Aus-
919 2102 1181 2230 bildung./
1047 2135 2605 2299 Für diesen Entschluß hat sich nach sachlicher und gründ-
919 2230 2667 2354 licher Erörterung die Mehrheit des den Prospekt unterzeichneten
917 2336 2594 2455 Vorbereitungs - Comités ausgesprochen. Zwölf Herren dieses
919 2426 2393 2576 Comites haben ihre schriftliche Einwilligung gegeben.
1058 2514 2627 2660 Um diesen provisorischen Betrieb der Schule ohne das Fun-
926 2596 2673 2770 dament eines großen Kapitals zu ermöglichen, hat ein Consortium
928 2689 2528 2843 sich bereit erklärt die Miete des Landhauses in Grinzing,
952 2772 2629 2929 Strassergasse 39 für drei Jahre zu übernehmen. Der Betrieb
926 2860 2572 3035 der Schule soll durch die Schulgelder gedeckt werden, resp.
