4244 3722
3242 302 3323 431 V
2636 345 3202 477 WIEN XIX., 21. Mai
1156 363 1622 522 JULIE WASSERMANN
2576 426 2870 494 HAASGRABEN,
1929 390 2880 586 (Reuss)
1927 707 2368 806 Lieber Arthur!
1615 895 3250 1014 Ich höre, dass Sie in Ihrem neuen Roman "Therese" ein Zerr-
2335 986 3301 1075 Dienstlich hielten. Ich habe darauf¬
2175 996 2304 1052 or very
1257 981 2271 1115 bild meiner Person zu liefern für
2335 1039 2489 1095 comme le dernier
1285 1085 3273 1207 hin den Roman gelesen und mich in keiner Weise betroffen gefühlt, aller-
1273 1148 3301 1255 dings finde ich, dass recht drastisch der Versuch gemacht wird die allge-
1275 1247 3255 1359 mein bekannten Eigenschaften vonx mir, wie in einem Steckbrief zusammen
1280 1344 1607 1453 zu stellen:
1293 1354 3268 1529 "Die Dame hat sich in späten Jahren als Romanschriftstellerin etabliert,
1280 1513 3280 1633 sie ist berühmt zerstreut, hat die Manie zu verwechseln, ist keine pedan
1285 1597 3306 1696 tische Hausfrau und hat überdies den Vornamen Julie". Ich würde mich besti
1275 1676 3303 1815 mmt mit humorvollem Schweigen über Ihre ritterliche Handlungsweise hinweg
3255 1744 3359 1820 F.
1278 1764 3316 1876 setzen, wenn nicht diesem Steckbrief die Anschuldigung beigefügt wäre, in
1275 1851 3250 1972 dass Julie ihre Tochter zu verkuppeln sucht und Vorteile pekunierer Art
1285 1960 2335 2063 aus diesem Versuch durch Monate zieht.
1280 2036 1701 2084 Meine Schwester
1273 2041 3169 2147 Paula, die mir gegenüber nicht allzu nachsichtig ist
1278 2142 3268 2251 trotz all ihrer Güte, nannte einmal meinen Kampf um Judiths bürgerlichen
1278 2241 3222 2340 Lebenswandel geradezu heroisch. Auch Jakob wird Ihnen bestätigen, dass
2236 2289 2525 2358 die Heirat
1270 2304 3285 2423 ich Judith um der Bürgerlichkeit willen mit einem armen Menschen, den sie
1592 2385 2198 2454 ermoglichen suchte,
1270 2423 3181 2510 liebte, zu xxx und dass ich schwere finanzielle
2887 2444 3306 2545 um eine Basis
1278 2494 3298 2583 Opfer gebracht habe, die bis zum heutigen Tage fortwirken, xxx
1270 2568 1589 2641 zu schaffen
1270 2603 3232 2720 xxx. Ich bin geradezu idiotisch ideal in diesen Dingen, was meine
1270 2677 1868 2814 ganze Umgebung weiss.
1673 2773 3270 2887 Es muss Ihnen auch bekannt sein, lieber Arthur, dass seit
1262 2821 3250 2938 Jahren von anderer Seite mein Charakter in schwerster Weise verdächtigt
2859 2925 3047 2991 lang
1265 2961 3290 3057 wird. Ich erfuhr sogar vor einem Jahr, dass ich xxx Jahre durch den all
