2664 3655
191 469 2311 715 amortisiert. (nämlich aufgehoben) dies gilt selbst.
251 647 2346 801 verständlich für jedes Schuljahr, falls es nicht im
590 763 1351 895 bei uns eintritt.
275 793 547 954 nächsten.
631 852 2383 1022 da Heini mit 10 andere Buben in der
267 990 2432 1151 Hasenauerstr. um ½ 9 Uhr abgeholt und um 1 Uhr
294 1111 2394 1281 zurückgebracht werden würde (als Extermit, die
332 1248 2378 1437 Halb-Internisten um ½ 7 Uhr), so hoffe ich, Sie
353 1362 2340 1521 werden, die Sache doch in Erwägung ziehen.
361 1488 2354 1674 Es sind für die III/2 ll. nächstes Jahr besonders
369 1593 2456 1815 nelle Kinder bei uns angemeldet (der kleine
377 1744 1825 1906 Gutheil-Schoder, Overhoff u. s. w.)
404 1885 2448 2046 Unsre I. Cl. Real-Gymn. ist bereit complet
1340 1960 2028 2098 Bei uns absolvierte,
351 2028 2427 2179 mit 20 Anmeldungen. Volksschüler brauche,
1389 2100 1696 2216 Aufnahms¬
386 2108 2365 2300 fürs Gymnasium keine Prüfung machen.
429 2254 2491 2427 Wir haben so entzückende Lehrer engagiert,
453 2367 2413 2578 Zakob war neulich ganz aufgeregt, so
458 2491 2505 2656 gut gefielen ihm die zwei mich besuchen
450 2640 2502 2807 den, die noch dazu langjährige Erfahrung haben
464 2715 2505 2920 u. glänzend empfohlen sind. Die großen Wiesen
434 2836 2397 2977 nebenan mieten wir ein junger Engländer
469 2917 2510 3141 leitet sports. Dann sind im Finanzplan Einrichtung
450 3041 2367 3192 von Terrärium, Aquarien vorgesehen u. tüchtig
448 3155 2489 3324 wird Landwirtschaft gearbeitet, Grüssen Sie Olga,
361 3214 2292 3370 ich bin wieder zu Hause, fühle mich recht frisch¬
652 3289 1734 3454 herzlich grüßt Sie Gulie
