3230 3780
1526 1050 1964 1164 merceu, Maiser nal
1837 1126 2082 1220 5.1.99
1269 1231 1996 1331 Lieber Herr Dr. Schützler,
1355 1353 2158 1458 heute in eine Stunde fehre
1112 1414 2209 1540 ich ab, um noch einen Tag in Bogen
1122 1478 2134 1595 Zu bleiben und Samstag - im
1132 1571 2156 1658 cati Skob zu sein. Es war schwölig,
1121 1614 2119 1742 ich habe wunderbei gearbeiter,
1132 1695 2037 1795 anderhalb Kapitel geschrieben.
1416 1741 2183 1866 Ich will Ihnen nur danken
1153 1837 2111 1919 für Ihren Brief und darin, darz
1156 1882 2237 1969 Sie sich er leebenswürdig - das Melusien
1153 1927 2228 2026 annehmen. Ich bin ganz bezämt davon.
1156 1982 2241 2086 Vielleicht ist es das Angewohnte, denn
1138 2054 2127 2156 ich bin noch nie verjäwels wurden
1130 2107 2171 2214 und man hat mich immer aller
1155 2160 2107 2278 die Abgründe überbrinken lassen.
1166 2187 2232 2307 Wird es dann nun etwas mit diesem
1146 2264 2196 2372 gottverlassnen Theaterstuck? Wollen
1137 2327 2094 2422 wir in Wien die "Freien Geister"
1133 2404 1659 2490 zusammen rufen“?
1458 2460 2082 2568 herzlich gäntze die Thi¬
1559 2549 2108 2653 Sakordranemann
978 2638 1988 2742 Der Skane der Beatrice ist ein schönen Titel.
