4647 3575
404 2368 1754 2492 freilich. Es dämmert eine Barbarenzeit herauf, von der we
411 2427 1796 2539 uns bald zu sicherheit bringen müssen, was da derselbe
428 2464 1780 2582 hort prompt besorgen wird. Nun bin ich auch schon 57, was
437 2526 1730 2626 hätte das gedacht. Aber ich glaube, die Tattache Tugens u.
449 2558 1848 2681 lische nicht einmal mit dem verzier auf der Prätension darauf
461 2607 1841 2720 ... besteht geistig, manchmal auch in form eines herwischen
475 2652 1799 2794 unabhängigkeit von der Physik, auf die die Zeit fast keinen
480 2706 1785 2859 einfluss mehr hat. Ich hofte sie als unter Gesundheit
482 2787 1232 2911 und treue mich sie zu sehen.
1282 2810 1603 2894 the altgetrein
1357 2908 1578 2984 sakobis
329 3396 517 3466 G.H.F.P
