4219 3719
1684 991 2964 1178 Trine wnt. Js R J V Sie werhin
1698 1094 2954 1293 selven. Il ln thue behert
1724 1227 2768 1399 hat. Ges. I ja nicht sei.
1789 1350 2991 1515 the borilt bezugl de abyeilles
1828 1468 2976 1633 adjettére, je l'on veutte
1854 1598 2957 1746 Welt... Il existe d'un tet
1876 1714 3007 1868 it leer ist teul for allem
1841 1846 3031 1988 In Cll du ben het (mve R.V.
1886 1965 2872 2077 une i Ela. Cet huit jeu
1886 2048 2999 2185 wie dann h. u. zwei (wie
1892 2175 3000 2326 C'est un chertoupt als justulle
1886 2312 2942 2431 onspreit darf. ni en schètre
1908 2423 2924 2538 edel. d Welkken tat u
1898 2554 3005 2698 nous coepchez, et du
1889 2666 3042 2817 Thost. Und av. d. Negretiens
1946 2794 2595 2918 „ sein 12 berleh.
1960 2876 2945 3023 Es ne gerufs Menschichung
