3268 3623
330 435 508 534 1
1362 889 2214 988 Hien. XIII. Unter Sr. Veiter, Lelee 1
1536 973 1775 1041 21.8.02
950 955 1133 1056 J. W.
1194 1065 2261 1217 Liebe Freund, ich weiß nicht, ob Sie in Wien
1231 1159 2256 1268 sind. Wenn ja, so bring ich mich Ihnen
1231 1198 2195 1321 hiemit in Erinnerung, da Sie nach doch
1228 1235 2251 1354 ganz vergessen zu haben seinen. Auch Julie
1241 1288 2199 1419 grüßt Sie und ich traurig, daß Sie sich so
1233 1362 1934 1463 von uns abgewandt haben. Ihr
1959 1391 2239 1464 Wassermann.
