2649 3657
1205 955 1741 1037 Wien, 27/9 Grinzing, teilergane 5
648 944 1019 1041 Wasserin
1433 1055 1623 1111 29.XII.-07
1060 1080 1550 1153 A.W.A.C.C.,A.T.
917 1120 1541 1184 Geschädigung des xxx
896 1143 1722 1211 Liebes Freund, die Achtüteren un¬
840 1191 1722 1242 glücklichen Umstände bringen es mit ich, doch ich
665 1224 811 1274 cette anno
848 1238 1682 1289 ganz uncontentionelt, Ihnen und Olga diesmal
612 1242 826 1300 Monsieur M r de
615 1264 1723 1332 ein glückliches neues Jahr wünschen darf. Es
852 1299 1725 1357 bedarf wohl keine Versicherung wie lebhaft wie
689 1319 827 1362 G.C.H.F.P
678 1358 1715 1409 mit Pein gefühlt haben uns mir den neuesten
866 1369 1689 1444 günstigen Nachrichten u ein ein Stim vom
870 1409 1740 1471 Herzen gefallen.  Ihr Plimm er heim wie die
878 1459 1681 1510 Einsamteil, zu der Sie verurtheilt sind
863 1501 1696 1546 und w ich nun alles betrüblich ins Wasser
863 1526 1719 1587 gefallen, was wir, um ein ofteres und er¬
878 1559 1692 1624 gibigeres Weisammen sein herbeizuführen, ge¬
884 1594 1657 1663 plant haben. Hoffentlich haben Sie einem
796 1626 1740 1689 Gewissen Haustin, das bei Ihnen wohnt, und
881 1671 1752 1722 was ich, sehr gelehrt, Ihren Passimismus nennen
891 1701 1729 1766 will, nicht zu viel zu treffen gegeben; es
893 1744 1661 1797 soll nicht so statt werden, daß es nicht
888 1766 1678 1843 wieder zur Türe herauskann. Wäre ich
893 1824 1730 1872 Zunggefelle, 2 wäre ich oft bei Ihnen gewesen
896 1854 1730 1914 denn ich habe Scharlach gehabt. Als ich neue
893 1890 1712 1952 Jahre alt war, lag ich daran dem Tode
899 1934 1722 1979 noch und in den Velitten sah ich be¬
914 1962 1710 2012 ständig lauter farbige Fliegende Vögel.
899 1998 1688 2046 Ich glaube sogar das die Scharlachdelirien
891 2038 1707 2085 etwas ganz besonderes sind, ganz besonders
893 2074 1755 2123 darbig und intensiv, als ob da ein Zusammen¬
891 2111 1515 2170 Sang mit den Kamer wäre.
1034 2152 1661 2212 Die zwei Tage mit Bahn waren
911 2203 1706 2245 sehr nett und wie haben Ihrer viel ge¬
892 2224 1679 2280 dacht. Kahn ist immer der Alte, Sprid
893 2257 1710 2309 und von einer wunderlichen heimlichen Zärt¬
896 2290 1686 2342 lichkeit gegen Freunde. Ich glaube, einen
893 2334 1733 2367 besseren und traueren Freund konnte man
888 2359 1722 2406 nige haben, wenn man ihn zum freund¬
903 2391 1718 2445 hat. Dein Bruder, ein witziger Mann, was
899 2427 1664 2471 auch dabei, witzig und sympathisch, was
899 2451 1739 2509 selben zusammen trifft. Ich spalte mit ihm Domino
893 2497 1740 2547 und gewann ihm zwei Kronen ab,- es be¬
