2664 3655
316 571 2079 706 sollen nur jene Klassen eingerichtet werden, die durch die Zahl
1330 655 2367 749 Ein diesbezüglicher Finanzplan wurde von
311 708 2359 820 angemeldeter Schüler gesichert sind. einem fachmannischen Comité ausgearbeitet.
438 772 2099 915 Ich selber beabsichtige mit drei Gesellschaftern die finan-
313 879 1816 983 zielle Verantwortlichkeit des Botriebes zu übernehmen.
448 943 2041 1055 Gestatten Sie mir, hochverehrter Herr, die Anfrage an Sie
311 1037 2048 1159 zu richten, ob Sie sich bereit erklären, die seinerzeit mir so
321 1123 1951 1264 gütig durch Vorzeichnung zur Verfügung gestellte Summe von
1251 1208 1416 1307 elade
1472 1205 1977 1343 fünfhundert.
1251 1271 1345 1348 " *
471 1218 1192 1358 Kr. 500
326 1332 2097 1439 auch für diesen auf anderer Basis unternommenen Schulbetrieb zur
334 1411 2125 1526 Verfügung zu stellen. Die von mir durch Vorzeichnungen zustande
326 1478 2074 1620 gebrachte Summe im Gesamtbetrage von Kr 20.000, soll zum Zwecke
331 1615 2102 1745 der Majestierung innerer Einrichtung und als Anlage des Reserve-
334 1707 701 1811 Fonds dienen.
476 1704 2074 1898 Wollen Sie, sehr geehrter Herr, hiebei in Erwägung ziehen,
339 1878 2109 1979 dass die Einrichtung eines Knaben Landerziehungsheimes im großen
339 1949 2084 2071 Styl die Konstituierung des zukünftigen Vereines mit dem erfor-
341 2025 2002 2153 derlichen Stifterfond, nach meiner Ueberzeugung und nach der
349 2107 2038 2267 Ueberzeugung von Fachmännern erst zu Stande kommen kann, wenn
346 2232 2114 2339 durch einem bescheidenem Rahmen geführten Betrieb, die Tatsache
346 2318 2071 2441 für das in Oesterreich bestehende Bedürfnis nach einer solchen
349 2423 932 2540 Anstalt erbracht ist.
479 2461 2089 2619 Gestatten Sie mir, Ihnen mitzuteilen, daß 14 Tage nach Ab-
346 2563 2145 2723 schluß der Miete bereits /35/ Schüler bei Prof. RASCHKE definitiv
344 2652 2097 2812 angemeldet wurden, und das Interesse des Publikums, wie wir uns
344 2767 1793 2874 überzeugt haben, immer weitere Kreise an sich zieht.
487 2782 2104 2973 Wenn ich also heute auch noch nicht in der Lage bin Ihnen
341 2925 2145 3088 für die gezeichnete Summe eine grundbücherliche Sicherstellung zu
