4210 3657
1550 955 2664 1114 nicht nur nicht verlieren werden.
1543 1067 2666 1184 sondern auch pünktlich die Zinsen
1557 1165 2638 1300 erhalten dürften. Bringen Sie
1556 1278 2648 1394 mir das Opfer, Arthur, warten
1574 1364 2648 1484 Sie mit Ihrer Forderung. Viel
1564 1440 2663 1600 leicht kann man sie bereits im
1542 1550 2650 1687 nächsten Jahr erfüllen. Ich sage
1543 1663 2607 1777 Schneu, daß die Schule eine
1550 1726 2680 1872 Musteranstalt ist, daß sie übe
1544 1829 2680 1973 Jedes Erwarten gut geführt
1557 1935 2668 2038 wird, das wird Ihnen Jakob
1564 2016 2663 2159 bestätigen, der sie jede Woche
1562 2099 2686 2242 besucht. Ich habe dieser Tatsache
1577 2199 2693 2312 gegenüber jede persönliche Bitten
1562 2269 2681 2375 keit verloren u bringen dem
1584 2358 2694 2485 Verein die größte Achtung entgeben
1552 2414 2686 2551 u. den Wunsch zu fordern. Helfen
1556 2504 2706 2637 Sie mir bitte! Es ist ein gute Sache
1755 2575 2205 2667 Ihre Julie
