2664 3655
393 676 1954 827 geben, so kann ich Sie doch aufrichtigst versichern, bei
396 814 2114 915 einer wie zu erwartenden geddihlichen finanziellen Entwicklung
976 891 1993 948 Ihnen Anteil an dem Ertragnis zu tieten, respect.
390 915 2051 1053 und Komplettierung der Anstalts die Amortisierungen der mir zur
390 1009 1509 1124 Verfügung gestellten Summen einzuleiten.
533 1039 2144 1193 Indem ich die dringende und herzliche Bitte wiederhole die
396 1163 2207 1339 Idee der Schulreform durch Unterstützung des Projektes zu fördern,
393 1297 624 1429 bin ich
1072 1275 2122 1484 mit hochachtungsvollsten Empfehlungen
1295 1438 1910 1561 Ihre dankbar ergebene
1138 1550 2433 1765 Julie Wassermann.
825 1905 1443 2084 Lieber Arthur,
327 2001 2372 2188 Ich schicke Ihnen dieses Schreiben mit folgendem
324 2152 2331 2353 Zusatz: ich bitte Sie, damit die Verantwortung
333 2295 2394 2463 einem so nahen Freund gegenüber mich nicht be¬
338 2397 2413 2554 unruhigt folgendes zu erlauben. Ich erkläre Ihnen
327 2488 2334 2666 hiermit schriftlich, daß Ihr Bub in dem ersten
355 2644 2504 2801 Jahr des Schulbesuches kein Schulgeld zu zahlen braucht
355 2705 2501 2897 und sind Nicht Eurse (englische, französische Conversation,
319 2812 2386 2988 Clavier, Chorgesang, Malen, etc. frei besuchen darf
297 2919 2389 3062 diese laise kosten monatlich 3 kr., wenn er bei 7
291 3051 2490 3161 larsen teilnimmt, so käme es in Jahr auf 200 K
324 3134 2537 3348 Volksschule kostet 300 kr., so war meine Schuld¬
