3768 4232
3131 352 3258 529 17
1029 506 3367 689 Neue Freie Presse, Ostern 1927 Esgibt Wesen, de-
1008 644 3379 789 nen wir das Vortrefflichste zuzutrauen geneigt
1002 777 1416 984 sind...
1020 928 3252 1070 Wenn du es dir einfallen lässt Abschätziges
1029 1052 2628 1194 über einen Stand zu äussern...
999 1132 3302 1292 Es ist die schlimmste Verschwendung an Geist
1017 1262 3098 1413 und Herz Gegner zu überzeugen suchen.
1017 1381 3296 1522 Wie unklar doch die Menschen... eeiner liebt
1023 1502 2217 1647 den Duft der Blumen....
1014 1647 3308 1747 Wie oft halten wir für unversöhnlichkeit der
1008 1721 1658 1859 Ansichten...
1008 1845 3320 1972 Es ist schade, dass die meisten Nationalisten
1026 1951 2120 2096 so wenig Verstand...
1020 2040 3338 2205 Wie oft... halten wir für Stärke des Charak-
1014 2188 1443 2338 ters...
1008 2306 3373 2439 Eine sogenannte Halbwahrheit, sie mag sich auf-
1020 2403 1525 2557 spielen...
1023 2477 3361 2675 Ich glaube dir dene Weisheit nur, wenn sie dir
1023 2646 1972 2773 aus dem Herzen...
1008 2746 3163 2897 Du sprichst von deiner Mission, das klingt
1023 2862 1942 3007 etwas pathetisch..
1023 2980 3361 3122 Dass du ihn völlig durchschautest, das hat dir
1023 3110 2321 3222 noch keiner verziehen...
1020 3219 3346 3379 Wenn einer sagt, dass er die Menschen liebe...
1032 3391 3255 3500 Wenn dir ein Unglück widerfährt, so wird die
1032 3465 2702 3633 erste Regung dei nes Freundes...
1020 3589 3311 3731 Ein Gemisch vom Aufrichtigkeit und Lüge wird
1029 3710 1446 3861 immer...
