3800 4152
714 280 3390 607 Anttologen kleisende, in denen Gertag
851 474 2943 751 <Polko, Dichtergrüsse: Anfang vom Ende.
907 634 3139 931 Oesterreichische Lyrik: Ohnmacht - Wie wir
1238 784 3323 961 so still - Abschied - Am Flügel - Anfang
1261 974 1728 1194 vom Ende.
857 1121 3293 1314 Theateralmanach; Münchner Schauspielhaus 1900:
1254 1311 2088 1428 Anfang vom Ende.
874 1438 3203 1595 (Moderne deutsche Lyrik (Benzmann): Ohnmacht
1254 1581 2099 1742 Anfang vom Ende.
884 1748 2993 1965 Schwarz auf Weiss, 1902: An ein Mädchen.
921 1908 2946 2072 <Neue deutsche Gedichte (Xenienverlag):
1274 2095 2686 2265 Ohnmacht - Anfang vom Ende.
941 2182 3113 2369 Fischer, Das XXV.Jahr, 1911: Die dreifache
1281 2355 1718 2562 Warnung.
867 2542 2752 2666 Welthumor: Aus dem „Grossen Wurstl.
934 2672 2502 2873 Im lustigen Landl: Exzentrik.
931 2819 2305 3023 /Schatzkammer: Weissagung.
927 2883 3286 3153 Gesterreichische Dichter an Liliencron; 1904:
1341 3109 2292 3276 Der Ruppenspieler.
941 3260 3396 3403 Widmung an Saar, 1902: Liebelei: Tanzschulsszene.
917 3363 3256 3650 Deutsche Lyrik, Sosnosky: Ohnmacht - Wie wir
1361 3576 2762 3717 so still - Anfang vom Ende.
