3768 4152
901 602 3181 840 Anatols Grössenwahn, Lustspiel in einem Akt 1891.
919 864 2814 1111 Familie, Schauspiel in drei Akten 92/ 93.
910 1221 2727 1433 Das süsse Geheimnis, In einem Akt o894,
907 1518 2809 1640 Das Portrait, Listspiel in einem Akt 1894.
913 1617 2995 1774 Platonische Liebe, Lustspuel in einem Akt 94.
898 1838 3117 2024 Die Quellen des Nil, Lustspiel in einem Akt, 98
907 2117 3006 2326 Das Haus de LormeLorme, Komödte in einem Akt.
919 2416 3251 2617 Die Gouvernante, Scene aus dem Familienleben, 1901
922 2733 3012 2884 Worte, Tragikomödie in fünf Akten, 1906/ 07.
