3736 4232
2857 555 2992 752 16
954 681 3312 866 Was soll mir ein Zeiger, der sich so rasend..J
954 854 3118 1063 Ob ein Mensch dich betrogen, bestohlen oder
954 957 1888 1072 verleumdet habe...
951 1048 3171 1292 Es ist schon oft genug vorgekommen.dass ein
931 1172 1644 1330 Bösewicht...
919 1380 2660 1565 Almanach Zsolnay 1927.Bemerkungen.
919 1536 3277 1694 Jede Art von künstlerischer Produktion fordert
898 1638 3101 1826 mit Notwendigkeit Kritik heraus, denn
910 1815 1574 1988 es liegt....
907 2064 3183 2270 Auch der Dilettant hat zuweilen Einfälle, die
898 2202 2396 2340 selbst dem Anspruchsvollen...
943 2317 3247 2487 Dem Humoristen wird es auch im aufgeräumteste
890 2440 3180 2569 Moment jemals einfallen sich zu eincanaillie
901 2534 1274 2663 ren...
954 2684 3104 2825 Innerhalb des Groteksen ist es niemals mög
890 2737 2754 2913 lich die Vollendung zu erreichen...
875 2845 3127 3039 Man begegnet als Autor zuweilen Voreingenom-
872 3001 2575 3124 menheiten,jæ Feindseligke iten...
