3752 4168
739 337 1269 631 Apt. (Zeilich
3142 460 3240 607 2
1094 567 1744 736 Sp.i.Versen.
1097 736 3086 874 Noch nicht Geborner du, einen Freund...
1100 846 3252 978 (Theater-und Musikwoche, 1. Jahrg.1. Jänner),
1094 1131 1790 1309 Spr. i. Versèn.
1146 1254 3491 1444 Wie kommt's, dass um den neuerglimmten Szern...
1106 1410 3442 1582 Wie stolz er sitzt, die Füsse kaum im Bügel...
1159 1582 3031 1787 Vom Wirbel grosser Zeit erfasst....
1125 1713 3270 1891 (Blätter des Deutschen Theaters,Mai 1924)
1113 2066 1756 2185 Sp.i.Versen.
1119 2176 3298 2332 So unvermeidbar ein Geschick dir scheine.
1119 2348 3580 2486 Aus fremden eid hast du dich schnell gerettet..
1131 2473 3463 2642 Vom steilen Weg ist Lipp und Herz vordorrt...
1149 2636 3142 2887 (Jüdische Jugendblätter 15.April 1919).
2903 2826 2998 3040 2
1125 2878 2133 3105 Gedicht: Am Flügel.
1134 3083 3166 3243 Da sitz ich im wohlbekannten Gemacht...
1156 3240 3108 3424 (Wiener Zeitschrift für Musik, 1908,1.
