3736 4184
983 360 1276 572 cette h.
641 393 929 569 One-
1052 554 2918 818 Spr.in Versen. Ungläubige Distichen.
1046 788 3143 899 Frage: Weisst du's Gekreuzigter selbst.
1058 866 3065 1028 Neue Zeit: Achtung, der Pöbel rückt an.
1055 1013 3113 1139 Kunst: Zwar ich bewundere den Schwung...
1049 1088 3458 1285 Die Wohltätigen: Feuchtet auch Mitleid ihr Aug.
1061 1327 2873 1483 Nachruf: Hättest du,Liebe,geahnt...
1076 1411 3344 1576 Widmung in die Zukunft: Noch nicht Geborener
2990 1501 3077 1600 d u
1112 1564 3266 1732 Für unsere kleinen russischen Brüder, Genf,
1085 1690 2205 1822 Friedjof Nansen 1922)
1091 1933 2754 2127 Paralipomena zum „Weg ins Freie“
1082 2073 3353 2271 Der Politiker hat nicht mit der Aehnlichkeit
2798 2184 3179 2325 Ersker
1094 2301 1828 2439 zu rechnen...
1085 2382 3044 2589 Es ist wahr,schon das Wort Religion.
1097 2529 3341 2796 Auch das klügste Wort bleibt nur Geschwätz.
1112 2694 3245 2873 Auch sehr ins Weite denken ist manchmal.
1058 2879 3179 3059 Grosse Künstler oder auch Dilettanten....
1067 3014 3446 3194 Es ist immer ein Zeichen von Lebensschwäche...
1085 3143 3230 3335 Nicht auf Gesinnung kommt es an,sondern...
1136 3284 3353 3494 Die Gesellschaft hat die Strafe erfunden...
1130 3464 2673 3652 Um einer Partei anzugehören...
1136 3601 3413 3862 Es war das Charakteristische dieser Gruppe.
