3752 4168
1548 466 2552 629 In dramatischer Form.
992 562 3108 759 Der ehinesische Prinz. In 4 Bildern. 1872/3.
974 759 3356 971 Die Loreley, Tragödie in 5 Akten u. einem Vorspiel.
2972 883 3353 1022 1871/72.
1001 940 2782 1131 Die Loreley. In 2 Abteilungen. 1873?
1055 1119 3384 1297 Geld und Ehrlichkeit. Märchen in 4 Aufzügen. 1873
977 1240 3127 1451 4 Königin Himmelblau. Märchen in 4 Akten. 1874.
956 1394 3039 1578 Cornelius Ombra. Dramat.Märchen. Juni 1874.
965 1584 3069 1760 + Die verbrannte Katze. Eine Szene. Juli 1874.
989 1705 2906 1884 + Der grosse Krach. In 5 Akten. Juli 1874.
986 1881 2900 2065 + Die Wundergeige :vollendet?: Mai 1874.
968 2014 3399 2186 + Die Schutzgeister. Märchen in 3 Akten. Sept.Okt.74.
965 2183 3178 2310 + Teegesellschaft, Lustspiel in 1 Akt. Okt. 1874.
956 2313 3238 2470 4 Prinz Ernst. Histor.Tragödie in 1 Vorsp.u 6 Akt
2918 2416 3390 2606 XXXI 74/5.
901 2458 2842 2625 + Der Schatzgräber. Märchen in 5 Akt. 74/5.
974 2631 2715 2791 + Alpenjäger. Trauersp. in 2 Åbt. 1874.
986 2740 2842 2954 + Kraut und Rüben. Lustsp. in 2 Akt. 1874.
1049 2951 3390 3093 Tarquinus Superbus. 3.Teil. Hist.Trag.in 5 Akt. 75.
1037 3093 3127 3257 Nachtgeschiehten. Fast nachtsp. in 2 Akt. 1875.
1037 3220 3402 3444 Der Raub der Sabienerinnen. Trag.in 5 Akt.u.1 Versp
3048 3329 3387 3514 1875/6.
