3752 4200
592 425 1028 582 Ass. (ten)
2894 513 3031 658 10
783 640 3225 822 Keinen Anlass zur Lüge haben, heisst noch nicht.
789 859 3192 983 Du kannst einen Menschen daran hindern zu steh-
834 922 1705 1053 len, aber nicht.
734 983 2931 1174 Nur unter deinesgleichen hast du das Recht
1044 1132 3049 1271 (Künstlerhilfe,Almanach, Literarie 1924).
737 1392 2136 1578 Aphorismen. (Aus Literaria):
743 1568 2697 1732 Lebenskunst: Die besonderen Gesetze...
786 1729 2739 1881 Auch denen, die uns lieben u.verehren.
789 1872 2342 2063 Wahrhaftig ungütig sind wir...
786 2030 2497 2199 Hüte dich vor den Bescheidenen...
783 2160 2533 2372 Warum uns doch die Gutmütigkeit...
777 2318 2375 2515 Keinen Anlass zur Lüge haben.
780 2500 2888 2667 Du kannst einen Menschen daran hindern.
786 2630 3022 2830 Nur unter deinesgleichen hast du das Recht.
1053 2770 2448 2952 (Moderne Welt,1924,Heft 8.)
