3736 4232
2926 472 3052 610 13
886 592 3058 808 In den besten Momenten ihres Schaffens sind
883 688 3160 889 Künstler zweiten Ranges von den wahreux wahr
880 802 2802 982 haft Grossen kaum zu unterscheiden...
892 901 3019 1120 O. Meister wäre dein Genie doch aroundisch
970 1090 1367 1247 enug...
895 1153 3166 1343 Was den milettanten früher...verrät als die
904 1283 2340 1445 Schwächen seines Talents....
898 1370 3145 1562 Wpher nur dein Drang o Dichter von den köst-
907 1487 2748 1646 lichen Stunden deiner Einsamkeit...
907 1592 3085 1775 Künstler sein, das heisst verstehen die rau
904 1709 2992 1877 hen Flächen der Wirklichkeit so glatt zu
895 1841 1595 1985 schleifen....
916 1886 3232 2082 Von jeder Epoche geht eine literarische Manier
913 2070 1394 2175 aus......
910 2133 3217 2328 Es mag dem Künstler begegnen, dass er mit sei¬
934 2220 3349 2403 nem Stoff lange Zeit so übelegengespielt hat...
928 2340 3199 2541 Wir sind allzu oft geneigt unter einer trübe
928 2439 3244 2646 schillernden Oberfläche Tiefe zu vermuten....
931 2565 3193 2751 Nur stille geschwiegen Autor und keine Erwi-
928 2757 1415 2884 derung...
