3768 4456
1487 560 2387 802 Erzählend.
1089 769 3066 1025 + Die Frau des Tauchers. Ein Märchen. 1873.
1106 989 2846 1120 + Die treue Gattin. Ein Märchen. 1873.
1089 1081 3231 1262 Der Geist mit dem Ringe. Eine Geschichte aus
2676 1248 3342 1420 Egypten. 1873.
1092 1362 3261 1590 + Der alte Büehersehrank. Eine Erzählung- 1874.
1103 1574 3239 1718 + Die Sonne bringt es an den Tag. Eien Schulge-
2771 1699 3431 1866 schichte. 1875
1170 1874 2331 1994 Frederigo. Nevelle. 1876.
1175 2002 3409 2167 Die Geschichte von Amadeus, dem Poeten. Pahanta-
2824 2122 3311 2298 sie. 1877.
1178 2256 2612 2484 Ein Festmahl. Nevellette. 1882.
1181 2468 2696 2623 Welch eine Melodie! Skizze. 1885.
1175 2640 2490 2785 Belastet. Erzählung. 1885/6.
1175 2752 2715 2899 Gabrielens Reue. Erzählung. 1887.
1181 2874 2440 3077 Erbsehaft. Erzählung. 1887.
