3752 4168
610 396 1228 597 Aph. (fertsche)
978 594 3218 750 Aphorismen, aus Zeitse-Sprüche in Versen aus
984 701 1917 881 Zeitschriften etc.
972 838 2572 1042 Sprüche i.Versen (Entgegnungen
978 948 3102 1185 So kühn dein Werk gedacht,erheben wir die
978 1164 1265 1274 Klage
990 1158 3224 1335 Dies ist's, woran vor allem dir’s gebricht..
1003 1298 2344 1408 Mit deinem Lob, o Rezensent
1012 1307 2584 1512 (Blätter des Burgtheater 1920.)
993 1594 1576 1780 Aphorismen.
978 1731 3367 1859 Es gibt nur wenige Menschen, die dem wahrhaften
997 1816 2496 1972 Egoisten anticipathisch sind...
981 1932 3224 2106 solidarität der Bestrebungen knüpft euch mit
1003 2075 1701 2246 Bindfaden....
997 2158 3346 2337 Es als Tugend auszurufen, dass sich Menschen...
1006 2337 2395 2511 wenn der Hass feige ist...
1009 2472 3367 2682 Leute, die immer die Gescheidteren sein wollen.
1012 2593 3285 2819 Die jämmerlichsten Patrone sind immer die...
1012 2776 3456 2974 mast du die innere Abgeschlossenheit errungen.
1015 2920 2828 3118 Schüttle ein Aphorisma,so fällt...
1045 3048 3499 3258 (Oesterr.Pundschau, 28. Sept. 1905.) (Antin Rini)
1073 3416 1728 3544 Sp.i.Versen.
1082 3563 3300 3691 So unvermeidbar ein Geschick dir scheine...
1121 3617 3349 3767 Vom steilen Weg ist Lipp und Herz verdort,
1125 3736 3136 3864 Ein Naar, der die name im Purpunkleid....
1128 3855 2566 3971 Hilfe für Wiener Studenten).
