3752 4264
2894 420 3016 565 21
880 581 1928 792 Menorah, November 1927.
805 680 3347 903 Was wir den Menschen als ihr metaphysisches Bedürfnis..
811 897 2759 1087 Der Weg vom religiösen Gefühl zum Dogma...
815 1045 3456 1215 Ob einer glaubt, das weiss er im allgemeinen selber nicht.
821 1196 2487 1373 Dass wir einen Gott ahren, ist nur...
821 1311 2753 1564 Diejenigen Tugenden werden am lautesten...
825 1534 3318 1679 Es stünde besser in der Welt, wenn nicht jeder Fromme..
838 1669 2437 1843 "er Gott glaubt mag zu ihm beten..
838 1817 2763 2004 Symbole, Iura, Abstrakta, das sind ebenso...
834 1941 3226 2148 Jede gefühlsmässige Beziehung zu Gott ist sinnlos...
880 2119 2674 2290 eine Ahnung vom Göttlichen du hültst..
841 2273 2552 2451 Die Idee ist ein so gittliches Ding.
851 2451 3137 2621 So hoch sich der Glaube emporzuschwingen meint...
857 2684 1925 2868 Tagebuch, November 1927.
857 2805 2937 2993 Wir wundern uns immer wieder, wenn ein Poet...
867 2953 3068 3150 In der Kunst müssen wir uns von dem Vorurteil...
854 3104 2388 3305 Das Wesen des 8 Feuilletonismus...
864 3292 3305 3469 Eine besondere Lust gewährt es manchem Rezensenten...
