3768 4184
1029 606 3294 791 Aphorismen,Neue Freie Presse,Weihnachten 24.
982 788 3103 941 Dem vollkommen wahrhaften Menschen haftet
971 874 1456 982 meist....
985 979 3247 1185 Iden - mögen zwischen ihnen auch Gegensätze
971 1100 1494 1250 walten....
982 1209 3159 1371 Die wahre Objektivität, daher auch die abso
979 1324 2924 1471 lute Gerechtigkeit wird immer nur eine
982 1391 1815 1518 Idee bleiben....
959 1477 3229 1656 Was als Persönlichkeit aff uns wirkt, das ist
1026 1624 3188 1768 leichsam ein dunkles Gewölk von Möglichkei
959 1674 1341 1824 ten...
968 1806 3179 1962 In jeder wirklich guten Anekdote steckt der
965 1921 2194 2085 Keim zu einem Mythos....
953 2062 3256 2182 Wir sind in jedem Fall verdammt unsere Neben-
941 2156 2138 2279 menschen auszunützen...
935 2268 3256 2418 Dass wir enttäuschen,das mag uns au oft genug
947 2385 2491 2527 ohne eigene Schuld begegnen...
3427 2465 3518 2597 #
968 2506 3335 2635 Die Eigenschaften unserer Nebenmenschen wie un-
938 2618 3191 2694 sere eigenen sind uns immer nur ihrer quali¬
935 2685 2700 2815 tativen Bedeutung nach offenbar...
926 2782 3109 2941 Politische Ueberzeugung,das ist oft nichts
921 2927 2553 3062 anderes als die bequeme Larve..
935 3029 3179 3165 Es ist immer noch besser, wenn sich zwei Men-
926 3150 3247 3262 schen über den tiefen Abgrund ew iger
921 3212 1818 3350 Fremdheit hin...
918 3335 3006 3503 Was das Leben oft so mühevoll und oft so
918 3447 1918 3582 hoffnungslos macht.
956 3556 3271 3715 So mancher glaubt immer noch einem verlorenen
897 3665 2162 3827 Glücke nachzuweinen....
3288 3621 3500 3856 a/a
824 3841 959 3974 FJ
