3752 4232
3053 318 3187 467 18
906 456 3231 657 Menschliche Beziehungen, die auf grossem Fusse
917 634 2022 774 eingrichtet waren...
903 713 3199 903 Die sogenannten impulsiven Menschen sind mei¬
911 862 2422 987 stens nicht Verschwender.....
920 955 3231 1098 Unsere Fragen an die Gottheit sind es, die uns
914 1095 1864 1209 reicher machen...
914 1166 3202 1341 Mit dem Ohr der Menschheit ist es so beschaf
917 1315 1557 1455 fen,dass...
920 1399 3000 1563 So hoch sich der Glaube emporzuschwingen
917 1504 2495 1659 meint, an der Unendlichkeit...
917 1633 3266 1802 Dies verrät den Unbedeutenden immer wieder
938 1764 2690 1899 dass er, sich, wenn das Schicksal...
941 1855 3149 2004 Wenn man mit einem Politiker von xxx guten
938 1948 3167 2077 Manieren und einiger Klugheit in eine Unter-
938 2059 1832 2200 haltung gerät....
987 2311 3129 2486 Dresdner Neueste Nachrichten, Ostern 1927
1011 2448 3175 2626 Auch die erhabensten gefühle, wenn sie sich
952 2585 2658 2728 an sich selbst genügen lassen...
952 2688 3032 2854 Von wie verräterischer Feigheit ist doch
949 2807 2206 2965 manchmal die sprache....
964 2921 3213 3091 Wenn du dich in Gefahr glaubst,an einem Men-
946 3044 2363 3193 schen zugrunde zu gehen.
961 3161 3243 3310 Es kommt nicht selten vor, dass Theaterstücke
970 3272 1998 3421 vor dem Publikum.
967 3380 3228 3529 Cäsar hatte es leichter auf der Welt als Na-
973 3520 1522 3643 poleon...
967 3567 3257 3777 Es gibt Leute, die alle möglichen mugenden in
976 3695 3082 3900 sich vereinen,nur mit der Einschränkung.
