3752 4184
3025 450 3156 579 19
941 576 3142 757 Was wir für gewöhnlich Lüge zu nennen pfle-
932 745 2019 839 gen, ist meist nur...
926 827 3180 959 Wenn Ihr den Gott lobpreist ohne dessen Wil-
938 964 1248 1125 len...
932 1046 3212 1236 Der Geschmack einer Speisejeines Dings, eines
932 1166 2288 1333 Menschen kann täuschen...
938 1260 3262 1438 Wenige Menschen versäumen es für das Schuldge
938 1417 1420 1566 fühl...
932 1488 3226 1669 Die Anteilnahme der Nebenmenschen an unserem
953 1642 1625 1794 Schicksal....
941 1727 3294 1882 Dilettant sein, das heisst, seiner eigenen Einfäl
956 1856 1829 1976 le nicht wert...
944 1984 3224 2131 Das muss schon eine sehr hohe Art von Mensch
953 2090 2996 2244 sein, den die Sehnsucht nach Freiheit...
944 2221 3229 2338 Es gibt allerlei Flucht aus Verantwortung,es
959 2320 2557 2440 gibt eine Flucht in den Tod....
