3752 4232
2877 391 3018 539 20
818 578 3152 726 Beriner Tagblatt und Neue Leipziger Zeitung,
841 683 1465 854 Ostern 1927.
831 831 1783 975 Sprüche in Versen.
831 913 3202 1110 O armer Bach. wie seicht rinnt dein geriesel...
831 1064 3074 1251 Und klagt Ihr wieder Eure kritische Not...
824 1261 3074 1425 Das immer süsser dir von Jahr zu Jahre...
791 1465 2020 1698 Bereitschaft, September 27:
791 1619 3225 1819 Allzu viel Seelenkraft verschwendet oft der ehrliche
798 1832 1376 2003 Bekenner...
811 1934 3218 2111 Wie man den Alkoholismus an sich schon ein Laster...
801 2088 2535 2276 Es gibt nur drei absolute Tugenden...
811 2210 3277 2420 Der Eintritt in das Gebiet metaphysischer Probleme...
814 2387 3225 2545 Wir finden uns ja damit ab, dass in bösen Zeiten...
828 2515 2781 2699 Standesbewusstsein, damit bezeichnen wir...
831 2693 3468 2857 Je entschiedener eine politische Partei zur Macht gelangt
828 2808 3097 2995 Der Pedantismus missverstand die Menschenliebe...
1839 2998 3054 3156 Schauspielhaus, November 27.
834 3031 1757 3202 Almanach, Frankfurt
831 3179 3139 3300 Dass wir in der Tragödie nach dem Untergang des
831 3297 1314 3477 Helden...
834 3412 3208 3586 Ein böser Mensch, der auf der Bühne einen Gütigen...
