<?xml version="1.0" encoding="UTF-8" standalone="yes"?>
<PcGts xmlns="http://schema.primaresearch.org/PAGE/gts/pagecontent/2013-07-15" xmlns:xsi="http://www.w3.org/2001/XMLSchema-instance" xsi:schemaLocation="http://schema.primaresearch.org/PAGE/gts/pagecontent/2013-07-15 http://schema.primaresearch.org/PAGE/gts/pagecontent/2013-07-15/pagecontent.xsd">
    <Metadata>
        <Creator>prov=READ-COOP:name=TrHtr:version=2.1.0:model_id=51170:date=25_07_2023_11:05</Creator>
        <Created>2023-05-01T22:04:47.100+02:00</Created>
        <LastChange>2023-07-25T11:05:49.400+02:00</LastChange>
        <TranskribusMetadata docId="1416463" pageId="54947797" pageNr="3" tsid="130603293" status="IN_PROGRESS" userId="64420" imgUrl="https://files.transkribus.eu/Get?id=IGQUQRMAZYDUXPEKHTOABWBW&amp;fileType=view" xmlUrl="https://files.transkribus.eu/Get?id=NSIUNLXHMKRTDANTCKVYXOVD" imageId="44451858"/>
    </Metadata>
    <Page imageFilename="1416463_0003.jpg" imageWidth="4390" imageHeight="4457">
        <ReadingOrder>
            <OrderedGroup id="ro_1711830145388" caption="Regions reading order">
                <RegionRefIndexed index="0" regionRef="tr_1"/>
                <RegionRefIndexed index="1" regionRef="tr_3"/>
                <RegionRefIndexed index="2" regionRef="tr_2"/>
            </OrderedGroup>
        </ReadingOrder>
        <TextRegion id="tr_1" custom="readingOrder {index:0;}">
            <Coords points="453,1063 2092,1063 2092,3607 453,3607"/>
            <TextLine id="tr_1_tl_1" custom="readingOrder {index:0;}">
                <Coords points="441,1173 1632,1113 1833,1161 2027,1135 2029,1059 1029,1037 443,1097"/>
                <Baseline points="453,1155 465,1155 510,1155 555,1155 600,1155 644,1152 689,1152 734,1149 779,1146 823,1143 868,1140 913,1140 958,1134 1003,1131 1047,1128 1092,1128 1137,1128 1182,1128 1226,1125 1271,1125 1316,1125 1361,1122 1406,1122 1450,1119 1495,1116 1540,1113 1585,1113 1629,1113 1674,1113 1719,1113 1764,1116 1809,1119 1853,1116 1898,1116 1943,1119 1988,1119 2032,1116"/>
                <TextEquiv>
                    <Unicode>der Frauenkenntniß selbst aus der Weiterek, aus</Unicode>
                </TextEquiv>
            </TextLine>
            <TextLine id="tr_1_tl_2" custom="readingOrder {index:1;}">
                <Coords points="451,1265 1967,1247 2005,1169 1496,1157 1323,1213 1121,1163 952,1173 900,1223 451,1221"/>
                <Baseline points="462,1250 486,1253 531,1256 576,1259 620,1253 665,1253 710,1253 755,1250 800,1247 844,1244 889,1244 934,1238 979,1235 1023,1232 1068,1229 1113,1226 1158,1229 1203,1229 1247,1229 1292,1229 1337,1229 1382,1229 1426,1226 1471,1223 1516,1223 1561,1220 1606,1217 1650,1217 1695,1217 1740,1220 1785,1220 1829,1220 1874,1220 1919,1220 1964,1220 2009,1220"/>
                <TextEquiv>
                    <Unicode>ich zu sagen hätte. Und ich hatte ja allerdings</Unicode>
                </TextEquiv>
            </TextLine>
            <TextLine id="tr_1_tl_3" custom="readingOrder {index:2;}">
                <Coords points="451,1379 1065,1329 1283,1383 1664,1331 1780,1381 2027,1357 2029,1263 1339,1313 1235,1257 453,1335"/>
                <Baseline points="462,1352 468,1352 513,1355 558,1355 603,1355 647,1355 692,1355 737,1352 782,1352 826,1352 871,1343 916,1343 961,1340 1006,1337 1050,1331 1095,1331 1140,1334 1185,1334 1229,1334 1274,1337 1319,1337 1364,1337 1409,1340 1453,1337 1498,1337 1543,1334 1588,1334 1632,1334 1677,1331 1722,1334 1767,1331 1812,1331 1856,1331 1901,1328 1946,1328 1991,1331 2035,1331"/>
                <TextEquiv>
                    <Unicode>noch kaum mit dem Herausagen angefangen.</Unicode>
                </TextEquiv>
            </TextLine>
            <TextLine id="tr_1_tl_4" custom="readingOrder {index:3;}">
                <Coords points="824,1514 1095,1450 1223,1492 1333,1450 1391,1478 1700,1436 2067,1450 2067,1379 1999,1363 1855,1408 1199,1395 1099,1434 826,1381"/>
                <Baseline points="835,1465 862,1462 907,1459 952,1453 997,1453 1041,1453 1086,1450 1131,1447 1176,1450 1220,1447 1265,1444 1310,1447 1355,1444 1400,1444 1444,1444 1489,1444 1534,1441 1579,1441 1623,1438 1668,1438 1713,1435 1758,1435 1803,1435 1847,1435 1892,1435 1937,1435 1982,1441 2026,1441 2071,1438"/>
                <TextEquiv>
                    <Unicode>Ich bin ganz u. gar nicht nur gelehr</Unicode>
                </TextEquiv>
            </TextLine>
            <TextLine id="tr_1_tl_5" custom="readingOrder {index:4;}">
                <Coords points="445,1578 1548,1536 1760,1586 1861,1530 1987,1546 1989,1476 445,1520"/>
                <Baseline points="456,1561 471,1561 516,1561 561,1558 606,1561 650,1558 695,1558 740,1558 785,1555 829,1552 874,1549 919,1555 964,1552 1009,1552 1053,1549 1098,1546 1143,1546 1188,1546 1232,1543 1277,1540 1322,1540 1367,1540 1412,1540 1456,1537 1501,1537 1546,1537 1591,1537 1635,1537 1680,1534 1725,1531 1770,1528 1815,1528 1859,1525 1904,1522 1949,1522 1994,1522"/>
                <TextEquiv>
                    <Unicode>2 Frau aus halko auch nichts davon für die</Unicode>
                </TextEquiv>
            </TextLine>
            <TextLine id="tr_1_tl_6" custom="readingOrder {index:5;}">
                <Coords points="465,1666 1792,1676 2017,1654 2017,1588 1875,1624 1658,1574 1562,1636 1395,1564 1331,1612 842,1588 766,1642 678,1600 465,1644"/>
                <Baseline points="477,1662 498,1665 543,1665 588,1665 632,1665 677,1662 722,1662 767,1656 811,1653 856,1653 901,1653 946,1653 991,1653 1035,1650 1080,1647 1125,1647 1170,1647 1215,1644 1259,1644 1304,1644 1349,1641 1394,1644 1438,1644 1483,1647 1528,1650 1573,1650 1618,1653 1662,1653 1707,1653 1752,1653 1797,1650 1841,1647 1886,1644 1931,1641 1976,1638 2021,1635"/>
                <TextEquiv>
                    <Unicode>wirkliche Entwicklung des Weibes. Ich habe das</Unicode>
                </TextEquiv>
            </TextLine>
            <TextLine id="tr_1_tl_7" custom="readingOrder {index:6;}">
                <Coords points="477,1782 844,1821 1424,1760 1712,1811 2049,1768 2051,1706 1742,1702 1642,1744 1496,1700 1399,1746 782,1722 696,1766 479,1718"/>
                <Baseline points="489,1776 534,1782 579,1782 623,1782 668,1782 713,1779 758,1779 803,1776 847,1776 892,1773 937,1773 982,1773 1026,1770 1071,1767 1116,1767 1161,1764 1206,1761 1250,1764 1295,1761 1340,1761 1385,1761 1429,1758 1474,1761 1519,1764 1564,1764 1609,1764 1653,1761 1698,1761 1743,1761 1788,1761 1832,1761 1877,1761 1922,1758 1967,1758 2012,1758 2056,1752"/>
                <TextEquiv>
                    <Unicode>Lehre mitgelebt aus neue Mann gefunden, der</Unicode>
                </TextEquiv>
            </TextLine>
            <TextLine id="tr_1_tl_8" custom="readingOrder {index:7;}">
                <Coords points="483,1909 1504,1865 1674,1929 1809,1857 2039,1875 2041,1786 1925,1776 1859,1831 1159,1794 614,1859 485,1831"/>
                <Baseline points="495,1892 522,1895 567,1892 611,1892 656,1892 701,1889 746,1889 791,1883 835,1880 880,1880 925,1880 970,1877 1014,1874 1059,1874 1104,1871 1149,1871 1194,1868 1238,1868 1283,1865 1328,1868 1373,1865 1418,1862 1462,1862 1507,1862 1552,1862 1597,1862 1641,1859 1686,1856 1731,1856 1776,1856 1821,1853 1865,1853 1910,1853 1955,1853 2000,1850 2044,1847"/>
                <TextEquiv>
                    <Unicode>alle einer Möglichkirte, als Mit frei macht</Unicode>
                </TextEquiv>
            </TextLine>
            <TextLine id="tr_1_tl_9" custom="readingOrder {index:8;}">
                <Coords points="493,2013 1911,1989 2063,1977 2063,1913 1486,1939 1311,1889 1139,1961 816,1917 493,1969"/>
                <Baseline points="504,1985 546,1985 591,1985 635,1985 680,1982 725,1985 770,1982 814,1985 859,1985 904,1985 949,1982 994,1982 1038,1979 1083,1979 1128,1976 1173,1976 1217,1976 1262,1976 1307,1973 1352,1970 1397,1970 1441,1970 1486,1967 1531,1967 1576,1967 1620,1964 1665,1964 1710,1964 1755,1964 1800,1961 1844,1961 1889,1961 1934,1961 1979,1958 2024,1961 2068,1961"/>
                <TextEquiv>
                    <Unicode>uns zur Entwicklung trübe. Dar ihr alles das Wete</Unicode>
                </TextEquiv>
            </TextLine>
            <TextLine id="tr_1_tl_10" custom="readingOrder {index:9;}">
                <Coords points="487,2107 1927,2111 2069,2099 2071,2021 1827,2021 1752,2067 1039,2013 946,2059 818,2013 489,2043"/>
                <Baseline points="498,2092 510,2092 555,2095 600,2092 644,2089 689,2089 734,2089 779,2092 823,2092 868,2092 913,2089 958,2089 1003,2089 1047,2086 1092,2086 1137,2089 1182,2089 1226,2089 1271,2089 1316,2089 1361,2089 1406,2089 1450,2086 1495,2083 1540,2080 1585,2077 1629,2077 1674,2080 1719,2080 1764,2083 1809,2083 1853,2083 1898,2083 1943,2080 1988,2077 2032,2077 2077,2068"/>
                <TextEquiv>
                    <Unicode>etwas Selkenes. Das darum wege ich es Ihnen die¬</Unicode>
                </TextEquiv>
            </TextLine>
            <TextLine id="tr_1_tl_11" custom="readingOrder {index:10;}">
                <Coords points="501,2222 2009,2228 2083,2206 2083,2145 1752,2177 1600,2123 1219,2175 960,2127 876,2193 786,2147 501,2157"/>
                <Baseline points="513,2209 522,2206 567,2209 611,2206 656,2209 701,2209 746,2209 791,2209 835,2206 880,2206 925,2206 970,2206 1014,2203 1059,2203 1104,2200 1149,2200 1194,2200 1238,2200 1283,2200 1328,2200 1373,2197 1418,2197 1462,2194 1507,2194 1552,2194 1597,2194 1641,2194 1686,2194 1731,2194 1776,2197 1821,2197 1865,2197 1910,2197 1955,2197 2000,2194 2044,2197 2089,2197"/>
                <TextEquiv>
                    <Unicode>sich auch zu überänden mit der Kätte, es gelegent¬</Unicode>
                </TextEquiv>
            </TextLine>
            <TextLine id="tr_1_tl_12" custom="readingOrder {index:11;}">
                <Coords points="487,2338 2051,2326 2051,2260 1971,2242 1327,2282 1093,2244 1005,2294 489,2260"/>
                <Baseline points="501,2316 534,2316 579,2316 623,2316 668,2316 713,2319 758,2319 803,2322 847,2319 892,2319 937,2319 982,2316 1026,2316 1071,2313 1116,2313 1161,2313 1206,2310 1250,2310 1295,2310 1340,2307 1385,2310 1429,2307 1474,2307 1519,2304 1564,2304 1609,2304 1653,2301 1698,2301 1743,2298 1788,2301 1832,2298 1877,2298 1922,2295 1967,2295 2012,2295 2056,2292"/>
                <TextEquiv>
                    <Unicode>lich anzublässern. das ich immer alles, worauf es</Unicode>
                </TextEquiv>
            </TextLine>
            <TextLine id="tr_1_tl_13" custom="readingOrder {index:12;}">
                <Coords points="487,2440 2071,2434 2071,2350 2017,2328 1648,2382 1283,2346 1171,2404 1047,2352 846,2412 489,2378"/>
                <Baseline points="498,2430 510,2430 555,2427 600,2427 644,2427 689,2430 734,2430 779,2432 823,2432 868,2430 913,2430 958,2430 1003,2427 1047,2427 1092,2427 1137,2427 1182,2427 1226,2424 1271,2421 1316,2421 1361,2421 1406,2418 1450,2415 1495,2415 1540,2415 1585,2412 1629,2409 1674,2406 1719,2409 1764,2406 1809,2406 1853,2406 1898,2406 1943,2406 1988,2406 2032,2406 2077,2400"/>
                <TextEquiv>
                    <Unicode>erkönnet. Spricht ein Wach nicht zu einem bis</Unicode>
                </TextEquiv>
            </TextLine>
            <TextLine id="tr_1_tl_14" custom="readingOrder {index:13;}">
                <Coords points="493,2546 2071,2532 2089,2454 1975,2492 1566,2450 1379,2492 495,2482"/>
                <Baseline points="504,2528 525,2531 570,2531 614,2531 659,2531 704,2528 749,2528 794,2531 838,2528 883,2531 928,2528 973,2528 1017,2528 1062,2528 1107,2525 1152,2525 1197,2528 1241,2528 1286,2528 1331,2528 1376,2525 1420,2525 1465,2525 1510,2522 1555,2519 1600,2519 1644,2519 1689,2516 1734,2516 1779,2513 1823,2513 1868,2510 1913,2510 1958,2507 2003,2507 2047,2510 2092,2507"/>
                <TextEquiv>
                    <Unicode>ersten Hineinblicke, durch die Bludewelle in sie¬</Unicode>
                </TextEquiv>
            </TextLine>
            <TextLine id="tr_1_tl_15" custom="readingOrder {index:14;}">
                <Coords points="499,2653 2033,2645 2033,2590 1524,2600 1406,2554 1221,2611 754,2554 501,2594"/>
                <Baseline points="513,2633 516,2633 561,2635 606,2635 650,2633 695,2630 740,2633 785,2633 829,2633 874,2633 919,2630 964,2630 1009,2630 1053,2630 1098,2630 1143,2630 1188,2627 1232,2630 1277,2633 1322,2630 1367,2630 1412,2630 1456,2627 1501,2627 1546,2627 1591,2627 1635,2627 1680,2627 1725,2627 1770,2627 1815,2627 1859,2627 1904,2627 1949,2624 1994,2624 2038,2627"/>
                <TextEquiv>
                    <Unicode>eine Salzkam, durch die Salmschwingung in</Unicode>
                </TextEquiv>
            </TextLine>
            <TextLine id="tr_1_tl_16" custom="readingOrder {index:15;}">
                <Coords points="495,2755 1829,2739 2083,2807 2083,2701 2025,2667 495,2695"/>
                <Baseline points="507,2746 522,2746 567,2749 611,2749 656,2746 701,2746 746,2743 791,2743 835,2740 880,2740 925,2740 970,2737 1014,2734 1059,2734 1104,2734 1149,2734 1194,2734 1238,2731 1283,2734 1328,2734 1373,2731 1418,2728 1462,2731 1507,2731 1552,2728 1597,2731 1641,2734 1686,2734 1731,2737 1776,2737 1821,2737 1865,2737 1910,2734 1955,2737 2000,2737 2044,2740 2089,2743"/>
                <TextEquiv>
                    <Unicode>andere Stil - dann das nichts rechtes drach¬</Unicode>
                </TextEquiv>
            </TextLine>
            <TextLine id="tr_1_tl_17" custom="readingOrder {index:16;}">
                <Coords points="854,2887 1179,2899 1508,2849 1692,2881 2041,2867 2041,2797 1624,2815 1522,2773 1351,2825 1287,2789 1211,2821 854,2795"/>
                <Baseline points="865,2856 883,2856 928,2856 973,2856 1017,2859 1062,2856 1107,2856 1152,2853 1197,2850 1241,2853 1286,2850 1331,2850 1376,2847 1420,2847 1465,2847 1510,2844 1555,2847 1600,2850 1644,2850 1689,2847 1734,2850 1779,2850 1823,2850 1868,2850 1913,2850 1958,2850 2003,2850 2047,2853"/>
                <TextEquiv>
                    <Unicode>Seher spricht es zu Ihnen, verchrter</Unicode>
                </TextEquiv>
            </TextLine>
            <TextLine id="tr_1_tl_18" custom="readingOrder {index:17;}">
                <Coords points="517,2969 628,3014 770,2977 876,3016 1165,2977 1590,3012 1941,2987 1943,2893 1833,2941 1586,2895 1426,2933 1355,2887 1261,2943 519,2919"/>
                <Baseline points="528,2964 573,2970 617,2967 662,2970 707,2973 752,2973 797,2973 841,2973 886,2973 931,2976 976,2976 1020,2976 1065,2976 1110,2976 1155,2976 1200,2973 1244,2973 1289,2973 1334,2973 1379,2973 1423,2973 1468,2973 1513,2970 1558,2970 1603,2970 1647,2970 1692,2970 1737,2970 1782,2970 1826,2967 1871,2967 1916,2967 1946,2967"/>
                <TextEquiv>
                    <Unicode>Herr Quetor, dann würden Sie mich durch ein</Unicode>
                </TextEquiv>
            </TextLine>
            <TextLine id="tr_1_tl_19" custom="readingOrder {index:18;}">
                <Coords points="517,3154 768,3100 1321,3136 1476,3090 1732,3090 1802,3136 1945,3072 2061,3108 2063,3024 1708,3005 1512,3060 1359,3020 1267,3070 1129,3024 778,3064 519,3010"/>
                <Baseline points="528,3083 546,3086 591,3089 635,3092 680,3095 725,3095 770,3095 814,3095 859,3095 904,3095 949,3095 994,3095 1038,3095 1083,3095 1128,3095 1173,3092 1217,3092 1262,3089 1307,3089 1352,3089 1397,3086 1441,3086 1486,3083 1531,3083 1576,3080 1620,3080 1665,3080 1710,3080 1755,3077 1800,3071 1844,3071 1889,3068 1934,3068 1979,3068 2024,3068 2068,3074"/>
                <TextEquiv>
                    <Unicode>Zürichte der Mittheilung nicht nur arbe froh ma¬</Unicode>
                </TextEquiv>
            </TextLine>
            <TextLine id="tr_1_tl_20" custom="readingOrder {index:19;}">
                <Coords points="523,3224 896,3258 1726,3198 2065,3256 2069,3144 525,3158"/>
                <Baseline points="537,3209 549,3209 594,3212 638,3212 683,3212 728,3215 773,3215 817,3215 862,3215 907,3215 952,3215 997,3215 1041,3215 1086,3212 1131,3209 1176,3209 1220,3212 1265,3209 1310,3209 1355,3206 1400,3206 1444,3203 1489,3200 1534,3197 1579,3197 1623,3197 1668,3197 1713,3194 1758,3191 1803,3191 1847,3188 1892,3188 1937,3185 1982,3185 2026,3182 2071,3182"/>
                <TextEquiv>
                    <Unicode>chen wenden auch zu weiterer Selbskmittheilung</Unicode>
                </TextEquiv>
            </TextLine>
            <TextLine id="tr_1_tl_21" custom="readingOrder {index:20;}">
                <Coords points="511,3394 1181,3332 1496,3374 1496,3304 1291,3254 1081,3300 1019,3278 972,3298 882,3250 654,3308 599,3274 513,3302"/>
                <Baseline points="525,3343 561,3343 606,3343 650,3343 695,3343 740,3343 785,3340 829,3340 874,3340 919,3340 964,3337 1009,3337 1053,3334 1098,3334 1143,3334 1188,3331 1232,3331 1277,3328 1322,3328 1367,3328 1412,3328 1456,3328 1501,3331"/>
                <TextEquiv>
                    <Unicode>in anderen Küchern ermuthigen.</Unicode>
                </TextEquiv>
            </TextLine>
            <TextLine id="tr_1_tl_22" custom="readingOrder {index:21;}">
                <Coords points="1069,3509 1183,3461 1482,3495 1534,3457 1790,3501 1899,3465 2079,3515 2079,3388 1967,3404 1672,3360 1311,3427 1069,3358"/>
                <Baseline points="1080,3453 1098,3456 1143,3456 1188,3453 1232,3453 1277,3453 1322,3450 1367,3450 1412,3447 1456,3447 1501,3447 1546,3447 1591,3450 1635,3450 1680,3450 1725,3450 1770,3450 1815,3450 1859,3450 1904,3447 1949,3447 1994,3450 2038,3450 2083,3450"/>
                <TextEquiv>
                    <Unicode>Mit ausgereichnacher Tachachtung</Unicode>
                </TextEquiv>
            </TextLine>
            <TextLine id="tr_1_tl_23" custom="readingOrder {index:22;}">
                <Coords points="1063,3645 1293,3597 1343,3619 1454,3595 1530,3631 1596,3599 1648,3629 1847,3581 1989,3595 2033,3587 2035,3503 1937,3487 1774,3533 1658,3499 1576,3547 1492,3551 1420,3525 1383,3549 1165,3527 1065,3549"/>
                <Baseline points="1074,3591 1098,3597 1143,3597 1188,3597 1232,3597 1277,3597 1322,3597 1367,3597 1412,3594 1456,3594 1501,3594 1546,3594 1591,3594 1635,3591 1680,3588 1725,3588 1770,3585 1815,3585 1859,3582 1904,3582 1949,3579 1994,3579 2038,3579"/>
                <TextEquiv>
                    <Unicode>Laara Hausarn = Mar nolm.</Unicode>
                </TextEquiv>
            </TextLine>
        </TextRegion>
        <TextRegion id="tr_3" custom="readingOrder {index:1;}">
            <Coords points="2235,564 3791,564 3791,1872 2235,1872"/>
            <TextLine id="tr_3_tl_1" custom="readingOrder {index:0;}">
                <Coords points="2230,702 2280,702 2294,688 2310,688 2328,668 2336,674 2400,638 2408,644 2430,632 2424,549 2394,547 2336,519 2312,523 2266,507 2218,515"/>
                <Baseline points="2235,614 2280,617 2325,617 2370,623 2415,626 2435,629"/>
                <TextEquiv>
                    <Unicode>„ „</Unicode>
                </TextEquiv>
            </TextLine>
            <TextLine id="tr_3_tl_2" custom="readingOrder {index:1;}">
                <Coords points="2979,1055 3226,1067 3262,1045 3326,1071 3447,1073 3571,1053 3659,1079 3719,1059 3719,1002 3404,972 3342,1011 3254,986 3158,1009 3044,952 2977,962"/>
                <Baseline points="2991,1032 3036,1038 3080,1038 3125,1041 3170,1041 3215,1041 3259,1044 3304,1041 3349,1041 3394,1044 3439,1041 3483,1041 3528,1041 3573,1044 3618,1044 3662,1044 3707,1044 3722,1044"/>
                <TextEquiv>
                    <Unicode>Schlierou, Allerhaierx.</Unicode>
                </TextEquiv>
            </TextLine>
            <TextLine id="tr_3_tl_3" custom="readingOrder {index:2;}">
                <Coords points="3302,1229 3348,1241 3427,1241 3443,1229 3521,1243 3599,1207 3631,1217 3701,1209 3701,1113 3623,1115 3603,1097 3573,1105 3543,1093 3501,1121 3435,1085 3408,1103 3348,1111 3328,1129 3302,1121"/>
                <Baseline points="3313,1161 3346,1161 3391,1161 3436,1161 3480,1161 3525,1161 3570,1161 3615,1161 3659,1161 3704,1158"/>
                <TextEquiv>
                    <Unicode>16 April 95</Unicode>
                </TextEquiv>
            </TextLine>
            <TextLine id="tr_3_tl_4" custom="readingOrder {index:3;}">
                <Coords points="2372,1345 2440,1327 2554,1353 2665,1313 2739,1325 2845,1305 2905,1329 2941,1307 2971,1319 2979,1169 2921,1147 2873,1173 2715,1153 2635,1203 2582,1185 2558,1201 2516,1175 2470,1203 2378,1201"/>
                <Baseline points="2382,1313 2394,1313 2438,1316 2483,1316 2528,1313 2573,1310 2618,1307 2662,1304 2707,1301 2752,1301 2797,1295 2841,1295 2886,1295 2931,1298 2976,1301"/>
                <TextEquiv>
                    <Unicode>Martale</Unicode>
                </TextEquiv>
            </TextLine>
            <TextLine id="tr_3_tl_5" custom="readingOrder {index:4;}">
                <Coords points="2398,1664 2488,1656 2568,1696 2643,1650 2895,1646 3166,1684 3298,1654 3300,1556 3174,1574 3036,1552 2973,1586 2859,1556 2643,1622 2482,1570 2400,1598"/>
                <Baseline points="2412,1635 2456,1641 2501,1644 2546,1644 2591,1644 2635,1644 2680,1644 2725,1644 2770,1644 2815,1641 2859,1641 2904,1644 2949,1641 2994,1638 3038,1638 3083,1638 3128,1638 3173,1638 3218,1635 3262,1635 3304,1635"/>
                <TextEquiv>
                    <Unicode>Sehr güter der Herr Professor,</Unicode>
                </TextEquiv>
            </TextLine>
            <TextLine id="tr_3_tl_6" custom="readingOrder {index:5;}">
                <Coords points="3020,1883 3188,1869 3260,1901 3312,1871 3427,1863 3581,1895 3627,1859 3675,1857 3785,1887 3785,1821 3671,1792 3565,1831 3368,1768 3330,1788 3262,1766 3220,1794 3142,1772 3020,1809"/>
                <Baseline points="3030,1862 3074,1862 3119,1859 3164,1859 3209,1859 3253,1859 3298,1859 3343,1859 3388,1859 3433,1856 3477,1856 3522,1856 3567,1853 3612,1853 3656,1853 3701,1853 3746,1856 3791,1856"/>
                <TextEquiv>
                    <Unicode>Ich erlaute mir, Ihnen</Unicode>
                </TextEquiv>
            </TextLine>
        </TextRegion>
        <TextRegion id="tr_2" custom="readingOrder {index:2;}">
            <Coords points="2244,1911 3871,1911 3871,3496 2244,3496"/>
            <TextLine id="tr_2_tl_1" custom="readingOrder {index:0;}">
                <Coords points="2234,1975 2362,2031 2488,1985 2803,2035 3477,1965 3805,1993 3805,1887 3362,1943 3148,1887 2961,1945 2825,1907 2582,1947 2234,1919"/>
                <Baseline points="2244,1973 2289,1976 2334,1976 2379,1976 2424,1976 2468,1976 2513,1979 2558,1979 2603,1979 2647,1979 2692,1979 2737,1982 2782,1982 2827,1982 2871,1982 2916,1979 2929,1983 2929,1983 2958,1982 3003,1979 3047,1979 3092,1976 3137,1976 3182,1970 3227,1970 3271,1970 3316,1967 3361,1967 3406,1964 3450,1967 3495,1964 3540,1964 3585,1964 3630,1964 3674,1964 3719,1961 3764,1961 3809,1964"/>
                <TextEquiv>
                    <Unicode>beifolgens mir Wuch der France zu überamden.</Unicode>
                </TextEquiv>
            </TextLine>
            <TextLine id="tr_2_tl_2" custom="readingOrder {index:1;}">
                <Coords points="2248,2099 3342,2071 3421,2109 3810,2083 3812,2041 3354,2001 3194,2053 3034,2005 2799,2053 2675,2019 2609,2061 2248,2035"/>
                <Baseline points="2259,2092 2292,2092 2337,2092 2382,2095 2427,2092 2471,2092 2516,2089 2561,2089 2606,2086 2650,2083 2695,2083 2740,2080 2785,2080 2830,2077 2874,2077 2919,2077 2964,2077 3009,2077 3053,2074 3098,2074 3143,2071 3188,2068 3233,2071 3277,2071 3322,2071 3367,2071 3412,2068 3456,2068 3501,2068 3546,2068 3591,2068 3636,2068 3680,2068 3725,2068 3770,2068 3815,2074"/>
                <TextEquiv>
                    <Unicode>das in den Wiener Blättern mitsserschen wor¬</Unicode>
                </TextEquiv>
            </TextLine>
            <TextLine id="tr_2_tl_3" custom="readingOrder {index:2;}">
                <Coords points="2266,2210 2639,2197 2743,2238 2831,2187 2973,2218 3651,2173 3807,2216 3810,2123 2268,2143"/>
                <Baseline points="2277,2188 2289,2188 2334,2191 2379,2191 2424,2191 2468,2191 2513,2191 2558,2191 2603,2191 2647,2191 2692,2191 2737,2191 2782,2191 2827,2188 2871,2188 2916,2188 2961,2188 3006,2182 3050,2182 3095,2182 3140,2182 3185,2182 3230,2182 3274,2179 3319,2176 3364,2173 3409,2173 3453,2173 3498,2173 3543,2170 3588,2170 3633,2167 3677,2167 3722,2170 3767,2167 3812,2164"/>
                <TextEquiv>
                    <Unicode>den ist und Ihnen daher verhricht nicht als saus</Unicode>
                </TextEquiv>
            </TextLine>
            <TextLine id="tr_2_tl_4" custom="readingOrder {index:3;}">
                <Coords points="2248,2314 3551,2310 3791,2288 3793,2214 3729,2187 3451,2246 3232,2197 3016,2254 2781,2216 2677,2272 2250,2262"/>
                <Baseline points="2259,2298 2274,2298 2319,2298 2364,2298 2409,2295 2453,2295 2498,2295 2543,2298 2588,2298 2633,2298 2677,2298 2722,2295 2767,2298 2812,2295 2856,2292 2901,2292 2946,2289 2991,2286 3036,2283 3080,2283 3125,2280 3170,2280 3215,2280 3259,2280 3304,2277 3349,2274 3394,2274 3439,2277 3483,2274 3528,2274 3573,2274 3618,2274 3662,2274 3707,2271 3752,2271 3797,2274"/>
                <TextEquiv>
                    <Unicode>antekanntes Gast in die Haus kommt. Ich</Unicode>
                </TextEquiv>
            </TextLine>
            <TextLine id="tr_2_tl_5" custom="readingOrder {index:4;}">
                <Coords points="2390,2354 2402,2354 2426,2376 2434,2372 2444,2376 2464,2366 2478,2366 2480,2312 2444,2316 2438,2310 2430,2312 2422,2306 2408,2316 2392,2314"/>
                <Baseline points="2400,2352 2438,2352 2483,2349"/>
                <TextEquiv>
                    <Unicode>das</Unicode>
                </TextEquiv>
            </TextLine>
            <TextLine id="tr_2_tl_6" custom="readingOrder {index:5;}">
                <Coords points="2264,2420 2482,2450 2566,2406 3016,2426 3362,2374 3757,2412 3807,2402 3810,2302 3693,2340 3505,2304 3246,2354 2264,2368"/>
                <Baseline points="2274,2391 2292,2397 2337,2403 2382,2403 2427,2403 2471,2397 2516,2394 2561,2394 2606,2394 2650,2397 2695,2397 2740,2394 2785,2394 2830,2391 2874,2388 2919,2388 2964,2385 3009,2385 3053,2385 3098,2382 3143,2379 3188,2379 3233,2376 3277,2376 3322,2376 3367,2373 3412,2373 3456,2373 3501,2370 3546,2367 3591,2367 3636,2367 3680,2370 3725,2367 3770,2367 3815,2364"/>
                <TextEquiv>
                    <Unicode>Nicht - obgleich ich muß, das Sie das, was le¬</Unicode>
                </TextEquiv>
            </TextLine>
            <TextLine id="tr_2_tl_7" custom="readingOrder {index:6;}">
                <Coords points="2264,2522 3731,2498 3822,2482 3824,2416 3413,2462 3262,2418 2999,2478 2865,2428 2556,2478 2402,2426 2266,2456"/>
                <Baseline points="2277,2501 2304,2504 2349,2507 2394,2504 2438,2501 2483,2501 2528,2504 2573,2504 2618,2501 2662,2501 2707,2498 2752,2495 2797,2495 2841,2492 2886,2495 2931,2495 2976,2495 3021,2495 3065,2495 3110,2492 3155,2489 3200,2489 3244,2486 3289,2486 3334,2483 3379,2480 3424,2480 3468,2480 3513,2477 3558,2477 3603,2474 3647,2471 3692,2471 3737,2471 3782,2471 3827,2468"/>
                <TextEquiv>
                    <Unicode>biedig und Lebenskeitweg in der Litteratur ist mit</Unicode>
                </TextEquiv>
            </TextLine>
            <TextLine id="tr_2_tl_8" custom="readingOrder {index:7;}">
                <Coords points="2258,2615 2388,2651 2935,2602 3080,2647 3543,2592 3775,2629 3822,2554 3124,2532 2995,2578 2841,2526 2733,2570 2258,2578"/>
                <Baseline points="2268,2603 2301,2603 2346,2603 2391,2603 2435,2603 2480,2603 2525,2606 2570,2606 2615,2606 2659,2603 2704,2600 2749,2597 2794,2594 2838,2594 2883,2597 2928,2597 2973,2597 3018,2600 3062,2597 3107,2597 3152,2597 3197,2597 3241,2594 3286,2594 3331,2594 3376,2591 3421,2594 3465,2594 3510,2591 3555,2591 3600,2588 3645,2588 3689,2588 3734,2585 3779,2585 3824,2588"/>
                <TextEquiv>
                    <Unicode>aufmerksamen Kliek verfolgen – doch nicht der</Unicode>
                </TextEquiv>
            </TextLine>
            <TextLine id="tr_2_tl_9" custom="readingOrder {index:8;}">
                <Coords points="2252,2739 3834,2721 3834,2651 3783,2639 2913,2687 2779,2641 2252,2651"/>
                <Baseline points="2262,2710 2268,2710 2313,2707 2358,2707 2403,2707 2447,2707 2492,2710 2537,2710 2582,2707 2627,2710 2671,2710 2716,2713 2761,2710 2806,2710 2850,2710 2895,2710 2940,2710 2985,2710 3030,2710 3074,2707 3119,2707 3164,2707 3209,2707 3253,2704 3298,2704 3343,2704 3388,2701 3433,2701 3477,2701 3522,2698 3567,2698 3612,2698 3656,2698 3701,2695 3746,2695 3791,2695 3836,2695"/>
                <TextEquiv>
                    <Unicode>Muth habe schabt, wenn mir nicht ein gelehrter</Unicode>
                </TextEquiv>
            </TextLine>
            <TextLine id="tr_2_tl_10" custom="readingOrder {index:9;}">
                <Coords points="2276,2831 2863,2873 2911,2829 3240,2855 3372,2815 3667,2869 3793,2843 3795,2735 3697,2769 3625,2721 3447,2781 3026,2747 2837,2795 2611,2737 2278,2763"/>
                <Baseline points="2286,2815 2322,2821 2367,2818 2412,2821 2456,2821 2501,2821 2546,2818 2591,2818 2635,2818 2680,2821 2725,2821 2770,2821 2815,2824 2859,2821 2904,2815 2949,2818 2994,2818 3038,2818 3083,2815 3128,2815 3173,2815 3218,2812 3262,2812 3307,2812 3352,2815 3397,2815 3442,2812 3486,2812 3531,2812 3576,2809 3621,2809 3665,2809 3710,2806 3755,2806 3800,2803"/>
                <TextEquiv>
                    <Unicode>herr in Straßburg, Dr. Kraft von der Frauen¬</Unicode>
                </TextEquiv>
            </TextLine>
            <TextLine id="tr_2_tl_11" custom="readingOrder {index:10;}">
                <Coords points="2264,2951 3296,2941 3475,2985 3840,2937 3840,2843 3174,2901 2965,2857 2835,2905 2781,2861 2516,2909 2264,2867"/>
                <Baseline points="2274,2919 2319,2925 2364,2925 2409,2928 2453,2928 2498,2931 2543,2928 2588,2931 2633,2931 2677,2934 2722,2934 2767,2934 2812,2934 2856,2931 2901,2934 2946,2934 2991,2931 3036,2931 3080,2931 3125,2931 3170,2928 3215,2928 3259,2931 3304,2931 3349,2931 3394,2934 3439,2931 3483,2934 3528,2931 3573,2928 3618,2931 3662,2928 3707,2928 3752,2931 3797,2928 3842,2928 3845,2928"/>
                <TextEquiv>
                    <Unicode>plinik verlieh geschrieben hätte, das Kuch des</Unicode>
                </TextEquiv>
            </TextLine>
            <TextLine id="tr_2_tl_12" custom="readingOrder {index:11;}">
                <Coords points="2260,3056 3822,3074 3822,2953 3541,3012 2580,2975 2518,3026 2260,2967"/>
                <Baseline points="2271,3036 2316,3038 2361,3038 2406,3038 2450,3041 2495,3038 2540,3038 2585,3041 2630,3038 2674,3041 2719,3041 2764,3041 2809,3041 2853,3044 2898,3044 2943,3041 2988,3041 3033,3041 3077,3041 3122,3041 3167,3038 3212,3041 3256,3041 3301,3041 3346,3041 3391,3041 3436,3041 3480,3041 3525,3041 3570,3041 3615,3038 3659,3038 3704,3036 3749,3036 3794,3036 3827,3036"/>
                <TextEquiv>
                    <Unicode>France sei ihre durch die Übereinstimmung der</Unicode>
                </TextEquiv>
            </TextLine>
            <TextLine id="tr_2_tl_13" custom="readingOrder {index:12;}">
                <Coords points="2258,3168 2641,3206 2865,3156 3162,3206 3252,3162 3854,3168 3866,3108 3344,3092 3070,3134 2909,3072 2793,3120 2637,3084 2258,3126"/>
                <Baseline points="2268,3152 2313,3152 2358,3152 2403,3152 2447,3152 2492,3152 2537,3152 2582,3155 2627,3155 2671,3152 2716,3155 2761,3155 2806,3155 2850,3155 2895,3158 2940,3158 2985,3158 3030,3161 3074,3161 3119,3161 3164,3161 3209,3161 3253,3161 3298,3161 3343,3161 3388,3158 3433,3158 3477,3158 3522,3155 3567,3155 3612,3155 3656,3152 3701,3149 3746,3149 3791,3149 3836,3155 3871,3158"/>
                <TextEquiv>
                    <Unicode>intuitir erfaßen Ausgangspunkte mit den entkre¬</Unicode>
                </TextEquiv>
            </TextLine>
            <TextLine id="tr_2_tl_14" custom="readingOrder {index:13;}">
                <Coords points="2266,3302 2536,3264 2729,3302 3803,3278 3801,3230 3663,3206 3316,3244 2939,3192 2502,3236 2264,3200"/>
                <Baseline points="2274,3253 2319,3253 2364,3256 2409,3256 2453,3259 2498,3259 2543,3259 2588,3259 2633,3256 2677,3256 2722,3259 2767,3256 2812,3256 2856,3259 2901,3259 2946,3259 2991,3262 3036,3265 3080,3265 3125,3265 3170,3265 3215,3265 3259,3265 3304,3265 3349,3268 3394,3268 3439,3271 3483,3271 3528,3271 3573,3271 3618,3271 3662,3268 3707,3268 3752,3265 3797,3268 3806,3268"/>
                <TextEquiv>
                    <Unicode>perlageochen, paychologiechen aus physialogiochen</Unicode>
                </TextEquiv>
            </TextLine>
            <TextLine id="tr_2_tl_15" custom="readingOrder {index:14;}">
                <Coords points="2252,3378 2436,3425 2851,3368 3054,3413 3370,3370 3826,3396 3824,3320 3725,3310 3591,3342 3362,3302 3256,3342 3020,3296 2869,3348 2250,3302"/>
                <Baseline points="2262,3361 2307,3361 2352,3364 2397,3367 2441,3370 2486,3370 2531,3370 2576,3367 2621,3370 2665,3370 2710,3370 2755,3370 2800,3367 2844,3367 2889,3367 2934,3367 2979,3367 3024,3367 3068,3367 3113,3370 3158,3370 3203,3370 3247,3370 3292,3370 3337,3370 3382,3370 3427,3373 3471,3373 3516,3373 3561,3373 3606,3370 3650,3370 3695,3373 3740,3370 3785,3370 3830,3370"/>
                <TextEquiv>
                    <Unicode>Ausgangspunktig in Haarloik Ellis, a heure 5</Unicode>
                </TextEquiv>
            </TextLine>
            <TextLine id="tr_2_tl_16" custom="readingOrder {index:15;}">
                <Coords points="2254,3557 2673,3491 2819,3531 3824,3507 3838,3408 3523,3447 3374,3398 2959,3455 2254,3415"/>
                <Baseline points="2265,3480 2310,3483 2355,3483 2400,3483 2444,3486 2489,3486 2534,3486 2579,3486 2624,3486 2668,3486 2713,3483 2758,3483 2803,3483 2847,3480 2892,3480 2937,3480 2982,3477 3027,3477 3071,3477 3116,3480 3161,3480 3206,3483 3250,3483 3295,3483 3340,3483 3385,3483 3430,3486 3474,3483 3519,3483 3564,3483 3609,3480 3653,3480 3698,3480 3743,3483 3788,3483 3833,3480 3842,3480"/>
                <TextEquiv>
                    <Unicode>Wir makwürdig und verhaßer für die Sache</Unicode>
                </TextEquiv>
            </TextLine>
        </TextRegion>
    </Page>
</PcGts>
