4390 4457
2590 543 2752 676 N.Y.
2036 759 2696 884 Schliersa, Rherhaiers
2394 874 2760 1007 15 Mai 95.
1281 1192 2105 1364 Sehr gebeten von doctor.
2007 1371 2862 1489 Der Marie almenach von 99
1202 1468 2796 1643 5 hab ich noch nicht finden können, aber ich nicht
1267 1560 2866 1724 ihn haben das finde ihr schon. Oer, uns ich meine,
1219 1664 2845 1835 ist vielleicht vor ein Ergingniß der Eingamkeit
1219 1768 2833 1936 morgen Leben Einen je nicht nur stark an den
1206 1868 2833 2028 ¾ Ohren klopft. Es ist. arks merkwürdig, daß ich
1208 1955 2887 2188 Es wurde ein stärkötter in Glücksmomenten, unpfinde¬
1932 2047 2879 2226 Ihr freie mich auf Ihre cau¬
1215 2176 1780 2323 seine Hücher:
1762 2213 2883 2363 hinter nur eine Bitte: Nachm Sie nicht
1302 2309 2904 2488 hmerkt, ob es der letzten Zeit von mir das eine oder
1335 2413 2856 2581 ander Theilneten: „Or dichter des Weibengstenmo“
1337 2494 2891 2673 oder Mito Pläche’ in der N. freier Prusso aicht.
1192 2446 1302 2654 be
1329 2606 2904 2777 hier gewesen ist? Man erfährt niemals man direct.
1167 2677 1256 2779 zur
1335 2702 2856 2848 von daher. Das ich habe Niemanden in Wien, der
1346 2779 2897 2981 nur darüber Auskunpt gähr. Sie aus doch Leser
1119 2918 1279 3045 wir
1356 2895 2858 3080 der N. Fr. Prax. und ich wäre Ihnen arbe, dank
1362 2999 2852 3189 her für die Nachricht, ob saa und sehr andere
1360 3101 2912 3255 schon erschienen ist, oder bis Ende zwei erscheint
1356 3193 2900 3363 da ich das erstere Kmitchen haer in ein Stuch auf¬
1358 3345 1726 3459 nehmen will.
