3384 4152
2567 429 2787 626 glück
1169 466 2024 706 haben keine eigene
620 523 838 715 Kapla
623 695 775 869 lie
626 743 2890 1041 Josefa: Ich war es vielleicht will nicht, dass Sie
620 941 2044 1166 mich anders sehen als ich bin.
623 1032 2899 1346 Kaplan: Ihr Gatte, Ihr prächtiger Sohn, Sie versün¬
643 1309 1178 1487 digen sich.
649 1381 2819 1618 Josefa: Keine Mutter hat ihren Sohn, keine Frau
649 1515 2922 1747 ihren Mann, kein Bruder seinen Bruder, niemand den
666 1772 1246 1933 Andern ganz.
655 1852 2870 2101 Kaplan: Nicht auf Besitz kommt es an, auf Liebe.
683 1955 2836 2258 Josefa: Was hat man von Menschen,die man liebt
689 2121 2839 2393 und die einem nicht gehören. (Nur Sehnsucht und
709 2370 1261 2536 Minsamkeit.
689 2416 2947 2739 Kaplan: (Was heisst gehören? Sie können das nicht
703 2704 1018 2862 sagen.
718 2750 2904 2987 Josefa: loh bin schon lang allein. Man weiss es
715 2882 3019 3147 nicht immer. Unsere Söhne laufen in die Nacht und
735 3070 2421 3299 in das Leben hinaus. Was bleibt uns?
1341 3113 2627 3308 Mr Hoffnus, d-h in remitted, de French.
723 3259 2007 3468 Kaplan:  ie kommen zurück.
1264 3350 2027 3599 in meerttrin
