3368 4152
2768 358 2940 548 105
734 478 2976 737 ja auf die Bahn begleitet. Ich komm ja grad von
719 698 1023 876 unten.
1938 656 2407 876 Murdjng
2491 680 3051 891 J.A.volle.
722 815 2269 1011 Josefa: Und wollen gleich wieder,
2612 836 3123 978 da Befr...
2287 861 2903 1059 Esqll Nr. 8.50
2464 1005 3117 1113 - herlied -c
728 996 2163 1164 Kaplan: Ich weiss nicht recht.
2777 1068 2928 1164 a
725 1143 3030 1306 Josefa: Bitte, treten Sie doch ein. Jetzt wär's ja
280 1095 626 1327 Md h
295 1219 737 1459 Culstkust
725 1255 2943 1441 direkt unmöglich. (vom Balkon weg, schliesst dann
728 1459 2997 1607 die Balkontüre,man hört sie über die Holztreppen
719 1610 1396 1793 heruntereilen)
719 1763 3024 1959 Kaplan: (dessen Erregung sichtlich ist, steht immer
725 1926 1348 2082 noch am Zaun)
662 2034 3078 2232 Josefa: (zuerst auf die Veranda, dann in den Garten)
695 2202 2991 2374 [Wenn der Bub nur schon zuhaus wäre.]
2563 2248 3096 2374 erst uniell.
722 2377 3024 2539 Kaplan: Der Herr Professor schon zurück aus Wien?
710 2533 3033 2693 Josefa: Nein, (verwundert ) Sie wollten meinen Mann
719 2630 2982 2861 sprechen?.. En bleibt hent de  &c Ese, nt get
1534 2759 1941 2873 M i  i  e
713 2801 2846 2991 Kaplan: (Vielleicht hatte er mir raten können
1435 2940 1950 3033 arent et
716 3015 3048 3153 Josefa: (Da werden Hochwürden schon bis morgen war-
1444 3084 2242 3183 at Harfm. ist d in
725 3144 3036 3334 ten müssen) (Was ist denn passiert Hochwürden, wenn
713 3292 1480 3496 man fragen darf?
719 3406 2931 3647 Kaplan: Nichts, vorläufig jedesfalls nichts. Und
722 3617 2918 3788 wenn ich auch in die Stadt hineinfahren möchte,
1583 3719 2885 3914 so hatt auff ein Sinn können,
