3416 4168
189 393 643 661 19.3.1928.
1922 475 2105 643 G.H.F.P.
564 600 2873 856 sehen wollte, (er erhebt sich, verlässt die Veranda
2056 798 2184 957 G.F.P
576 822 1971 1030 dunkle Wolken am Himmel. Pause)
582 914 2912 1194 Josefa: (wie vor sich hin) Ich hab es im Gefühl, es
2544 1078 2775 1218 d'un an de
2102 1069 2254 1225 G.C.F.P.
1608 1130 1703 1264 G.F.P.
591 1142 1450 1319 wird gut ausgehn.
591 1228 3040 1471 Kaplan: Das weiss Gott allein.
588 1417 2665 1633 Josefa: (Aber warum wollten Sie hineinfahren?
1627 1541 1971 1770 selben
591 1608 1557 1803 Was könnten Sie tun?
597 1703 2891 1956 Kaplan: Sie haben ja Recht, Frau Professor, ich
609 1876 2839 2065 weiss ja nicht einmal, wo er in Wien abgestiegen
1100 2032 1197 2108 sa
624 2014 2903 2285 ist. Ich hätte ihn gar nicht gefunden,wahrschein-
332 2102 527 2327 mit
621 2190 2897 2434 lich. Und wenn auch - Und doch, ist es nicht selt-
634 2343 2787 2516 sam dieser Wahn, als könnte man mit seiner Nähe
621 2471 2745 2705 nützen (als hätte man selbst irgend eine Macht
631 2656 2854 2833 über die Ereignisse, als könnte man lenken durch
646 2760 2958 3013 Wunsch. Liebe & Geht — Ist Werk —
634 2937 1700 3214 Josefa: Gebet. — Amt.
637 3138 2857 3354 Kaplan: Gebet.WennER es nur immer hörte-,hören
658 3299 2796 3464 wollte.) Ein Gebet kann Geschehenes nicht unge-
655 3342 3016 3659 schehen machen, es kann eine Schuld nicht aufheben
