3432 4168
149 386 600 600 10.4.1918.
2558 395 2742 556 162
633 523 2953 841 Sie sehen einander an,„ auch Josefa lächelt unwill-
660 770 2745 975 kürlich, dynn nimmt Gusti Josefas Kopf in die
654 945 1714 1147 Hände und küsst sie).
680 1064 3013 1287 Vincenz: (kommt wieder) tenn es Euch Recht ist) fah-
672 1191 3004 1453 ren wir im Omnibus zur Bahn und mit dem Elfuhrzug
680 1429 1049 1578 hinein.
686 1459 3025 1759 Gusti: Ich werde mich geschwind fertig machen, (ab
2297 1604 2422 1726 ner
2264 1676 2481 1768 Ratt
713 1697 2017 1854 Vincenz, Josefa, Eduard kommt.
710 1741 2894 2092 Eduard: (Du hast doch nichts dagegen. Mutter) ich
758 1934 3043 2166 habe der Kathi gesagt, sie soll befuhr uns was zum Essen
722 2119 3022 2329 mitgeben. Sie streicht Buttersemmeln. (Er bemerkt
722 2282 3025 2546 auf dem Tisch den atlas, den der Vater mitgebracht
749 2505 1997 2659 hat) Ja, was ist denn das? -
734 2537 3111 2817 Vincenz: Ich habe mir erlaubt dir den gewünschten
1744 2668 2950 2873 Ain gestelben tat ich ich mit jetzt
749 2811 1679 3037 Ätlas mitzubringen.
805 2852 3057 3176 Eduard: Ich dank dir tausendmal, Vater. (blättert)
773 3120 1307 3319 Prachtvoll!
784 3164 3173 3432 Josefa: (hat Kathi auf der Veranda Aufträge gegeben)
841 3366 3028 3634 Die beiden Rainermädeln kommen vorbei, am Zaun,
787 3574 1628 3815 grüssen zugleich).
