3368 4088
684 406 2918 722 dir noch einmal sagen, wie lieb ich dich - gehab
684 675 967 859 habe.
751 789 1484 1014 Felix: (Blick).
710 911 3059 1151 Gusti: Ich sag' lieber gleich: gehabt. Nach dieser
701 1081 3029 1309 Stunde noch einmal über xxxx alle die Sachen
704 1242 2726 1478 reden (die wir doch schon wissen,) - es hätt'
1709 1379 1805 1461 T
722 1379 2866 1624 doch keinen Sinn. Das Herz tut einem ohnedies
722 1592 2845 1747 schon weh genug. (auf seinen Blick) Ja, Felix,
722 1718 2910 1943 mir auch, vielleicht noch mehr als dir. Denn du
724 1829 2734 2077 hast's ja doch eigentl ich leicht. Ja, ja, du
739 2059 2650 2220 hast’s schon leichter als ich.
733 2112 3021 2387 Felix: Ja, soll denn das wirklich - der Abschied
742 2369 1014 2524 sein?
754 2492 3070 2685 Gusti: Das Wort ist so schwer. Mansoll sich durch
2521 2574 2948 2702 dunture p
754 2664 2837 2863 solche Worte (das, was man nun einmal erlehen
754 2801 2328 3026 muss, nicht noch schwerer machen.
742 2974 2945 3175 Pelix: (bitter) Jetzt sag vielleicht noch.dass
765 3076 2363 3304 wir immer Freunde bleiben können.
774 3234 2988 3418 Gusti: Ich bleib’s. Da mag noch kommen, was will
783 3409 3126 3596 für dich und für mich, von heute an werde ich immer
792 3543 2977 3786 an dich denken, als hättest du mir nie ein bösen
