3448 4216
2523 396 2691 587 128
680 561 2963 784 noch allerlei in Wien zu tun. Ich kann die Mutter
2341 666 2688 833 Auf 8½
683 749 2584 940 nicht alles allein machen lassen.
686 885 1974 1068 Josefa: Und der Herr Doktor
703 1024 2940 1244 Gusti: Du hast gestern schon Recht gehabt, Josefa
359 1076 657 1256 (1)4.6.40
2364 1134 2541 1227 ich
692 1186 2989 1372 ich werd einen Schluss machen, noch eh ins Engage-
260 1230 602 1369 also who is
263 1357 564 1502 icht zu.
692 1366 2813 1542 ment fahr!Vird besser sein. (denkt ein wenig
692 1508 2859 1719 nach ) Geh, wenn ich bis halbzehn nicht auf sein
694 1635 2486 1806 sollte,weck mich in jedem Fall auf, ja?
697 1768 2865 2020 Josefa (nickt, dann nimmt sie sie beim Kopf und
694 1985 1184 2118 kiisst sie)
715 2138 1800 2332 Gusti: (rasch ins Haus ) (
718 2277 3047 2402 Josefa (bleibt allein zurück, lächelt vor sich hin.
712 2416 3021 2636 Sie geht im Garten auf und ab, blickt zur Mansarde
718 2581 2882 2737 auf, wo kurz vorher Eduard seinen Rock über das
723 2717 2845 2920 Geländer gehöngt hat. xxxx Nach einiger Zeit
732 2888 2095 3044 setzt sie sich an den Tisch).
726 3010 2842 3244 Kaplan.(von rechts, bleibt am Zaun des Gartens
729 3172 2761 3415 stehen, spricht nichts, Josefa, als fühlte sie
732 3351 2902 3525 seine Nähe.wendet sich um, erhebt sich, rasch an
738 3516 2830 3687 den Zaun, bleibt im Garten, nimt plötzlich die
