3432 4168
637 438 2709 739 es kann sie nicht sühnen, kann nur Verzeihung
633 675 1475 873 herabflehen, Gnade.
624 835 3026 1027 Josefa; Vielleicht ist seine Schuld nicht so gross,
643 963 2959 1203 als Hochwürden jetzt meinen vielleicht war es gar
253 1017 598 1241 but je
275 1097 2850 1363 betrifft nicht Schuld, vielleicht war es Schicksal, unent-
218 1340 1129 1516 wurf rinnbares.
669 1439 2968 1644 Kaplan: (Sagen Sie das nicht.) Der Mensch ist da, um
237 1427 608 1644 zeit sich
675 1567 3039 1769 sich gegen das Schicksal, wegen die Sünde zu wehren.
269 1548 630 1782 Ce f fibil
675 1743 2927 1951 Josefa: Nicht jeder ist von Gott stark genug ge-
678 1919 1113 2134 schaffen.
675 2047 2901 2297 Kaplan: Auch Schwäche ist — Schuld. — Am. Y.
685 2210 3020 2421 Josefa: (kopfschüttelnd) Ist Ihr Bruder nicht fort-
691 2367 2991 2553 gegangen mit der Ueberzeugung, dass Sie ihn absol-
326 2309 579 2514 Mr H
691 2508 3000 2719 viert haben? Und hätten Sie es nicht in jedem Fall
294 2489 569 2690 Bruck
697 2693 2719 2869 getan, welches immer seine Schuld gewesen? —
701 2824 2908 3045 Kaplan: Aber weiss ich auch, dass ich es durfte?
1593 2917 1996 3026 schuldig.
701 2994 2952 3186 Josefa: Da Gott ihn werden liess, gewiss.
1289 3052 2684 3180 Mein nurb Gott, ob ich schrieb war hat
704 3112 2879 3320 Kaplan: Wo verirren wir uns hin? Jetzt ist die
704 3292 2028 3487 Stunde nicht, um zu zweifeln
1603 3285 2575 3503 où il de meubil t
1459 3400 1558 3493 4.
717 3426 2949 3701 Josefa: Ich zweifle nicht, Hochwürden, ich glaube
