3448 4168
1313 428 1907 582 I don't
713 443 2981 786 Kaplan: (Sagen Sie das nicht.) Ich bitte Sie darum
707 620 2914 885 Josefa: Ich will nicht.dass Sie mich anders se-
734 795 2929 1036 hen als ich bin. Wie eine Lügnerin käme ich mir
725 1045 1033 1240 vor.
751 1077 2891 1342 Kaplan Bedenken Sie nur seien Sie nicht unge-
745 1226 2999 1525 recht auch nicht gegen sich. Auch das kann Sünde
748 1435 2972 1668 sein. Auch unsere Auflehnungen dürfen wir nicht
742 1581 2472 1828 überschätzen, auch darin ist Hochmut.
760 1674 3028 1956 Ihr Gatte, dieser prächtige Sohn (werden Sie nicht
2265 1840 2969 1988 du remar lits.
419 1881 702 2108 for her
760 1904 2239 2137 irre, auch nicht an sich selbst
1301 2032 1913 2149 Men joll — 1/4
777 1968 2943 2294 Josefa: Keine Mutter hat ihren Sohn, keine Frau
789 2207 2932 2437 hat ihren Mann, kein Bruder hat seinen Bruder.
1930 2402 2795 2539 recht auf Resitz heute.
780 2390 1939 2614 Niemand den Andern ganz.
2495 2440 2888 2582 out 2d
783 2539 3124 2722 Kaplan: Auf den Besitz kommt es nicht an. nach
798 2646 2975 2923 Josefa: Worauf denn?) Was hat man von Menschen
806 2786 2914 3036 die man lieb hat und die einem nicht gehören?
792 2990 3063 3199 Nur Sehnsucht und Einsamkeit. (Spüren Sie's heute
358 3007 594 3322 for which
815 3124 3092 3374 nicht selber, Hochwürden?)
2774 3234 3118 3357 citance.
815 3261 3036 3546 Kaplan; (Sie aber haben doch keinen Grund) schon
2838 3397 3010 3485 Wm
1689 3412 2236 3534 John Conzall
830 3418 3034 3677 Josefa: Ich bin immer allein gewesen. Man weiss
