3528 4264
2638 419 2823 621 134
749 638 2259 783 Felix; (in sichtlicher Erregung).
763 772 2496 977 Katti: (verschwindet wieder ins Haus).
761 914 2929 1225 Felix: (auf Josefa zu) Guten Morgen, Frau Profes-
772 1171 971 1265 sor.
763 1236 2812 1481 Josefa: Guten Morgen. So frih schon da, Herr
781 1362 2983 1564 Doktor? (Sie müssen ja mit dem ersten Zug gefah-
1427 1518 1823 1689 Eshay.
789 1604 1231 1726 ren sein?
803 1624 3045 1949 Felix: Janohl. Ist das Fräulein Gusti schon auf?
815 1815 3111 2119 Josefa: Nein, Herr Doktor. (Sie hat ja keine Ahnung
2752 1912 3085 2028 Sichet
818 1974 3054 2253 gehabt - oder weiss sie, dass Sie - xxx
823 2085 2977 2325 Felix: Nein, es ist ganz improvisiert. Aber ich
820 2285 2738 2493 muss sie dringend sprechen, sehr driegend.
829 2430 3003 2669 Josefa: Möchten Sie nicht doch noch lieber ein
2439 2533 2883 2646 miteiner’d
2000 2567 2213 2701 seite
840 2578 2906 2849 bischen warten? Wir haben so lang geplauscht
1225 2758 1570 2860 nitiel
840 2778 1860 2960 gestern in der Nacht.
866 2917 1459 3088 Felix: Ja. ja
2872 2900 3000 3088 r
852 3020 2940 3239 Josefa: Sie hat mich gebeten, dass ich sie/um
857 3219 1521 3413 neun aufwecke.
857 3316 3060 3589 Felix: (sieht auf die Uhr) (Das würe allerdings -
863 3527 3025 3706 naßes gibt vielleicht Ausnahmsfälle. / Ich nehme
