3432 4216
2467 384 2659 603 127
603 588 2822 816 Gusti:Und wie ich herauskomm, da hat sich's ei¬
606 766 2100 967 gentlich ein bisl aufgeheitert.
603 845 2409 1124 Josefa: Goh! des tilman in de voriger nicht zweck
1602 973 2438 1095 I am in & nt zwe
612 1019 2953 1267 Gusti: Mir ist’s wenigstens so vorgekommen.
1669 1174 1887 1255 in the
1177 1200 1302 1302 to
612 1188 2674 1427 Josefa: Schau, Gusti, du musst doch nix reden.
655 1334 2837 1529 Gusti: Warum soll ich denn nicht reden? Ich ver
632 1494 2880 1701 sicher dich (wie ich dann gegen die Villa Fallen
1637 1666 2607 1864 Gut hn, durch mich
638 1695 1060 1879 böck -)
635 1774 2787 2050 Josefa: (Du sollst mir auch nichts versichern.
652 2004 2572 2181 Ganz überflüssig... 21 D. um. aller Rück./.
2074 2068 2554 2176 du d. du elle
664 2085 2953 2345 Gusti: (schicksalsergeben) No ja.- Ich werd' mir im
652 2257 2997 2484 übrigen selber in der Küche g'schwind einen Kaffee
655 2444 2805 2633 machen und leg mich nur ein bisl hin und dann
673 2610 1305 2784 pack ich ein.
661 2712 2939 2956 Josefa: Was ist das für ein Unsinn. Das ist doch
676 2945 1180 3099 kein Grund
1115 2962 2315 3151 21 Wert mehr – wie die meurtige
696 3070 2047 3259 Gusti: Es ist nicht deswegen.
684 3204 1555 3408 Josefa: Weswegen?
708 3361 3035 3579 Gusti: Aber geh. (Es ist wegen der Mutter). Ende der
1980 3451 2752 3542 & debruyent since he
693 3492 2962 3687 Woche muss' ich ja doch nach Wien zurück, hab doch
