3368 4072
2363 282 2531 417 144
800 453 2900 626 Zum Hungern bist du nicht gemacht. Nein, nein
861 618 3028 783 da eher noch ich. Wir sind's ein bisl gewöhnt.
808 738 2936 976 Felix: Das wird anders werden. Wir müssen nur
811 926 1957 1105 den festen Willen haben.
814 1051 1714 1267 Gusti: Ich hab ihn.
819 1191 2863 1376 Felix: Du meinst,weil du den Kontrakt unter-
817 1356 2763 1513 schrieben hast? Nein, Gusti, so mein' ich's
817 1530 3003 1658 nicht. Ich mein' den Willen, der aus dem Herzen
808 1630 2765 1832 kommt, die Liebe mein' ich, Gusti.) Ich kann
825 1834 3037 1988 einfach ohne dich nicht leben. Ich bin vernich-
817 2002 3065 2125 tet, ich bin ruiniert, wenn du von mir fort gehst.
822 2145 3006 2307 Gusti: Das kommt dir heut so vor. Mir gehts ja
814 2273 3051 2458 nicht anders als dir.)Mir ist's gewiss geradeso
817 2410 3000 2626 furchtbar wie dir dass wir auseinander müssen,
1407 2567 1616 2679 chelt
830 2592 1823 2791 aber es muss ja sein.
1474 2687 2276 2821 Wir auf ein. Anderen
822 2735 2964 2964 Felix: Was - heisst das? Wenn wir auch jetzt
822 2886 2936 3104 wenn wir vielleicht auch jetzt nicht-Ich ver-
822 3020 2911 3238 stehe ja deine Bedenken und leicht wär's ja
833 3216 2866 3389 gewiss im Anfang nicht. Aber warum sagst du
822 3339 3003 3627 denn Auseinandermüssen in einem Ton, als sollte
