3384 4152
637 495 2748 745 Kaplan: Mit jedem Wort versündigen Sie sich.
646 606 2654 873 Wenn er jetzt was ungeschehen machen könnte
2586 725 2703 873 G.C.F.P.
663 788 2242 1058 glauben Sie nicht, dass er es täte?
1129 939 1755 1070 Neime m.a. statt
660 953 2885 1212 Josefa: Glück muss bezahlt werden. (Aber Unglück
683 1184 942 1340 auch.
677 1246 2765 1525 Kaplan: Wo die Reue nachkommt, da war es kein
703 1514 999 1647 Blück.
711 1585 2791 1824 Josefa: (Woher wollen Sie denn wissen, Hochwür¬
1872 1693 2026 1772 n
714 1698 2751 1974 den, ob er was bereut? Und er hat doch etwas
725 1863 2893 2134 gehabt für seine Reue. Und war es nicht Glück,
1881 1997 2048 2083 nur
743 2026 2808 2304 so war es Freude oder auch Lust, das ist auch
734 2125 2947 2452 nicht wenig. Bei uns, die wir das Glück versäumt
748 2322 2956 2538 haben, ist die Reue, nicht bei denen, die schuldig
751 2515 1903 2720 und die glücklich waren.
760 2640 2896 2882 Maplan: Ich kann Sie nicht weiter anhören. (Mir
791 2777 2879 3021 ist geradezu, als würden Sie durch das, was Sie
802 2964 2378 3172 sprechen Unglück heraufbeschwören.
797 3075 3050 3337 Josefa: Sollt' ich's lieber verschweigen? Meine
814 3206 3084 3505 stummen Gedanken.-wei es der droben nichts von ih-
808 3403 3107 3699 nen? xxx Habe ich sie nicht gedacht
