<?xml version="1.0" encoding="UTF-8" standalone="yes"?>
<PcGts xmlns="http://schema.primaresearch.org/PAGE/gts/pagecontent/2013-07-15" xmlns:xsi="http://www.w3.org/2001/XMLSchema-instance" xsi:schemaLocation="http://schema.primaresearch.org/PAGE/gts/pagecontent/2013-07-15 http://schema.primaresearch.org/PAGE/gts/pagecontent/2013-07-15/pagecontent.xsd">
    <Metadata>
        <Creator>prov=READ-COOP:name=TrHtr:version=2.1.0:model_id=51170:date=24_07_2023_20:28</Creator>
        <Created>2023-05-10T13:52:37.958+02:00</Created>
        <LastChange>2023-07-24T20:28:18.006+02:00</LastChange>
        <TranskribusMetadata docId="1428598" pageId="55415063" pageNr="13" tsid="130569229" status="IN_PROGRESS" userId="64420" imgUrl="https://files.transkribus.eu/Get?id=ZLTOJFHMGYECNFCFRHIBWIVH&amp;fileType=view" xmlUrl="https://files.transkribus.eu/Get?id=YBVLMECIAOLORHCAQBZCMHRI" imageId="44689197"/>
    </Metadata>
    <Page imageFilename="1428598_0013.jpg" imageWidth="3400" imageHeight="4168">
        <ReadingOrder>
            <OrderedGroup id="ro_1711789716242" caption="Regions reading order">
                <RegionRefIndexed index="0" regionRef="tr_2"/>
                <RegionRefIndexed index="1" regionRef="tr_1"/>
            </OrderedGroup>
        </ReadingOrder>
        <TextRegion id="tr_2" custom="readingOrder {index:0;}">
            <Coords points="692,606 2943,606 2943,2004 692,2004"/>
            <TextLine id="tr_2_tl_1" custom="readingOrder {index:0;}">
                <Coords points="674,832 1271,840 2199,688 2841,733 2850,598 682,696"/>
                <Baseline points="692,770 701,773 746,770 791,767 835,764 880,761 925,758 970,758 1015,752 1059,749 1104,746 1149,746 1194,743 1239,740 1283,737 1328,737 1373,734 1418,731 1462,728 1507,725 1552,725 1597,722 1642,722 1686,719 1731,716 1776,716 1821,716 1866,710 1910,704 1955,701 2000,701 2045,698 2089,698 2134,695 2179,692 2224,692 2269,689 2313,689 2358,686 2403,686 2448,683 2493,680 2537,677 2582,674 2627,671 2672,668 2716,665 2761,662 2806,662 2851,656"/>
                <TextEquiv>
                    <Unicode>nicht mit Sieherheit zu vermeiden sind. Diesmal</Unicode>
                </TextEquiv>
            </TextLine>
            <TextLine id="tr_2_tl_2" custom="readingOrder {index:1;}">
                <Coords points="1939,789 1998,798 2035,784 2069,798 2089,786 2108,795 2142,778 2218,789 2224,716 2207,719 2173,696 2086,739 2063,716 2052,722 2027,705 2010,716 1945,705"/>
                <Baseline points="1958,764 2000,764 2045,764 2089,761 2134,758 2179,752 2224,746"/>
                <TextEquiv>
                    <Unicode>Marn</Unicode>
                </TextEquiv>
            </TextLine>
            <TextLine id="tr_2_tl_3" custom="readingOrder {index:2;}">
                <Coords points="708,998 1235,1001 1356,922 1528,992 2337,981 2932,894 2940,747 716,823"/>
                <Baseline points="725,919 749,916 794,913 838,913 883,913 928,907 973,904 1018,907 1062,907 1107,901 1152,898 1197,895 1242,892 1286,892 1331,889 1376,886 1421,883 1465,880 1510,880 1555,880 1600,877 1645,871 1689,871 1734,868 1779,865 1824,862 1869,862 1913,862 1958,859 2003,856 2048,856 2092,856 2137,850 2182,847 2227,841 2272,841 2316,838 2361,835 2406,835 2451,833 2496,833 2540,833 2585,827 2630,824 2675,821 2719,818 2764,818 2809,815 2854,809 2899,809 2943,803"/>
                <TextEquiv>
                    <Unicode>ist es eine ernste Sache. Das ist ein Abschieds-</Unicode>
                </TextEquiv>
            </TextLine>
            <TextLine id="tr_2_tl_4" custom="readingOrder {index:3;}">
                <Coords points="705,1116 747,1099 781,1122 820,1108 916,1119 956,1102 1001,1105 995,978 958,989 941,978 916,995 865,989 854,1001 803,989 770,1012 710,1001"/>
                <Baseline points="722,1074 737,1071 782,1068 827,1065 871,1065 916,1062 961,1062 1006,1062"/>
                <TextEquiv>
                    <Unicode>brief.</Unicode>
                </TextEquiv>
            </TextLine>
            <TextLine id="tr_2_tl_5" custom="readingOrder {index:4;}">
                <Coords points="1229,1130 2204,1085 2232,970 2128,1006 1965,956 1846,989 1559,972 1325,1049 1237,992"/>
                <Baseline points="1245,1122 1248,1119 1292,1119 1337,1113 1382,1107 1427,1104 1471,1098 1516,1095 1561,1089 1606,1089 1651,1086 1695,1086 1740,1080 1785,1077 1830,1074 1875,1074 1919,1074 1964,1074 2009,1074 2054,1074 2098,1071 2143,1068 2188,1062 2233,1062"/>
                <TextEquiv>
                    <Unicode>Er hacht kein gi ein</Unicode>
                </TextEquiv>
            </TextLine>
            <TextLine id="tr_2_tl_6" custom="readingOrder {index:5;}">
                <Coords points="713,1277 975,1308 1116,1206 1328,1274 1801,1173 2297,1232 2306,1088 1336,1150 722,1096"/>
                <Baseline points="728,1227 743,1224 788,1224 833,1221 877,1218 922,1215 967,1212 1012,1209 1056,1209 1101,1206 1146,1203 1191,1200 1236,1200 1280,1200 1325,1197 1370,1194 1415,1191 1459,1188 1504,1185 1549,1182 1594,1179 1639,1176 1683,1173 1728,1173 1773,1170 1818,1167 1863,1167 1907,1164 1952,1164 1997,1161 2042,1158 2086,1155 2131,1155 2176,1152 2221,1152 2266,1152 2310,1149"/>
                <TextEquiv>
                    <Unicode>Josefa: Und haben Sie eine Ahnung?</Unicode>
                </TextEquiv>
            </TextLine>
            <TextLine id="tr_2_tl_7" custom="readingOrder {index:6;}">
                <Coords points="1646,1252 1686,1249 1705,1266 1748,1249 1767,1266 1798,1257 1843,1277 1866,1268 1894,1274 1900,1178 1863,1173 1818,1190 1784,1190 1773,1178 1750,1187 1742,1178 1683,1215 1649,1204"/>
                <Baseline points="1663,1248 1677,1245 1722,1242 1767,1242 1791,1239 1812,1239 1857,1233 1901,1233"/>
                <TextEquiv>
                    <Unicode>sont je</Unicode>
                </TextEquiv>
            </TextLine>
            <TextLine id="tr_2_tl_8" custom="readingOrder {index:7;}">
                <Coords points="716,1452 1111,1361 2909,1294 2932,1173 724,1280"/>
                <Baseline points="737,1376 743,1376 788,1379 833,1379 877,1373 922,1370 967,1367 1012,1364 1056,1361 1101,1361 1146,1358 1191,1358 1236,1352 1280,1349 1325,1346 1370,1343 1415,1340 1459,1340 1504,1340 1549,1337 1594,1334 1639,1334 1683,1331 1728,1328 1773,1325 1818,1322 1863,1322 1907,1319 1952,1313 1997,1313 2042,1310 2086,1310 2131,1307 2176,1307 2221,1304 2266,1301 2310,1298 2355,1295 2400,1292 2445,1292 2490,1289 2534,1289 2579,1286 2624,1286 2669,1283 2713,1283 2758,1283 2803,1280 2848,1271 2893,1262 2937,1259"/>
                <TextEquiv>
                    <Unicode>Kaplan: Er hat nicht die leiseste Andeutung ge-</Unicode>
                </TextEquiv>
            </TextLine>
            <TextLine id="tr_2_tl_9" custom="readingOrder {index:8;}">
                <Coords points="1049,1311 1082,1299 1116,1328 1139,1333 1173,1302 1187,1299 1192,1305 1215,1294 1243,1299 1246,1252 1232,1252 1184,1215 1051,1206"/>
                <Baseline points="1065,1292 1071,1292 1116,1289 1161,1286 1206,1286 1250,1283"/>
                <TextEquiv>
                    <Unicode>ten</Unicode>
                </TextEquiv>
            </TextLine>
            <TextLine id="tr_2_tl_10" custom="readingOrder {index:9;}">
                <Coords points="1040,1466 2602,1364 2841,1418 2906,1392 2912,1268 2444,1345 1043,1376"/>
                <Baseline points="1056,1448 1080,1445 1125,1442 1170,1442 1215,1439 1259,1436 1304,1430 1349,1424 1394,1421 1439,1418 1483,1418 1528,1415 1573,1415 1618,1415 1663,1415 1707,1406 1752,1406 1797,1403 1842,1397 1886,1394 1931,1394 1976,1391 2021,1391 2066,1388 2110,1385 2155,1385 2200,1385 2245,1382 2290,1379 2334,1379 2379,1379 2424,1376 2469,1370 2513,1370 2558,1367 2603,1361 2648,1358 2693,1355 2737,1352 2782,1349 2827,1346 2872,1343 2917,1340"/>
                <TextEquiv>
                    <Unicode>I had there in- a up to last - were out out out</Unicode>
                </TextEquiv>
            </TextLine>
            <TextLine id="tr_2_tl_11" custom="readingOrder {index:10;}">
                <Coords points="716,1610 2111,1522 2393,1607 2717,1584 2762,1367 722,1480"/>
                <Baseline points="734,1537 752,1534 797,1528 841,1525 886,1525 931,1522 976,1519 1021,1519 1065,1516 1110,1510 1155,1510 1200,1507 1245,1504 1289,1504 1334,1501 1379,1498 1424,1498 1468,1495 1513,1492 1558,1492 1603,1489 1648,1486 1692,1486 1737,1483 1782,1483 1827,1480 1872,1477 1916,1477 1961,1474 2006,1471 2051,1468 2095,1468 2140,1465 2185,1462 2230,1462 2275,1457 2319,1457 2364,1454 2409,1451 2454,1448 2499,1445 2543,1442 2588,1442 2633,1439 2678,1439 2722,1436 2767,1442"/>
                <TextEquiv>
                    <Unicode>macht, Äber es ist wohl nicht zu bezweifeln.</Unicode>
                </TextEquiv>
            </TextLine>
            <TextLine id="tr_2_tl_12" custom="readingOrder {index:11;}">
                <Coords points="733,1739 781,1734 812,1765 834,1753 927,1765 1099,1728 1105,1604 1068,1590 1029,1624 1012,1610 947,1624 877,1624 863,1612 834,1629 798,1604 739,1610"/>
                <Baseline points="752,1680 797,1680 841,1677 886,1677 931,1677 976,1671 1021,1668 1065,1666 1110,1671"/>
                <TextEquiv>
                    <Unicode>dass es</Unicode>
                </TextEquiv>
            </TextLine>
            <TextLine id="tr_2_tl_13" custom="readingOrder {index:12;}">
                <Coords points="741,1894 2692,1835 2700,1657 750,1736"/>
                <Baseline points="761,1839 779,1839 824,1836 868,1833 913,1830 958,1827 1003,1827 1047,1824 1092,1824 1137,1821 1182,1818 1227,1812 1271,1812 1316,1809 1361,1806 1406,1803 1451,1803 1495,1803 1540,1800 1585,1800 1630,1797 1674,1794 1719,1791 1764,1788 1809,1785 1854,1788 1898,1782 1943,1779 1988,1776 2033,1776 2078,1773 2122,1773 2167,1767 2212,1764 2257,1764 2301,1764 2346,1761 2391,1758 2436,1755 2481,1752 2525,1752 2570,1749 2615,1746 2660,1746 2705,1746"/>
                <TextEquiv>
                    <Unicode>Josefa: Dass es sich um eine Frau handelt.</Unicode>
                </TextEquiv>
            </TextLine>
            <TextLine id="tr_2_tl_14" custom="readingOrder {index:13;}">
                <Coords points="744,2066 1319,1996 2483,2010 2669,1976 2675,1832 753,1925"/>
                <Baseline points="764,1991 797,1994 841,1991 886,1991 931,1988 976,1985 1021,1982 1065,1979 1110,1979 1155,1976 1200,1970 1245,1970 1289,1964 1334,1964 1379,1964 1424,1964 1468,1961 1513,1955 1558,1955 1603,1952 1648,1949 1692,1949 1737,1943 1782,1940 1827,1940 1872,1940 1916,1937 1961,1937 2006,1934 2051,1934 2095,1931 2140,1928 2185,1925 2230,1922 2275,1919 2319,1916 2364,1916 2409,1913 2454,1910 2499,1907 2543,1904 2588,1901 2633,1898 2678,1895"/>
                <TextEquiv>
                    <Unicode>Kaplen: Er ist kein Spieler, kein Trinker</Unicode>
                </TextEquiv>
            </TextLine>
        </TextRegion>
        <TextRegion id="tr_1" custom="readingOrder {index:1;}">
            <Coords points="397,2034 3063,2034 3063,3626 397,3626"/>
            <TextLine id="tr_1_tl_1" custom="readingOrder {index:0;}">
                <Coords points="736,2199 1316,2156 1483,2207 1688,2139 2024,2176 2103,2154 2111,1987 1491,2055 1319,1996 919,2089 741,2075"/>
                <Baseline points="752,2152 770,2149 815,2146 859,2143 904,2143 949,2140 994,2140 1039,2137 1083,2134 1128,2131 1173,2128 1218,2122 1262,2122 1307,2119 1352,2116 1397,2116 1442,2113 1486,2113 1531,2110 1576,2107 1621,2104 1666,2104 1710,2104 1755,2098 1800,2095 1845,2095 1889,2092 1934,2089 1979,2089 2024,2086 2069,2084 2113,2092"/>
                <TextEquiv>
                    <Unicode>Josefa: Nur ein junger Mann.</Unicode>
                </TextEquiv>
            </TextLine>
            <TextLine id="tr_1_tl_2" custom="readingOrder {index:1;}">
                <Coords points="739,2387 2900,2300 2906,2145 747,2210"/>
                <Baseline points="761,2307 764,2307 809,2301 853,2301 898,2298 943,2298 988,2295 1033,2292 1077,2290 1122,2290 1167,2287 1212,2284 1256,2281 1301,2281 1346,2278 1391,2272 1436,2269 1480,2269 1525,2266 1570,2263 1615,2260 1660,2257 1704,2257 1749,2254 1794,2251 1839,2248 1883,2248 1928,2245 1973,2242 2018,2239 2063,2239 2107,2233 2152,2233 2197,2230 2242,2230 2287,2227 2331,2227 2376,2227 2421,2224 2466,2218 2510,2218 2555,2215 2600,2212 2645,2212 2690,2209 2734,2206 2779,2203 2824,2200 2869,2197 2914,2191"/>
                <TextEquiv>
                    <Unicode>Kaplan: (Als Grund seiner Reisenach Wien nannte</Unicode>
                </TextEquiv>
            </TextLine>
            <TextLine id="tr_1_tl_3" custom="readingOrder {index:2;}">
                <Coords points="758,2523 1973,2407 2182,2469 2923,2430 2979,2263 767,2373"/>
                <Baseline points="779,2457 791,2454 835,2454 880,2454 925,2454 970,2451 1015,2451 1059,2448 1104,2445 1149,2442 1194,2439 1239,2439 1283,2433 1328,2430 1373,2427 1418,2424 1462,2421 1507,2421 1552,2418 1597,2418 1642,2418 1686,2415 1731,2409 1776,2406 1821,2406 1866,2403 1910,2400 1955,2397 2000,2397 2045,2394 2089,2391 2134,2388 2179,2385 2224,2385 2269,2385 2313,2382 2358,2382 2403,2379 2448,2379 2493,2373 2537,2370 2582,2367 2627,2364 2672,2364 2716,2358 2761,2358 2806,2355 2851,2352 2896,2349 2940,2346 2985,2349"/>
                <TextEquiv>
                    <Unicode>er mir sein Gesuch um Transferierung.</Unicode>
                </TextEquiv>
            </TextLine>
            <TextLine id="tr_1_tl_4" custom="readingOrder {index:3;}">
                <Coords points="1443,2545 1471,2531 1531,2565 1595,2526 1629,2551 1750,2517 1821,2543 1858,2512 2013,2506 2018,2413 1911,2413 1827,2461 1700,2464 1655,2435 1612,2472 1562,2447 1446,2478"/>
                <Baseline points="1462,2519 1483,2513 1528,2519 1573,2516 1618,2516 1663,2510 1707,2507 1752,2504 1797,2501 1842,2499 1886,2499 1931,2496 1976,2493 2021,2493"/>
                <TextEquiv>
                    <Unicode>in plusheant ye bleil</Unicode>
                </TextEquiv>
            </TextLine>
            <TextLine id="tr_1_tl_5" custom="readingOrder {index:4;}">
                <Coords points="2235,2605 2283,2599 2331,2616 2382,2593 2430,2599 2458,2579 2531,2616 2585,2599 2602,2413 2582,2407 2506,2441 2492,2427 2449,2455 2387,2466 2345,2441 2247,2447"/>
                <Baseline points="2257,2525 2287,2522 2331,2522 2376,2519 2421,2513 2466,2507 2510,2504 2555,2501 2600,2499"/>
                <TextEquiv>
                    <Unicode>Ixprarft</Unicode>
                </TextEquiv>
            </TextLine>
            <TextLine id="tr_1_tl_6" custom="readingOrder {index:5;}">
                <Coords points="899,2613 916,2619 930,2610 941,2619 956,2610 972,2624 984,2624 1003,2610 1037,2610 1051,2500 1037,2500 1029,2489 1020,2489 989,2503 961,2500 947,2509 927,2492 913,2489"/>
                <Baseline points="916,2609 958,2606 1003,2600 1047,2594"/>
                <TextEquiv>
                    <Unicode>Duk</Unicode>
                </TextEquiv>
            </TextLine>
            <TextLine id="tr_1_tl_7" custom="readingOrder {index:6;}">
                <Coords points="767,2737 1204,2729 1373,2675 1694,2700 1987,2633 2086,2664 2092,2500 1948,2548 1618,2528 1531,2571 1469,2534 772,2627"/>
                <Baseline points="785,2687 794,2687 838,2684 883,2684 928,2684 973,2684 1018,2681 1062,2675 1107,2675 1152,2669 1197,2669 1242,2666 1286,2666 1331,2663 1376,2663 1421,2663 1465,2663 1510,2660 1555,2657 1600,2657 1645,2651 1689,2648 1734,2645 1779,2642 1824,2639 1869,2636 1913,2636 1958,2633 2003,2627 2048,2627 2092,2630"/>
                <TextEquiv>
                    <Unicode>Josefa: Das kann ja stimmen.</Unicode>
                </TextEquiv>
            </TextLine>
            <TextLine id="tr_1_tl_8" custom="readingOrder {index:7;}">
                <Coords points="375,2751 395,2748 431,2774 451,2765 471,2782 533,2754 572,2760 598,2523 572,2520 552,2531 519,2520 474,2545 431,2528 403,2534"/>
                <Baseline points="397,2716 403,2716 447,2708 492,2705 537,2699 582,2693"/>
                <TextEquiv>
                    <Unicode>4.</Unicode>
                </TextEquiv>
            </TextLine>
            <TextLine id="tr_1_tl_9" custom="readingOrder {index:8;}">
                <Coords points="772,2892 2830,2785 2965,2765 2971,2661 781,2743"/>
                <Baseline points="791,2845 824,2845 868,2845 913,2845 958,2842 1003,2839 1047,2833 1092,2830 1137,2830 1182,2827 1227,2824 1271,2824 1316,2821 1361,2818 1406,2815 1451,2815 1495,2815 1540,2812 1585,2806 1630,2803 1674,2800 1719,2800 1764,2797 1809,2794 1854,2791 1898,2788 1943,2785 1988,2785 2033,2782 2078,2779 2122,2776 2167,2776 2212,2773 2257,2770 2301,2767 2346,2767 2391,2764 2436,2764 2481,2761 2525,2758 2570,2755 2615,2755 2660,2752 2705,2752 2749,2749 2794,2749 2839,2746 2884,2746 2928,2746 2973,2749"/>
                <TextEquiv>
                    <Unicode>Kaplan: (Gewiss) darum bemüht er sich schon lang.</Unicode>
                </TextEquiv>
            </TextLine>
            <TextLine id="tr_1_tl_10" custom="readingOrder {index:9;}">
                <Coords points="786,3008 2937,2923 2946,2779 789,2909"/>
                <Baseline points="803,2997 841,2997 886,2994 931,2991 976,2988 1021,2988 1065,2985 1110,2982 1155,2982 1200,2982 1245,2976 1289,2976 1334,2970 1379,2970 1424,2967 1468,2964 1513,2961 1558,2958 1603,2958 1648,2955 1692,2955 1737,2952 1782,2949 1827,2946 1872,2946 1916,2943 1961,2940 2006,2937 2051,2934 2095,2931 2140,2931 2185,2928 2230,2928 2275,2925 2319,2922 2364,2922 2409,2917 2454,2917 2499,2911 2543,2911 2588,2908 2633,2908 2678,2905 2722,2905 2767,2905 2812,2899 2857,2896 2902,2893 2946,2893"/>
                <TextEquiv>
                    <Unicode>Aber dazu hätte er nicht herreisen müssen. Ich</Unicode>
                </TextEquiv>
            </TextLine>
            <TextLine id="tr_1_tl_11" custom="readingOrder {index:10;}">
                <Coords points="792,3216 1113,3140 2768,3120 3053,3070 3061,2937 801,3039"/>
                <Baseline points="809,3164 824,3161 868,3158 913,3152 958,3149 1003,3146 1047,3143 1092,3140 1137,3137 1182,3134 1227,3131 1271,3131 1316,3131 1361,3128 1406,3126 1451,3126 1495,3123 1540,3120 1585,3117 1630,3114 1674,3114 1719,3111 1764,3105 1809,3102 1854,3099 1898,3099 1943,3099 1988,3096 2033,3093 2078,3090 2122,3090 2167,3087 2212,3084 2257,3084 2301,3084 2346,3081 2391,3078 2436,3072 2481,3072 2525,3066 2570,3066 2615,3063 2660,3060 2705,3060 2749,3057 2794,3054 2839,3051 2884,3051 2928,3048 2973,3048 3018,3048 3063,3045"/>
                <TextEquiv>
                    <Unicode>glaube auch, es ist schon bewilligt dieses Gesuch</Unicode>
                </TextEquiv>
            </TextLine>
            <TextLine id="tr_1_tl_12" custom="readingOrder {index:11;}">
                <Coords points="789,3318 2373,3287 2497,3227 2906,3284 2912,3126 795,3205"/>
                <Baseline points="806,3308 809,3305 853,3305 898,3302 943,3299 988,3296 1033,3296 1077,3293 1122,3290 1167,3287 1212,3287 1256,3287 1301,3281 1346,3278 1391,3278 1436,3278 1480,3275 1525,3275 1570,3275 1615,3272 1660,3269 1704,3266 1749,3263 1794,3260 1839,3257 1883,3254 1928,3251 1973,3248 2018,3248 2063,3245 2107,3242 2152,3242 2197,3242 2242,3239 2287,3239 2331,3233 2376,3230 2421,3227 2466,3224 2510,3224 2555,3221 2600,3221 2645,3218 2690,3215 2734,3212 2779,3212 2824,3206 2869,3203 2914,3209"/>
                <TextEquiv>
                    <Unicode>Nach Wien ist er gefahren wegen dieses Duells</Unicode>
                </TextEquiv>
            </TextLine>
            <TextLine id="tr_1_tl_13" custom="readingOrder {index:12;}">
                <Coords points="801,3509 1361,3515 1858,3414 2562,3433 2771,3385 2776,3267 806,3346"/>
                <Baseline points="815,3463 853,3457 898,3457 943,3457 988,3457 1033,3454 1077,3451 1122,3448 1167,3445 1212,3442 1256,3439 1301,3439 1346,3436 1391,3430 1436,3430 1480,3427 1525,3427 1570,3421 1615,3421 1660,3421 1704,3418 1749,3415 1794,3415 1839,3412 1883,3409 1928,3409 1973,3406 2018,3403 2063,3400 2107,3397 2152,3394 2197,3394 2242,3391 2287,3388 2331,3388 2376,3385 2421,3382 2466,3379 2510,3379 2555,3379 2600,3373 2645,3370 2690,3370 2734,3367 2779,3361"/>
                <TextEquiv>
                    <Unicode>(und gewiss ist einer der Gründe dafür, dass</Unicode>
                </TextEquiv>
            </TextLine>
            <TextLine id="tr_1_tl_14" custom="readingOrder {index:13;}">
                <Coords points="829,3639 1274,3690 1810,3647 1976,3566 2602,3611 2847,3574 2853,3433 2435,3394 1342,3529 837,3467"/>
                <Baseline points="848,3616 886,3612 931,3612 976,3612 1021,3609 1065,3606 1110,3603 1155,3603 1200,3600 1245,3594 1289,3591 1334,3591 1379,3588 1424,3588 1468,3585 1513,3582 1558,3579 1603,3576 1648,3579 1692,3582 1737,3579 1782,3573 1827,3567 1872,3567 1916,3567 1961,3564 2006,3561 2051,3561 2095,3558 2140,3555 2185,3552 2230,3549 2275,3549 2319,3546 2364,3543 2409,3541 2454,3538 2499,3535 2543,3535 2588,3532 2633,3529 2678,3526 2722,3526 2767,3526 2812,3523 2857,3526"/>
                <TextEquiv>
                    <Unicode>es hier stattfindet, weil er mich noch einmal</Unicode>
                </TextEquiv>
            </TextLine>
        </TextRegion>
    </Page>
</PcGts>
