3464 4168
2563 302 2740 539 166
750 386 1912 595 Ihr Zeit t-il- und ersicht
554 523 2697 769 Josefa gehört hab,-ist es denn wahr? Der Herr
576 735 1049 919 Leutnant -
576 819 2709 1052 Kaplan: Die Frau Professor hat Ihnen erzählt?
585 968 2743 1208 Gusti: Ja. Also bitte, grüssen Sie Ihren Bruder
598 1074 2774 1330 sehr herzlich von mir. Ich bin ja so froh, dass
592 1280 2902 1529 ihm nichts passiert ist. Er war so Heb gestern.
592 1439 3005 1613 Kein Mensch hätt' ihm angesehen, was ihm bevorsteht.
601 1526 2827 1822 Denken Sie, Hochwürden er hat mir gesagt, dass er
1694 1706 1862 1803 to
601 1744 2759 1959 hiehergekommen ist wegen seiner Versetzung in
620 1927 1613 2124 eine andere Garnison.
601 1952 2830 2267 Kaplan: Ja. Er hat tatsächlich darum angesucht.
617 2177 2818 2385 Und denken Sie, es ist auch schon bewilligt. Im
629 2370 2902 2550 gleichen Telegramm, in dem er mir den glücklichen
632 2535 2849 2743 Ausgang des Duells mitteilt, (er nimmt das Tele-
641 2684 3145 2880 gramm aus der Tasche, liest).“ Alles glücklich
1868 2768 2046 2874 Von
645 2812 2939 2999 vorüber. Auch Versetzung zu Numero vierundvierzig)
648 2999 1822 3217 bevorstehenden
651 3160 1700 3363 Gusti: Vierundvierzig?
641 3316 2133 3531 Kaplan: Das liegt in Innsbruck.
657 3416 2812 3696 Gusti: So. No das ist wirklich viel Glück auf
