3368 4072
735 414 2811 686 Wort gesagt und als hätte ich nie den gering
721 571 2487 825 sten bösen Gedanken gegen dich gehabt.
718 781 2667 969 Felix: Oh! (Mit einem bittern Lächeln) Da
721 947 1448 1146 komnt’s heraus.
729 1042 2757 1282 Gusti: Was gibt’s nicht alles! Also - (sie
732 1238 2201 1404 streckt ihm die Hand entgegen).
765 1396 2719 1606 Felix: (fast ausbrechend) Ich kann's nicht
729 1573 1129 1739 gläuben.
743 1684 2716 1891 Gusti: Ich eigentlich auch noch nicht. Aber
1527 1834 2166 2011 Erd. Oct. 2 pr
735 1886 1543 2063 ich weiss es.
1826 1908 2427 2046 (A) - 1
732 2016 2887 2223 Felix: Ja, werden wir uns denn nicht, bevor du
729 2174 2825 2367 Wann sollst du denn nach - Ach, ich bring das
732 2348 1826 2525 Wort gar nicht heraus.)
740 2474 2934 2670 Gusti: Sobald ich dort bin, schreib ich dir ein
735 2659 2724 2836 Wort. (Aber was immer ich schreibe.-was wir
737 2811 2833 2993 heut miteinander ausgemacht, bleibt bestehen.
759 2931 2694 3127 Auch wenn wieder eine Sehnsucht über mich
748 3080 2656 3263 kommt oder über dich, es ändert nichts. Es
762 3255 2708 3464 könnte immer nur weniger schön werden als
835 3440 2362 3657 und das soll, das darf nicht se
