3352 4056
2465 293 2640 433 159
651 456 2784 732 Eduard: (Aber Hochwürden, das wär' ja herrlich!
657 646 2158 864 Josefa: Bist du denn nicht müd? -
649 806 2187 982 Eduard: Aber nicht im mindesten.
666 936 2970 1119 Koplan: Also, xxxx wenn's die
758 1111 956 1217 5br
660 1116 2853 1343 Mutter erlaubt, so hol ich dich gleich nach dem
712 1292 1159 1472 Essen ab.
1768 1340 2328 1498 Hochwürden
677 1412 2836 1599 Josefa: Wenn's Ihnen passt, ich hab nichts da-
686 1576 2813 1759 gegen, - aufs Mittagessen (kommt's heut
677 1725 2962 1946 nicht an.) Ich fahre (zu Eduard) mit dem Vater in
689 1909 2902 2086 die Stadt hinein,wir sind drin zum Essen einge-
1461 2081 2250 2273 geb se st sauf.
700 2089 1010 2270 laden.
686 2213 2988 2362 Eduard : Was sind denn das für G'schichten?
1406 2322 1825 2425 du de Vot
697 2359 2859 2508 Vincenz: (ist oben auf dem Balkon bei Eduard er
697 2528 2815 2675 schienen, nimmt ihn von rückwärts um den Hals)
695 2663 2793 2836 Ja, denk dir, ohne dich um Erlaubnis zu fragen
2055 2761 2646 2873 muld juler
697 2830 2973 3022 fahren wir in die Stadt zum Essen, (ruft hinunter
2009 2933 2411 3134 Mr Bn
706 2956 1914 3186 Guten Morgen, Hochwürden=,
712 3114 2683 3338 Kaplan: (erwiedert den Gruss, aber wortlos).
712 3309 2902 3484 Eduard : Da xxxxiakxxxxxxxkxxxkants
712 3467 2758 3639 könnten wir ja vieleicht das Fräulein Gusti
