3368 4104
1579 186 1809 371 18
1019 219 1553 388 to cent.
2603 253 2774 425 141
675 228 1019 481 Obe
990 377 1204 492 Mr
698 431 2786 613 Gusti: Du hast ja immer gesagt, dass du mich
695 594 2786 802 alle vierzehn Tage oder vier Wochen besuchen
698 771 1007 948 wirst?
1128 779 1624 954 Mais il y avait
698 886 2741 1072 Felix: Und die Tage dazwischen? - Von einem
706 1055 2867 1261 Wiedersehen zum andern? Die Unruhe, die Qual,
703 1232 2195 1396 die ich unterdessen hier leide?
706 1370 2794 1570 Gusti: Die machst du dir ja nur selber. Wenn
709 1539 1933 1725 du mehr Vertrauen hättest
715 1674 2884 1857 Felix: Woher soll ich esnehmen das Vertrauen?
1919 1773 2822 2015 nach dieser Karte
718 1860 1545 2009 Eine Person, die -
729 2032 2065 2181 Gusti: Ich bin keine Person.
723 2136 2912 2341 Felix: Also, eine junge Dame, ein junge Künstle-
720 2324 2788 2445 rin,die von verschiedenem andern abgesehen -
729 2473 1629 2659 Gusti: (böser Blick)
777 2631 2935 2772 Felix: - ihre Carrière damit beginnt,dass sie
737 2772 2862 2977 einen - dass sie ihrem Geliebten verschweigt
2527 2859 2932 2960 avec nous ses
748 2943 3016 3101 Gusti: Hast’s noch immer zu früh erfahren. Warum
732 3067 2898 3239 hätt' ich dir und mir die paar Wochen,die paar
734 3247 2985 3433 Stunden da heraussen auf dem Land auch noch ver-
777 3407 1466 3613 derben sollen?
