3448 4232
2664 449 2762 609 be
2350 489 2504 617 131
1026 483 1455 672 in Nil.
583 575 2844 855 Freien (wohler fühlen)  vielleicht sogar Gott
586 829 1129 1026 näher sein.
595 898 2473 1166 Kaplan: Ich weiss nicht, ich weissnicht.
592 992 2896 1306 Josefa: Ich aber weiss. Warum sollte mein Gefühl
646 1264 2567 1441 mich täuschen? Wir haben nicht gesündigt.
609 1349 2736 1649 Kaplan: sie - vielleicht nicht. (Sie - sind ja
603 1555 2802 1730 ruhig. Ich bin es nicht.) Hätte Gott mir verzie-
620 1672 2633 1887 hen, ich müsst' es fühlen. Mir wäre nicht so
1744 1812 2393 1915 Thibering a
617 1841 2756 2053 furchtbar bang zumut.Ich seh ihn ja vor mir,
623 1981 2687 2224 ich seh ihn vor mir liegen hingestreckt. Und
623 2204 1012 2378 ich, ich
638 2250 2879 2499 Josefa: Versündigst du dich nicht jetzt? Gäaubst
1872 2416 2610 2559 strafen könnte
1386 2441 1601 2541 in the
638 2464 2844 2684 du wirklich einen Gott, der an ihm xxx, was du
635 2667 1081 2813 begangen?
2301 2699 2521 2830 me in
635 2744 2581 3007 Kaplant-An ihm seine Schuld, an mir unsere
638 2919 2853 3188 Josefa: (Du machst mich sehr traurig. Jetzt erst
649 3102 2273 3268 machst du zur Schuld,was keine war,
1178 3228 1352 3325 fürst
640 3205 2690 3496 Kaplan: Wir können einander nicht verstehen.
2473 3299 2802 3410 under it.
1418 3350 2367 3451 Vous ne par Hände. set une
652 3382 2907 3616 Josefa: Vielleicht. (Aber wir sind doch glücklich
658 3562 2716 3739 gewesen. Oder willst du auch das wegleugnen?
946 3722 1935 3905 d.. glücklaut?“ Nachdem.
