<?xml version="1.0" encoding="UTF-8" standalone="yes"?>
<PcGts xmlns="http://schema.primaresearch.org/PAGE/gts/pagecontent/2013-07-15" xmlns:xsi="http://www.w3.org/2001/XMLSchema-instance" xsi:schemaLocation="http://schema.primaresearch.org/PAGE/gts/pagecontent/2013-07-15 http://schema.primaresearch.org/PAGE/gts/pagecontent/2013-07-15/pagecontent.xsd">
    <Metadata>
        <Creator>prov=READ-COOP:name=TrHtr:version=2.1.0:model_id=51170:date=24_07_2023_20:28</Creator>
        <Created>2023-05-10T13:52:46.415+02:00</Created>
        <LastChange>2023-07-24T20:28:33.319+02:00</LastChange>
        <TranskribusMetadata docId="1428598" pageId="55415344" pageNr="59" tsid="130569282" status="IN_PROGRESS" userId="64420" imgUrl="https://files.transkribus.eu/Get?id=RVPAPBZYQAREXBTAYTKEIYKW&amp;fileType=view" xmlUrl="https://files.transkribus.eu/Get?id=HEWFGZIHJCOOCTAYTEPQJOYF" imageId="44689477"/>
    </Metadata>
    <Page imageFilename="1428598_0059.jpg" imageWidth="3384" imageHeight="4104">
        <ReadingOrder>
            <OrderedGroup id="ro_1711789763545" caption="Regions reading order">
                <RegionRefIndexed index="0" regionRef="tr_1"/>
                <RegionRefIndexed index="1" regionRef="tr_2"/>
            </OrderedGroup>
        </ReadingOrder>
        <TextRegion id="tr_1" custom="readingOrder {index:0;}">
            <Coords points="199,326 3002,326 3002,1669 199,1669"/>
            <TextLine id="tr_1_tl_1" custom="readingOrder {index:0;}">
                <Coords points="2608,369 2622,369 2680,421 2695,415 2712,433 2727,436 2735,427 2767,450 2785,450 2791,305 2770,308 2756,299 2727,311 2671,282 2642,279 2628,261 2613,261"/>
                <Baseline points="2623,382 2662,382 2707,379 2751,376 2796,376"/>
                <TextEquiv>
                    <Unicode>142</Unicode>
                </TextEquiv>
            </TextLine>
            <TextLine id="tr_1_tl_2" custom="readingOrder {index:1;}">
                <Coords points="656,627 2715,604 2985,555 2988,433 2457,505 1612,433 1240,531 662,375"/>
                <Baseline points="671,579 710,576 755,579 799,579 844,579 889,582 934,585 978,585 1023,579 1068,579 1113,579 1158,576 1202,576 1247,576 1292,573 1337,573 1381,573 1426,573 1471,573 1516,570 1561,570 1605,573 1650,567 1695,564 1740,561 1784,561 1829,561 1874,561 1919,561 1963,561 2008,558 2053,558 2098,555 2143,555 2187,555 2232,549 2277,549 2322,549 2366,546 2411,546 2456,546 2501,546 2545,543 2590,543 2635,543 2680,543 2725,540 2769,537 2814,534 2859,534 2904,531 2948,528 2993,531"/>
                <TextEquiv>
                    <Unicode>Felix: Wäre besser gewesen.Man hätte sich allmäh-</Unicode>
                </TextEquiv>
            </TextLine>
            <TextLine id="tr_1_tl_3" custom="readingOrder {index:2;}">
                <Coords points="183,709 221,711 244,738 412,743 566,682 604,688 613,572 549,575 438,511 375,549 282,508 195,526"/>
                <Baseline points="199,701 208,701 253,692 298,689 343,686 388,683 432,680 477,677 522,674 567,671 611,671"/>
                <TextEquiv>
                    <Unicode>Stuk d. le</Unicode>
                </TextEquiv>
            </TextLine>
            <TextLine id="tr_1_tl_4" custom="readingOrder {index:3;}">
                <Coords points="685,813 796,784 860,825 1080,801 1170,825 1312,781 1312,671 1266,653 1170,665 1130,645 1060,679 944,642 691,642"/>
                <Baseline points="704,737 737,737 781,737 826,734 871,737 916,737 961,734 1005,734 1050,734 1095,731 1140,731 1184,728 1229,725 1274,728 1319,728"/>
                <TextEquiv>
                    <Unicode>lich gewöhnt.</Unicode>
                </TextEquiv>
            </TextLine>
            <TextLine id="tr_1_tl_5" custom="readingOrder {index:4;}">
                <Coords points="694,941 1693,1013 2936,874 2936,767 697,801"/>
                <Baseline points="710,886 749,883 793,886 838,889 883,889 928,889 973,889 1017,889 1062,886 1107,883 1152,883 1196,883 1241,883 1286,883 1331,880 1375,880 1420,880 1465,883 1510,883 1555,880 1599,877 1644,874 1689,871 1734,871 1778,871 1823,871 1868,868 1913,868 1957,868 2002,868 2047,865 2092,865 2137,865 2181,865 2226,862 2271,859 2316,859 2360,856 2405,856 2450,856 2495,853 2540,853 2584,853 2629,853 2674,850 2719,847 2763,847 2808,844 2853,844 2898,841 2942,841"/>
                <TextEquiv>
                    <Unicode>Gusti: An so was gewöhnt man sich nicht. Es war</Unicode>
                </TextEquiv>
            </TextLine>
            <TextLine id="tr_1_tl_6" custom="readingOrder {index:5;}">
                <Coords points="197,926 212,926 221,935 229,926 244,935 258,920 267,923 276,915 296,920 296,764 282,764 267,775 253,769 241,775 226,764 197,767"/>
                <Baseline points="214,877 259,880 301,877"/>
                <TextEquiv>
                    <Unicode>H</Unicode>
                </TextEquiv>
            </TextLine>
            <TextLine id="tr_1_tl_7" custom="readingOrder {index:6;}">
                <Coords points="697,1071 1008,1135 1144,1083 1275,1089 1350,1124 1463,1101 1466,979 1385,944 1263,984 1162,938 700,935"/>
                <Baseline points="713,1044 755,1041 799,1044 844,1044 889,1044 934,1041 978,1044 1023,1041 1068,1038 1113,1038 1158,1038 1202,1035 1247,1035 1292,1032 1337,1032 1381,1032 1426,1035 1471,1041"/>
                <TextEquiv>
                    <Unicode>schon besser so.</Unicode>
                </TextEquiv>
            </TextLine>
            <TextLine id="tr_1_tl_8" custom="readingOrder {index:7;}">
                <Coords points="247,1182 273,1191 357,1153 386,1167 476,1164 523,1002 473,990 421,941 404,950 389,938 360,955 340,918 322,915"/>
                <Baseline points="271,1155 280,1152 325,1137 370,1122 414,1107 459,1098 504,1092"/>
                <TextEquiv>
                    <Unicode>Verle</Unicode>
                </TextEquiv>
            </TextLine>
            <TextLine id="tr_1_tl_9" custom="readingOrder {index:8;}">
                <Coords points="688,1237 1693,1260 1890,1173 2785,1246 2788,1086 1106,1138 691,1069"/>
                <Baseline points="704,1196 737,1196 781,1199 826,1199 871,1199 916,1196 961,1196 1005,1196 1050,1193 1095,1193 1140,1193 1184,1190 1229,1190 1274,1187 1319,1184 1364,1187 1408,1190 1453,1190 1498,1184 1543,1184 1587,1181 1632,1178 1677,1178 1722,1175 1766,1175 1811,1175 1856,1175 1901,1172 1946,1175 1990,1172 2035,1172 2080,1170 2125,1170 2169,1170 2214,1167 2259,1167 2304,1167 2348,1167 2393,1167 2438,1167 2483,1167 2528,1161 2572,1161 2617,1161 2662,1158 2707,1155 2751,1152 2796,1152"/>
                <TextEquiv>
                    <Unicode>Felix: Du biet ja wunderbar. Du bist ja eine</Unicode>
                </TextEquiv>
            </TextLine>
            <TextLine id="tr_1_tl_10" custom="readingOrder {index:9;}">
                <Coords points="1818,1266 1847,1263 1873,1243 1922,1260 1948,1240 1969,1246 1980,1234 2047,1249 2047,1199 2015,1205 1975,1170 1940,1188 1885,1170 1841,1199 1818,1196"/>
                <Baseline points="1835,1229 1880,1229 1925,1226 1969,1229 2014,1229 2053,1232"/>
                <TextEquiv>
                    <Unicode>Cilles</Unicode>
                </TextEquiv>
            </TextLine>
            <TextLine id="tr_1_tl_11" custom="readingOrder {index:10;}">
                <Coords points="691,1373 1400,1426 1815,1347 2785,1371 2878,1266 2628,1211 694,1286"/>
                <Baseline points="707,1346 737,1349 781,1349 826,1349 871,1349 916,1349 961,1346 1005,1349 1050,1346 1095,1346 1140,1346 1184,1343 1229,1343 1274,1343 1319,1343 1364,1343 1408,1340 1453,1340 1498,1340 1543,1337 1587,1334 1632,1334 1677,1331 1722,1331 1766,1328 1811,1328 1856,1328 1901,1328 1946,1328 1990,1328 2035,1325 2080,1325 2125,1322 2169,1322 2214,1319 2259,1319 2304,1316 2348,1316 2393,1316 2438,1316 2483,1316 2528,1316 2572,1316 2617,1316 2662,1316 2707,1313 2751,1310 2796,1307 2841,1304 2886,1301"/>
                <TextEquiv>
                    <Unicode>wahre Philosophin. Unser Glück ist vorbei (die-</Unicode>
                </TextEquiv>
            </TextLine>
            <TextLine id="tr_1_tl_12" custom="readingOrder {index:11;}">
                <Coords points="700,1510 1321,1594 2994,1478 2947,1379 2654,1347 1214,1449 703,1405"/>
                <Baseline points="716,1501 719,1501 764,1504 808,1504 853,1504 898,1504 943,1504 987,1501 1032,1501 1077,1501 1122,1498 1167,1498 1211,1498 1256,1498 1301,1498 1346,1495 1390,1492 1435,1489 1480,1489 1525,1489 1569,1489 1614,1489 1659,1489 1704,1486 1749,1486 1793,1486 1838,1486 1883,1486 1928,1483 1972,1480 2017,1480 2062,1477 2107,1474 2151,1477 2196,1474 2241,1474 2286,1474 2331,1471 2375,1474 2420,1471 2465,1474 2510,1468 2554,1468 2599,1468 2644,1468 2689,1465 2734,1465 2778,1465 2823,1462 2868,1462 2913,1459 2957,1459 3002,1462"/>
                <TextEquiv>
                    <Unicode>ses köstliche, dieses himmlische Jahr -) durch hun-</Unicode>
                </TextEquiv>
            </TextLine>
            <TextLine id="tr_1_tl_13" custom="readingOrder {index:12;}">
                <Coords points="703,1681 2065,1719 2189,1629 2840,1646 2843,1559 706,1571"/>
                <Baseline points="719,1653 746,1656 790,1659 835,1656 880,1656 925,1656 970,1653 1014,1653 1059,1653 1104,1653 1149,1653 1193,1650 1238,1650 1283,1650 1328,1650 1372,1650 1417,1650 1462,1647 1507,1644 1552,1644 1596,1644 1641,1641 1686,1641 1731,1641 1775,1641 1820,1638 1865,1638 1910,1635 1954,1635 1999,1632 2044,1632 2089,1632 2134,1632 2178,1629 2223,1629 2268,1629 2313,1629 2357,1629 2402,1629 2447,1626 2492,1623 2537,1623 2581,1620 2626,1620 2671,1617 2716,1617 2760,1614 2805,1614 2850,1617"/>
                <TextEquiv>
                    <Unicode>dert Meilen sollen wir getrennt sein, du unter</Unicode>
                </TextEquiv>
            </TextLine>
        </TextRegion>
        <TextRegion id="tr_2" custom="readingOrder {index:1;}">
            <Coords points="707,1719 3053,1719 3053,3540 707,3540"/>
            <TextLine id="tr_2_tl_1" custom="readingOrder {index:0;}">
                <Coords points="697,1829 1867,1887 2099,1795 2988,1803 2991,1707 700,1725"/>
                <Baseline points="713,1814 755,1811 799,1811 844,1811 889,1808 934,1808 978,1805 1023,1805 1068,1805 1113,1805 1158,1805 1202,1805 1247,1802 1292,1802 1337,1802 1381,1799 1426,1799 1471,1799 1516,1799 1561,1799 1605,1796 1650,1796 1695,1793 1740,1793 1784,1793 1829,1793 1874,1790 1919,1790 1963,1790 2008,1787 2053,1787 2098,1787 2143,1784 2187,1784 2232,1784 2277,1784 2322,1784 2366,1781 2411,1781 2456,1778 2501,1778 2545,1778 2590,1775 2635,1775 2680,1775 2725,1772 2769,1772 2814,1772 2859,1769 2904,1769 2948,1772 2993,1772"/>
                <TextEquiv>
                    <Unicode>fremden Menschen, ich hier allein in meinem Beruf</Unicode>
                </TextEquiv>
            </TextLine>
            <TextLine id="tr_2_tl_2" custom="readingOrder {index:1;}">
                <Coords points="688,2015 2956,1980 3000,1850 691,1876"/>
                <Baseline points="707,1966 719,1969 764,1969 808,1966 853,1966 898,1966 943,1966 987,1963 1032,1960 1077,1963 1122,1960 1167,1960 1211,1960 1256,1960 1301,1957 1346,1954 1390,1954 1435,1954 1480,1954 1525,1954 1569,1954 1614,1952 1659,1952 1704,1952 1749,1949 1793,1949 1838,1946 1883,1946 1928,1946 1972,1946 2017,1943 2062,1940 2107,1940 2151,1940 2196,1940 2241,1940 2286,1937 2331,1937 2375,1937 2420,1934 2465,1934 2510,1931 2554,1931 2599,1931 2644,1931 2689,1928 2734,1928 2778,1928 2823,1928 2868,1925 2913,1928 2957,1925 3002,1934"/>
                <TextEquiv>
                    <Unicode>nie wieder diese unvergesslichen Stunden bei mir</Unicode>
                </TextEquiv>
            </TextLine>
            <TextLine id="tr_2_tl_3" custom="readingOrder {index:2;}">
                <Coords points="709,2184 3046,2128 3049,2004 711,2067"/>
                <Baseline points="728,2125 767,2122 811,2122 856,2122 901,2119 946,2119 990,2116 1035,2116 1080,2113 1125,2116 1170,2113 1214,2116 1259,2113 1304,2113 1349,2113 1393,2113 1438,2110 1483,2110 1528,2107 1572,2107 1617,2107 1662,2107 1707,2107 1752,2104 1796,2107 1841,2104 1886,2104 1931,2101 1975,2101 2020,2098 2065,2098 2110,2095 2154,2095 2199,2095 2244,2095 2289,2095 2334,2092 2378,2092 2423,2089 2468,2089 2513,2089 2557,2089 2602,2086 2647,2086 2692,2086 2736,2083 2781,2083 2826,2083 2871,2080 2916,2080 2960,2080 3005,2077 3050,2077"/>
                <TextEquiv>
                    <Unicode>und nie wieder zusammen spazieren gehen am AAbend</Unicode>
                </TextEquiv>
            </TextLine>
            <TextLine id="tr_2_tl_4" custom="readingOrder {index:3;}">
                <Coords points="711,2326 1922,2346 2233,2250 2756,2346 2808,2146 714,2224"/>
                <Baseline points="728,2277 755,2277 799,2277 844,2277 889,2277 934,2274 978,2274 1023,2274 1068,2271 1113,2271 1158,2271 1202,2268 1247,2268 1292,2268 1337,2268 1381,2265 1426,2265 1471,2262 1516,2262 1561,2259 1605,2259 1650,2259 1695,2259 1740,2259 1784,2256 1829,2256 1874,2256 1919,2256 1963,2253 2008,2253 2053,2253 2098,2250 2143,2250 2187,2250 2232,2250 2277,2250 2322,2247 2366,2247 2411,2244 2456,2244 2501,2241 2545,2241 2590,2241 2635,2244 2680,2241 2725,2238 2769,2235 2814,2241"/>
                <TextEquiv>
                    <Unicode>und zusammen nachtmahlen in der Heumühl' und</Unicode>
                </TextEquiv>
            </TextLine>
            <TextLine id="tr_2_tl_5" custom="readingOrder {index:4;}">
                <Coords points="1254,2372 1272,2372 1298,2361 1312,2364 1321,2372 1339,2372 1333,2288 1312,2288 1286,2300 1249,2297"/>
                <Baseline points="1268,2334 1313,2337 1343,2337"/>
                <TextEquiv>
                    <Unicode>a</Unicode>
                </TextEquiv>
            </TextLine>
            <TextLine id="tr_2_tl_6" custom="readingOrder {index:5;}">
                <Coords points="709,2477 2044,2529 2549,2451 2840,2512 2901,2314 1124,2381 711,2329"/>
                <Baseline points="725,2429 755,2429 799,2432 844,2435 889,2435 934,2435 978,2432 1023,2432 1068,2429 1113,2426 1158,2423 1202,2423 1247,2423 1292,2426 1337,2429 1381,2429 1426,2423 1471,2423 1516,2420 1561,2417 1605,2417 1650,2414 1695,2414 1740,2414 1784,2411 1829,2414 1874,2411 1919,2411 1963,2408 2008,2408 2053,2408 2098,2405 2143,2408 2187,2408 2232,2405 2277,2405 2322,2405 2366,2402 2411,2402 2456,2399 2501,2399 2545,2399 2590,2399 2635,2399 2680,2399 2725,2396 2769,2396 2814,2399 2859,2396 2904,2399"/>
                <TextEquiv>
                    <Unicode>bei dir oben.-alles das vorbei - und sie sagt:</Unicode>
                </TextEquiv>
            </TextLine>
            <TextLine id="tr_2_tl_7" custom="readingOrder {index:6;}">
                <Coords points="714,2602 906,2657 1138,2640 1246,2671 1336,2628 1426,2648 1472,2625 1583,2648 1562,2500 1426,2529 1228,2477 1089,2512 714,2515"/>
                <Baseline points="731,2581 737,2581 781,2575 826,2584 871,2584 916,2584 961,2584 1005,2584 1050,2584 1095,2581 1140,2581 1184,2581 1229,2578 1274,2575 1319,2578 1364,2578 1408,2578 1453,2575 1498,2572 1543,2575 1587,2575"/>
                <TextEquiv>
                    <Unicode>"Es ist besser so"</Unicode>
                </TextEquiv>
            </TextLine>
            <TextLine id="tr_2_tl_8" custom="readingOrder {index:7;}">
                <Coords points="1623,2660 1658,2657 1675,2663 1681,2657 1707,2654 1707,2477 1687,2480 1678,2474 1661,2486 1649,2483 1638,2491 1623,2491"/>
                <Baseline points="1638,2581 1683,2578 1713,2581"/>
                <TextEquiv>
                    <Unicode>...</Unicode>
                </TextEquiv>
            </TextLine>
            <TextLine id="tr_2_tl_9" custom="readingOrder {index:8;}">
                <Coords points="714,2837 3017,2788 3046,2651 717,2645"/>
                <Baseline points="734,2736 770,2739 814,2742 859,2745 904,2745 949,2745 993,2742 1038,2745 1083,2739 1128,2739 1172,2739 1217,2736 1262,2736 1307,2736 1352,2734 1396,2731 1441,2734 1486,2734 1531,2734 1575,2734 1620,2731 1665,2734 1710,2731 1755,2728 1799,2728 1844,2728 1889,2728 1934,2728 1978,2728 2023,2725 2068,2725 2113,2728 2157,2725 2202,2722 2247,2722 2292,2719 2337,2719 2381,2722 2426,2722 2471,2722 2516,2713 2560,2713 2605,2710 2650,2713 2695,2710 2739,2707 2784,2707 2829,2707 2874,2707 2919,2710 2963,2713 3008,2713 3053,2716"/>
                <TextEquiv>
                    <Unicode>Gusti: Wir haben's ja beide gewusst, dass der Tag</Unicode>
                </TextEquiv>
            </TextLine>
            <TextLine id="tr_2_tl_10" custom="readingOrder {index:9;}">
                <Coords points="726,2947 851,2936 932,2997 1106,2944 1330,2979 1440,2939 1626,2950 1626,2825 1359,2849 1310,2820 1063,2843 990,2817 926,2843 726,2808"/>
                <Baseline points="743,2898 781,2898 826,2898 871,2898 916,2898 961,2898 1005,2898 1050,2898 1095,2898 1140,2895 1184,2895 1229,2892 1274,2889 1319,2889 1364,2889 1408,2889 1453,2886 1498,2886 1543,2886 1587,2886 1632,2889"/>
                <TextEquiv>
                    <Unicode>einmal kommen muss.</Unicode>
                </TextEquiv>
            </TextLine>
            <TextLine id="tr_2_tl_11" custom="readingOrder {index:10;}">
                <Coords points="717,3116 1975,3133 2134,3066 2814,3127 3046,3055 2918,2927 720,2985"/>
                <Baseline points="737,3053 770,3056 814,3056 859,3056 904,3056 949,3056 993,3053 1038,3056 1083,3053 1128,3053 1172,3050 1217,3050 1262,3047 1307,3044 1352,3044 1396,3044 1441,3041 1486,3041 1531,3041 1575,3041 1620,3044 1665,3041 1710,3044 1755,3044 1799,3044 1844,3041 1889,3038 1934,3041 1978,3038 2023,3038 2068,3041 2113,3038 2157,3032 2202,3032 2247,3029 2292,3029 2337,3029 2381,3029 2426,3029 2471,3029 2516,3026 2560,3026 2605,3026 2650,3026 2695,3026 2739,3026 2784,3023 2829,3023 2874,3020 2919,3017 2963,3014 3008,3014 3053,3011"/>
                <TextEquiv>
                    <Unicode>Felix: Was für ein Tag Nein, nein. Es ist ja ein-</Unicode>
                </TextEquiv>
            </TextLine>
            <TextLine id="tr_2_tl_12" custom="readingOrder {index:11;}">
                <Coords points="711,3261 2965,3258 2965,3124 2875,3092 714,3145"/>
                <Baseline points="731,3211 734,3214 779,3214 823,3214 868,3211 913,3214 958,3211 1002,3211 1047,3211 1092,3211 1137,3211 1181,3208 1226,3211 1271,3208 1316,3205 1361,3205 1405,3202 1450,3202 1495,3202 1540,3199 1584,3199 1629,3199 1674,3196 1719,3196 1763,3199 1808,3199 1853,3199 1898,3193 1943,3193 1987,3190 2032,3190 2077,3187 2122,3187 2166,3187 2211,3190 2256,3187 2301,3184 2345,3181 2390,3181 2435,3181 2480,3181 2525,3184 2569,3184 2614,3187 2659,3187 2704,3187 2748,3184 2793,3184 2838,3181 2883,3178 2928,3175 2972,3178"/>
                <TextEquiv>
                    <Unicode>fach unmöglich. Es ist ja nicht zu ertragen. Du</Unicode>
                </TextEquiv>
            </TextLine>
            <TextLine id="tr_2_tl_13" custom="readingOrder {index:12;}">
                <Coords points="723,3406 2767,3394 2822,3252 726,3270"/>
                <Baseline points="740,3372 770,3369 814,3369 859,3369 904,3369 949,3369 993,3369 1038,3366 1083,3363 1128,3363 1172,3363 1217,3363 1262,3360 1307,3360 1352,3360 1396,3357 1441,3354 1486,3354 1531,3354 1575,3354 1620,3354 1665,3354 1710,3351 1755,3351 1799,3351 1844,3351 1889,3351 1934,3351 1978,3351 2023,3351 2068,3348 2113,3345 2157,3345 2202,3342 2247,3345 2292,3345 2337,3345 2381,3342 2426,3342 2471,3342 2516,3342 2560,3339 2605,3342 2650,3342 2695,3345 2739,3345 2784,3342 2829,3336"/>
                <TextEquiv>
                    <Unicode>wirst nicht nach Innsbruck gehen! Du bist ja</Unicode>
                </TextEquiv>
            </TextLine>
            <TextLine id="tr_2_tl_14" custom="readingOrder {index:13;}">
                <Coords points="720,3554 923,3606 1905,3545 2381,3635 2822,3583 2822,3447 2590,3377 720,3435"/>
                <Baseline points="737,3524 767,3524 811,3527 856,3530 901,3530 946,3530 990,3530 1035,3527 1080,3521 1125,3521 1170,3518 1214,3518 1259,3518 1304,3518 1349,3518 1393,3518 1438,3518 1483,3518 1528,3518 1572,3516 1617,3516 1662,3516 1707,3516 1752,3516 1796,3516 1841,3513 1886,3510 1931,3510 1975,3510 2020,3510 2065,3507 2110,3507 2154,3504 2199,3504 2244,3504 2289,3504 2334,3501 2378,3501 2423,3501 2468,3501 2513,3501 2557,3501 2602,3504 2647,3507 2692,3504 2736,3504 2781,3504 2826,3501"/>
                <TextEquiv>
                    <Unicode>noch nicht grossjährig. Der Kontrakt ist ja</Unicode>
                </TextEquiv>
            </TextLine>
        </TextRegion>
    </Page>
</PcGts>
