3480 4232
2607 165 2772 412 138
791 451 2827 780 nichts gewusst. Gestern noch Schwüre ewiger
811 593 2907 934 Liebe und : „Ich geh nicht xxx fort von dir“
827 778 2289 1099 Gusti: Das hab' ich nie gesagt,
832 907 3050 1231 Felix: Gewiss hast da's gesagt. Geschworen hast
857 1058 2890 1387 du mir, ja, geschworen, Erinnere dich nur Sim
1651 1201 2341 1352 rein unterpottes by
890 1192 2863 1470 Wald. Soll ich dir die S telle zeigen:) Ich
354 1245 648 1445 Uu 1.
879 1344 3006 1679 nehm bestimmt noch kein Engagement an
926 1440 1464 1577 in dem Jahr
893 1662 1797 1852 Gusti: In dem Jahr.
901 1800 1681 2019 Felix: Nun also.
934 1852 3052 2132 Gusti: In dem Jahr. (Aber ich habe nie gesagt,
934 1986 3017 2289 dass ich nicht von dir fortgehe.) Wie hast du
951 2149 2978 2459 denn dir das überhaupt vorgestellt? Glaubst
962 2294 3047 2629 du, ich hab' zwei Jahr' hier studiert und hab
989 2443 3052 2756 einen Preis gekriegt und die Mutter hat ihre
1006 2563 3063 2912 letzten paar Gulden für mich ausgegeben. Und
1003 2704 3143 3066 ich bin bald zwanzig - nur seine woll allein fand
1011 2885 3212 3220 Felix: Neunzehn noch nicht einmal - ein Fratz!
1019 3014 3160 3385 Gusti: Du hast doch gewusst, dass ich zum Thea
1044 3173 3201 3525 ter geh'. Hast du gemeint,das war alles Spass?
1039 3357 3250 3682 Felix: Freilich hab ich's gewusst. Aber von dem
