3464 4232
2471 290 2644 446 139
801 435 2902 633 Engagement hab' ich nichts gewusst. Innsbruck!
815 585 2851 778 Kolossal! (Da wär 'doch das letzte Engagement
812 750 2880 914 am letzten Theater in Wien hundertmal besser
832 895 2999 1110 gewesen. So eine elende Provinzschmiere. Nur um
826 1059 2894 1227 Gotteswillen fort von hier.-das war offenbar
835 1213 3030 1403 das Wichtigste. Es wird sich schon dort wer An-
832 1358 2959 1593 derer finden: jugendlicher Liebhaber oder der
838 1494 2956 1670 Herr Direktor selbst oder ein Innsbrucker Fa-
855 1670 3141 1874 brikant, Tiroler Lodenfabrikant. Und eine Garnison
855 1823 1667 2014 ist ja auch dort.
858 1954 2360 2150 Gusti: (steht auf und will gehen)
858 2158 2928 2295 Felix;(hält sie am Arm fest) Du bleibst. Wir
878 2312 1960 2482 sind noch nicht fertig.
872 2448 1897 2689 Gusti: Ich bin fertig.
878 2573 2857 2812 Felix: Das wär' einfach. Sich benehmen wie
1715 2709 2099 2823 Sapuntje
886 2766 2900 2988 Gusti: Möchtest du mich nicht gehen lassen?
917 2888 2979 3147 Felix: Es handelt sich nämlich nicht so sehr
892 3022 3073 3289 ums Engagement ob Innsbruck, Hamburg oder Elber-
1945 3152 2755 3266 am ob dem wir in sechs
900 3195 3056 3391 feld, das ist am Ende gleich. Aber dass du mich
892 3368 3002 3556 angelogen hast,-jawohl,wochenlang, dass du mit
