3400 4152
598 409 2793 750 es nur nicht immer. Wo ist heute mein Mann und
607 590 2805 864 bin ich? So weit von einander. Und unsere Söhne
619 738 2817 1027 laufen in die Nacht und in das Leben hinaus, was
607 1019 1156 1208 bleibt uns?
622 1057 2720 1357 Kaplan: (Böse Stimmungen.) In einer Stunde ist
657 1235 2884 1483 ja Eduard wieder zurück und morgen Früh der Herr
639 1486 1141 1670 Professor.
651 1570 2525 1830 Josefa: Und werden doch nicht da sein.
2589 1500 3117 1725 sile he most.
668 1652 2595 1956 Kaplan: (Ich habe Sie niemals so gesehen.)
1331 1830 2253 1956 Weil sie mir in einf hinziger
677 1856 2802 2102 Josefa:Was wissen Sie denn von mir? Was weiss
698 2017 2668 2265 irgend ein Mensch von mir? Und ich selber?
698 2139 2641 2446 Kaplan: Es wird vorübergehört. til die auch nach
1699 2177 1786 2250 on
1249 2186 1445 2282 Revd
1661 2256 2423 2405 tive in tement.
709 2297 2983 2577 Josefa: Aber gewiss,man wird sich wieder belügen
724 2425 3015 2694 und die Andern dazu, Aber in Wirklichkeit geht es
733 2580 3024 2890 nicht vorüber. Alles ist immer da: die Einsamkeit
1941 2697 2852 2822 nur auf euer: de Mise en de
738 2767 3088 3018 und die Sehnsucht und noch viel dazu alles was man
1553 2855 2831 3021 & cet c'est rien. M'est défin
762 2933 2942 3158 versäumt hat  Natürlich spürt man's nicht immer.
768 3079 3006 3322 Aber tief in uns wissen wir's doch, wir haben nur
814 3199 3041 3467 keinen Mut, Ihr Bruder hat Mut gehabt, Ja, was im
779 3441 1556 3707 mer er getan hat.
