3448 4168
2687 350 2870 493 164
625 496 2810 737 Eduard: (auf seinem Platz bleibend) Danke sehr,
642 711 1884 889 bin leider schon vergeben.
2283 786 2532 880 her
639 820 2526 1041 Die Aeltere: Da kann man nichts machen.
660 978 2965 1161 Vincenz: Er nach einen Ausflug mit Seiner Hoch-
665 1193 1009 1362 würden
668 1267 2701 1511 Die Jüngere: Also gute Unterhaltung! Adieu!
685 1468 1537 1637 (Beide Mädeln ab).
671 1586 2526 1781 Vincenz: (zu Eduard) Du bist ein Flegel.
674 1718 2804 1996 Eduard: Die sollen nicht so zudringlich sein.
671 1918 2865 2136 Kaplan: (kommt von rechts, begegnet noch den Mä¬
685 2067 2108 2317 deln,die ihm die Hand küssen).
697 2262 1838 2440 Kaplan: So,da wären wir,
694 2380 2787 2612 Eduard: Denken Sie sich, Hochwürden, der Vater
703 2532 2865 2738 hat mir einen botanischen Atlas aus Wien mit-
711 2707 1150 2890 gebracht.
708 2787 2899 3077 Kaplan: (Der Bernatzik, die grosse Ausgabe.) Aber
720 3014 2288 3197 das ist ja ein wahres Prachtwerk.
708 3120 2773 3341 Eduard: Wenn wir den vor sechs Wochen schon
731 3326 1554 3516 da gehabt hätten!
740 3372 2810 3731 Vincenz: Er halt sich bis zum nächsten Jahr.
