3400 4152
2647 240 2815 456 155
567 453 2863 812 Vincenz: Na bist du schwer von Begriffen. Der In-
576 632 2836 899 tendant lässt dich direkt bitten. Er möchte dich
588 737 2830 1085 zugleich persönlich zu der Enthüllung einladen.
635 938 2830 1211 Er war wirklich von einer Herzlichkeit und Lie-
614 1223 1361 1364 benswürdigkeit.
608 1181 2890 1574 Josefa: (auf ihr Kleid weisend) Aber so kann ich
635 1532 1217 1667 doch nicht -
641 1586 2332 1876 Vincenz: Verlangt doch auch keiner
650 1706 2833 1963 Josefa: Ich hab überhaupt kein Kleid heraussen
2695 1804 2818 1906 de
668 1822 2998 2101 Vincenz: Wir fahren zuerst (zu mir) nach Haus, machst
674 1951 2968 2269 du dich elegant, um ein Uhr holt uns der Intendant
306 2053 588 2200 No en
273 2188 483 2335 well.
686 2269 1370 2437 im Atelier ab.
1613 2308 1807 2440 der
270 2287 468 2506 Juder
695 2308 2944 2644 Gusti: Da können wir alle zusammen hineinfahren.
692 2482 2953 2779 Vinsenz: Na grossartig Weisst du, Josefa, ich hab
716 2626 3132 2926 auch dran gedacht, ob xxx auch den Buben mit hinein-
719 2812 3003 3045 nehmen könnten. Er hat doch immer so gebeten, das
728 2935 3012 3207 Relief zu dem Fries zu sehen (ehe er in die Gies-
483 2956 653 3114 une
2491 3054 2659 3186 r P
1580 3051 3063 3321 H. Kastenberg    to Raphill O
492 3102 597 3216 or
2398 3195 2809 3351 acht jeb.
737 3156 1391 3369 serei kommt.
767 3240 2104 3438 all Lord Bewert just
752 3288 2734 3495 Josefa: Der wird schon noch warten können.
519 3234 704 3486 sel,
2902 3354 3018 3558 O
755 3378 2881 3708 Vincenz: NoCja, wir können ihn ja dann fragen.
