<?xml version="1.0" encoding="UTF-8" standalone="yes"?>
<PcGts xmlns="http://schema.primaresearch.org/PAGE/gts/pagecontent/2013-07-15" xmlns:xsi="http://www.w3.org/2001/XMLSchema-instance" xsi:schemaLocation="http://schema.primaresearch.org/PAGE/gts/pagecontent/2013-07-15 http://schema.primaresearch.org/PAGE/gts/pagecontent/2013-07-15/pagecontent.xsd">
    <Metadata>
        <Creator>prov=READ-COOP:name=TrHtr:version=2.1.0:model_id=51170:date=24_07_2023_20:28</Creator>
        <Created>2023-05-10T13:52:50.637+02:00</Created>
        <LastChange>2023-07-24T20:28:42.512+02:00</LastChange>
        <TranskribusMetadata docId="1428598" pageId="55415522" pageNr="85" tsid="130569311" status="IN_PROGRESS" userId="64420" imgUrl="https://files.transkribus.eu/Get?id=ONHTTYDUANISTNSBNZBOPTCG&amp;fileType=view" xmlUrl="https://files.transkribus.eu/Get?id=UUSMWOUJHLDFADMHABKPUOVQ" imageId="44689647"/>
    </Metadata>
    <Page imageFilename="1428598_0085.jpg" imageWidth="3320" imageHeight="4072">
        <ReadingOrder>
            <OrderedGroup id="ro_1711789789180" caption="Regions reading order">
                <RegionRefIndexed index="0" regionRef="tr_1"/>
            </OrderedGroup>
        </ReadingOrder>
        <TextRegion id="tr_1" custom="readingOrder {index:0;}">
            <Coords points="746,361 3030,361 3030,3607 746,3607"/>
            <TextLine id="tr_1_tl_1" custom="readingOrder {index:0;}">
                <Coords points="2483,438 2524,446 2554,471 2592,446 2666,463 2658,339 2636,342 2606,323 2595,334 2560,342 2532,318 2505,334 2477,334"/>
                <Baseline points="2498,411 2543,414 2588,417 2633,417 2671,423"/>
                <TextEquiv>
                    <Unicode>158</Unicode>
                </TextEquiv>
            </TextLine>
            <TextLine id="tr_1_tl_2" custom="readingOrder {index:1;}">
                <Coords points="725,753 923,701 1048,723 1226,657 1341,684 1503,654 1555,673 1558,594 1314,520 1262,558 1109,537 898,594 827,542 734,578"/>
                <Baseline points="746,662 755,665 800,662 844,659 889,659 934,656 979,656 1023,653 1068,650 1113,647 1158,647 1203,644 1247,641 1292,638 1337,635 1382,632 1426,632 1471,632 1516,635 1561,638"/>
                <TextEquiv>
                    <Unicode>Seine Hochwürden.</Unicode>
                </TextEquiv>
            </TextLine>
            <TextLine id="tr_1_tl_3" custom="readingOrder {index:2;}">
                <Coords points="725,901 2798,797 2896,775 2904,652 734,758"/>
                <Baseline points="746,820 758,820 803,817 847,817 892,817 937,814 982,812 1026,809 1071,809 1116,806 1161,803 1206,800 1250,797 1295,794 1340,791 1385,791 1429,788 1474,785 1519,785 1564,785 1609,779 1653,776 1698,773 1743,773 1788,770 1832,770 1877,767 1922,767 1967,761 2012,761 2056,758 2101,755 2146,752 2191,752 2236,749 2280,746 2325,743 2370,743 2415,740 2459,740 2504,734 2549,731 2594,728 2639,728 2683,725 2728,725 2773,722 2818,722 2862,716 2907,719"/>
                <TextEquiv>
                    <Unicode>Kaplan.(kommt von links in sichtlich freudiger</Unicode>
                </TextEquiv>
            </TextLine>
            <TextLine id="tr_1_tl_4" custom="readingOrder {index:3;}">
                <Coords points="742,980 2297,969 2803,898 2806,813 747,873"/>
                <Baseline points="758,970 794,967 838,967 883,967 928,964 973,961 1018,961 1062,961 1107,958 1152,952 1197,949 1241,949 1286,946 1331,946 1376,946 1421,943 1465,946 1510,940 1555,940 1600,937 1644,937 1689,928 1734,925 1779,925 1824,922 1868,916 1913,916 1958,913 2003,910 2047,910 2092,907 2137,904 2182,904 2227,901 2271,901 2316,895 2361,892 2406,892 2450,889 2495,889 2540,886 2585,886 2630,886 2674,880 2719,880 2764,883 2809,886"/>
                <TextEquiv>
                    <Unicode>Stimmung, bleibt stehen) Guten Morgen,</Unicode>
                </TextEquiv>
            </TextLine>
            <TextLine id="tr_1_tl_5" custom="readingOrder {index:4;}">
                <Coords points="756,1128 2601,1122 2784,1065 2790,950 761,1038"/>
                <Baseline points="770,1110 776,1110 820,1116 865,1116 910,1116 955,1116 1000,1113 1044,1113 1089,1110 1134,1107 1179,1107 1223,1104 1268,1101 1313,1101 1358,1098 1403,1098 1447,1098 1492,1092 1537,1092 1582,1089 1627,1089 1671,1083 1716,1080 1761,1080 1806,1077 1850,1077 1895,1077 1940,1071 1985,1068 2030,1062 2074,1062 2119,1059 2164,1056 2209,1056 2253,1053 2298,1053 2343,1050 2388,1047 2433,1044 2477,1044 2522,1044 2567,1041 2612,1038 2656,1035 2701,1032 2746,1029 2791,1032"/>
                <TextEquiv>
                    <Unicode>Frau Professor, nochmals guten Morgen. Guten</Unicode>
                </TextEquiv>
            </TextLine>
            <TextLine id="tr_1_tl_6" custom="readingOrder {index:5;}">
                <Coords points="742,1317 2305,1295 2759,1240 2765,1122 747,1218"/>
                <Baseline points="761,1277 803,1277 847,1274 892,1274 937,1271 982,1271 1026,1268 1071,1265 1116,1262 1161,1259 1206,1259 1250,1256 1295,1253 1340,1250 1385,1250 1429,1250 1474,1247 1519,1247 1564,1244 1609,1238 1653,1235 1698,1235 1743,1232 1788,1232 1832,1235 1877,1229 1922,1226 1967,1226 2012,1223 2056,1218 2101,1215 2146,1215 2191,1209 2236,1209 2280,1206 2325,1206 2370,1206 2415,1200 2459,1197 2504,1197 2549,1194 2594,1191 2639,1188 2683,1185 2728,1185 2773,1176"/>
                <TextEquiv>
                    <Unicode>Morgen,Fräulein, Also - (zu Josefa) es ist -</Unicode>
                </TextEquiv>
            </TextLine>
            <TextLine id="tr_1_tl_7" custom="readingOrder {index:6;}">
                <Coords points="764,1467 2406,1352 2612,1396 2617,1287 2179,1328 1957,1273 1801,1350 1150,1366 772,1328"/>
                <Baseline points="782,1432 785,1432 829,1429 874,1429 919,1426 964,1426 1009,1426 1053,1424 1098,1421 1143,1418 1188,1415 1232,1412 1277,1409 1322,1406 1367,1406 1412,1403 1456,1403 1501,1403 1546,1400 1591,1397 1635,1391 1680,1391 1725,1388 1770,1388 1815,1382 1859,1382 1904,1379 1949,1379 1994,1376 2038,1373 2083,1370 2128,1370 2173,1367 2218,1364 2262,1361 2307,1358 2352,1355 2397,1352 2442,1352 2486,1349 2531,1346 2576,1343 2621,1340"/>
                <TextEquiv>
                    <Unicode>alles gut ausgegangen. Die Depesche ist</Unicode>
                </TextEquiv>
            </TextLine>
            <TextLine id="tr_1_tl_8" custom="readingOrder {index:7;}">
                <Coords points="2209,1456 2499,1451 2625,1552 2672,1530 2743,1549 2874,1489 2924,1508 2929,1325 2716,1355 2644,1317 2431,1399 2365,1366 2289,1396 2212,1380"/>
                <Baseline points="2227,1444 2259,1441 2304,1438 2349,1438 2394,1435 2439,1432 2483,1429 2528,1429 2573,1429 2618,1432 2662,1429 2707,1429 2752,1429 2797,1424 2842,1421 2886,1415 2933,1417"/>
                <TextEquiv>
                    <Unicode>he is in rof jy</Unicode>
                </TextEquiv>
            </TextLine>
            <TextLine id="tr_1_tl_9" custom="readingOrder {index:8;}">
                <Coords points="777,1588 1982,1604 2168,1530 2313,1585 2453,1552 2456,1454 2190,1467 2007,1385 1747,1462 1612,1421 1459,1481 783,1497"/>
                <Baseline points="794,1582 803,1582 847,1582 892,1582 937,1579 982,1579 1026,1576 1071,1573 1116,1570 1161,1570 1206,1567 1250,1564 1295,1561 1340,1558 1385,1558 1429,1558 1474,1555 1519,1552 1564,1552 1609,1546 1653,1543 1698,1540 1743,1540 1788,1537 1832,1537 1877,1534 1922,1531 1967,1528 2012,1525 2056,1522 2101,1522 2146,1522 2191,1519 2236,1519 2280,1513 2325,1510 2370,1510 2415,1510 2459,1513"/>
                <TextEquiv>
                    <Unicode>schon da. (Nichtsgeschehen.-Er lebt,</Unicode>
                </TextEquiv>
            </TextLine>
            <TextLine id="tr_1_tl_10" custom="readingOrder {index:9;}">
                <Coords points="772,1788 2842,1744 2850,1558 777,1662"/>
                <Baseline points="791,1728 835,1731 880,1734 925,1731 970,1731 1015,1728 1059,1725 1104,1725 1149,1722 1194,1719 1238,1716 1283,1713 1328,1710 1373,1710 1418,1710 1462,1707 1507,1704 1552,1704 1597,1701 1641,1698 1686,1695 1731,1695 1776,1692 1821,1692 1865,1692 1910,1686 1955,1683 2000,1680 2044,1680 2089,1680 2134,1677 2179,1674 2224,1671 2268,1668 2313,1665 2358,1662 2403,1662 2447,1659 2492,1659 2537,1656 2582,1656 2627,1653 2671,1650 2716,1647 2761,1644 2806,1644 2850,1644"/>
                <TextEquiv>
                    <Unicode>Gusti: (höchst befremdet, ahnungslos wovon die</Unicode>
                </TextEquiv>
            </TextLine>
            <TextLine id="tr_1_tl_11" custom="readingOrder {index:10;}">
                <Coords points="780,1935 835,1952 903,1924 1013,1941 1046,1919 1109,1949 1191,1914 1276,1922 1278,1785 1128,1763 1029,1812 925,1815 879,1796 838,1818 783,1812"/>
                <Baseline points="794,1889 835,1889 880,1886 925,1886 970,1883 1015,1883 1059,1880 1104,1877 1149,1880 1194,1880 1238,1880 1283,1880"/>
                <TextEquiv>
                    <Unicode>Rede ist).</Unicode>
                </TextEquiv>
            </TextLine>
            <TextLine id="tr_1_tl_12" custom="readingOrder {index:11;}">
                <Coords points="788,2091 1538,2091 1881,2015 2488,2072 2833,2007 2839,1894 794,1957"/>
                <Baseline points="806,2047 826,2047 871,2044 916,2044 961,2041 1006,2041 1050,2038 1095,2038 1140,2036 1185,2033 1229,2030 1274,2027 1319,2027 1364,2027 1409,2027 1453,2024 1498,2021 1543,2018 1588,2015 1632,2012 1677,2009 1722,2006 1767,2003 1812,2000 1856,1997 1901,1997 1946,1997 1991,1997 2036,1991 2080,1985 2125,1985 2170,1982 2215,1979 2259,1979 2304,1976 2349,1973 2394,1973 2439,1970 2483,1967 2528,1967 2573,1964 2618,1964 2662,1961 2707,1958 2752,1955 2797,1952 2842,1952"/>
                <TextEquiv>
                    <Unicode>Josefa: (zum Kaplan) Nun-  zum Himmel aufse-</Unicode>
                </TextEquiv>
            </TextLine>
            <TextLine id="tr_1_tl_13" custom="readingOrder {index:12;}">
                <Coords points="794,2247 2434,2226 2921,2154 2926,2048 1448,2061 799,2143"/>
                <Baseline points="812,2209 826,2206 871,2200 916,2200 961,2200 1006,2197 1050,2194 1095,2191 1140,2188 1185,2191 1229,2188 1274,2185 1319,2182 1364,2179 1409,2176 1453,2173 1498,2170 1543,2173 1588,2170 1632,2164 1677,2164 1722,2161 1767,2161 1812,2158 1856,2155 1901,2155 1946,2149 1991,2146 2036,2146 2080,2146 2125,2140 2170,2137 2215,2134 2259,2134 2304,2131 2349,2128 2394,2125 2439,2122 2483,2122 2528,2119 2573,2119 2618,2116 2662,2116 2707,2113 2752,2110 2797,2107 2842,2107 2886,2101 2931,2107"/>
                <TextEquiv>
                    <Unicode>hend, als wollte sie sagen: Gott hat ein Einse-</Unicode>
                </TextEquiv>
            </TextLine>
            <TextLine id="tr_1_tl_14" custom="readingOrder {index:13;}">
                <Coords points="805,2379 901,2362 1081,2376 1265,2346 1385,2379 1391,2261 1240,2278 1196,2242 1059,2283 969,2272 936,2302 860,2269 810,2275"/>
                <Baseline points="823,2361 853,2358 898,2355 943,2355 988,2355 1032,2355 1077,2349 1122,2349 1167,2346 1212,2343 1256,2340 1301,2337 1346,2340 1391,2337"/>
                <TextEquiv>
                    <Unicode>hen gehabt).</Unicode>
                </TextEquiv>
            </TextLine>
            <TextLine id="tr_1_tl_15" custom="readingOrder {index:14;}">
                <Coords points="821,2573 2636,2521 2644,2343 1927,2417 1289,2390 1018,2461 829,2417"/>
                <Baseline points="838,2516 853,2516 898,2513 943,2507 988,2507 1032,2504 1077,2504 1122,2501 1167,2498 1212,2492 1256,2492 1301,2489 1346,2489 1391,2486 1435,2483 1480,2483 1525,2480 1570,2477 1615,2474 1659,2471 1704,2471 1749,2468 1794,2468 1838,2465 1883,2462 1928,2459 1973,2456 2018,2456 2062,2453 2107,2453 2152,2450 2197,2447 2241,2444 2286,2444 2331,2444 2376,2442 2421,2439 2465,2436 2510,2436 2555,2433 2600,2433 2645,2430"/>
                <TextEquiv>
                    <Unicode>(Jetzt erscheint Eduard auf dem Balkon)</Unicode>
                </TextEquiv>
            </TextLine>
            <TextLine id="tr_1_tl_16" custom="readingOrder {index:15;}">
                <Coords points="821,2683 2185,2658 2379,2603 2382,2521 824,2579"/>
                <Baseline points="835,2668 862,2668 907,2665 952,2665 997,2659 1041,2659 1086,2656 1131,2653 1176,2650 1221,2647 1265,2647 1310,2645 1355,2645 1400,2645 1444,2642 1489,2636 1534,2636 1579,2633 1624,2630 1668,2630 1713,2627 1758,2624 1803,2621 1847,2621 1892,2618 1937,2615 1982,2615 2027,2612 2071,2609 2116,2606 2161,2603 2206,2600 2250,2597 2295,2600 2340,2600 2385,2600"/>
                <TextEquiv>
                    <Unicode>Eduard: Kiiss die Hand, Hochwürden.</Unicode>
                </TextEquiv>
            </TextLine>
            <TextLine id="tr_1_tl_17" custom="readingOrder {index:16;}">
                <Coords points="2302,2672 2390,2699 2461,2694 2505,2666 2562,2680 2631,2672 2647,2546 2614,2527 2587,2543 2568,2527 2352,2642 2310,2623"/>
                <Baseline points="2319,2668 2328,2665 2373,2665 2418,2662 2462,2656 2507,2647 2552,2642 2597,2636 2642,2627"/>
                <TextEquiv>
                    <Unicode>Tout</Unicode>
                </TextEquiv>
            </TextLine>
            <TextLine id="tr_1_tl_18" custom="readingOrder {index:17;}">
                <Coords points="824,2874 1870,2787 2105,2866 2316,2773 2644,2831 3022,2751 3028,2636 829,2757"/>
                <Baseline points="841,2824 880,2821 925,2821 970,2821 1015,2818 1059,2815 1104,2812 1149,2809 1194,2809 1238,2806 1283,2803 1328,2803 1373,2800 1418,2797 1462,2797 1507,2794 1552,2791 1597,2788 1641,2785 1686,2782 1731,2779 1776,2779 1821,2779 1865,2776 1910,2773 1955,2773 2000,2767 2044,2764 2089,2764 2134,2761 2179,2758 2224,2758 2268,2758 2313,2755 2358,2752 2403,2749 2447,2746 2492,2743 2537,2740 2582,2737 2627,2734 2671,2737 2716,2734 2761,2731 2806,2728 2850,2725 2895,2722 2940,2722 2985,2722 3030,2722"/>
                <TextEquiv>
                    <Unicode>Kaplan: Guten Morgen, Eduard. Na man hat gestern</Unicode>
                </TextEquiv>
            </TextLine>
            <TextLine id="tr_1_tl_19" custom="readingOrder {index:18;}">
                <Coords points="829,2992 1911,3009 1996,2948 2653,2943 2658,2863 1944,2820 1793,2885 832,2913"/>
                <Baseline points="844,2979 871,2976 916,2973 961,2973 1006,2970 1050,2970 1095,2970 1140,2967 1185,2964 1229,2961 1274,2958 1319,2955 1364,2955 1409,2952 1453,2952 1498,2949 1543,2949 1588,2946 1632,2943 1677,2943 1722,2937 1767,2934 1812,2934 1856,2931 1901,2928 1946,2925 1991,2922 2036,2922 2080,2922 2125,2919 2170,2916 2215,2916 2259,2910 2304,2907 2349,2904 2394,2904 2439,2901 2483,2898 2528,2895 2573,2895 2618,2898 2662,2898"/>
                <TextEquiv>
                    <Unicode>eine schöne Angst um dich ausgestanden.</Unicode>
                </TextEquiv>
            </TextLine>
            <TextLine id="tr_1_tl_20" custom="readingOrder {index:19;}">
                <Coords points="846,3176 2847,3082 2995,3050 3000,2935 851,3036"/>
                <Baseline points="862,3131 898,3128 943,3128 988,3128 1032,3125 1077,3122 1122,3122 1167,3116 1212,3116 1256,3113 1301,3113 1346,3110 1391,3107 1435,3107 1480,3101 1525,3101 1570,3098 1615,3098 1659,3098 1704,3092 1749,3089 1794,3089 1838,3086 1883,3083 1928,3083 1973,3080 2018,3077 2062,3077 2107,3074 2152,3071 2197,3065 2241,3065 2286,3062 2331,3062 2376,3059 2421,3059 2465,3056 2510,3054 2555,3051 2600,3051 2645,3048 2689,3045 2734,3042 2779,3042 2824,3042 2868,3039 2913,3036 2958,3033 3003,3036"/>
                <TextEquiv>
                    <Unicode>Eduard: War kein Grund, Hochwürden. Es ist mir</Unicode>
                </TextEquiv>
            </TextLine>
            <TextLine id="tr_1_tl_21" custom="readingOrder {index:20;}">
                <Coords points="846,3348 958,3332 1068,3384 1174,3326 1344,3356 1421,3312 2122,3260 2127,3154 1987,3178 1919,3134 1681,3192 1434,3156 1306,3206 1226,3167 1087,3203 854,3173"/>
                <Baseline points="865,3298 874,3295 919,3289 964,3286 1009,3286 1053,3280 1098,3277 1143,3277 1188,3274 1232,3271 1277,3271 1322,3265 1367,3262 1412,3257 1456,3259 1501,3257 1546,3254 1591,3254 1635,3254 1680,3251 1725,3245 1770,3245 1815,3239 1859,3239 1904,3236 1949,3233 1994,3233 2038,3233 2083,3230 2128,3233"/>
                <TextEquiv>
                    <Unicode>gar (nichts, (Böses) geschehen.</Unicode>
                </TextEquiv>
            </TextLine>
            <TextLine id="tr_1_tl_22" custom="readingOrder {index:21;}">
                <Coords points="838,3501 1210,3509 1415,3430 1547,3504 1875,3422 2018,3471 2245,3400 2579,3449 2910,3411 2918,3285 843,3364"/>
                <Baseline points="856,3439 859,3442 904,3442 949,3442 994,3439 1038,3436 1083,3436 1128,3433 1173,3430 1218,3430 1262,3424 1307,3424 1352,3421 1397,3421 1441,3418 1486,3415 1531,3415 1576,3412 1621,3409 1665,3409 1710,3406 1755,3403 1800,3397 1844,3397 1889,3394 1934,3388 1979,3388 2024,3388 2068,3385 2113,3385 2158,3385 2203,3379 2247,3379 2292,3379 2337,3376 2382,3376 2427,3373 2471,3373 2516,3370 2561,3367 2606,3364 2650,3358 2695,3358 2740,3355 2785,3352 2830,3349 2874,3349 2919,3352"/>
                <TextEquiv>
                    <Unicode>Kaplan: Also wärst du heute aufgelegt) unsere</Unicode>
                </TextEquiv>
            </TextLine>
            <TextLine id="tr_1_tl_23" custom="readingOrder {index:22;}">
                <Coords points="860,3603 1224,3641 1489,3597 1607,3646 1744,3583 2026,3613 2179,3567 2278,3608 2406,3581 2414,3414 2152,3416 1982,3493 1829,3499 1757,3438 1462,3518 862,3509"/>
                <Baseline points="874,3597 892,3597 937,3597 982,3594 1026,3591 1071,3591 1116,3588 1161,3585 1206,3582 1250,3579 1295,3576 1340,3576 1385,3573 1429,3573 1474,3570 1519,3570 1564,3567 1609,3564 1653,3561 1698,3561 1743,3558 1788,3558 1832,3555 1877,3552 1922,3549 1967,3546 2012,3543 2056,3543 2101,3540 2146,3540 2191,3537 2236,3537 2280,3534 2325,3534 2370,3531 2415,3534"/>
                <TextEquiv>
                    <Unicode>botanische Exkursion nachzuholen?</Unicode>
                </TextEquiv>
            </TextLine>
        </TextRegion>
    </Page>
</PcGts>
