3528 4264
2707 250 2882 444 136
762 441 2955 697 zwi schen den beiden Frauen) Ah, der Herr Doktor!
779 630 2811 857 Felix: (steht auf) Ja, ich bin's. Sie wundern
784 812 1746 998 sich, Fräulein Gusti?
796 880 3045 1158 Gusti: (noch auf der Veranda) Vor allem freu' ich
787 1153 1116 1330 mich.
796 1223 2927 1487 Felix: Ihr, ich bin mit dem ersten Zug herausge-
812 1462 1164 1631 fahren.
796 1518 3059 1791 Josefa: (steht gleichfalls auf und geht mit ihrer
818 1704 2333 1917 Kaffeetasse an Gusti vorbei,ah).
835 1780 2986 2108 Gusti: (tritt jetzt auf Felix zu,reicht ihm die
832 2080 1133 2249 Hand’).
846 2111 2938 2398 Felix:/nimmt sie flüchtig) Also,du bist enga-
410 2297 818 2465 dit de mai
849 2378 1150 2544 giert.
394 2437 678 2550 wch
874 2468 1971 2707 usti: (Also) darum...
394 2510 767 2651 7 fait celle
2137 2437 2420 2645 &c but
863 2598 2971 2837 Felix: So ist es also wahr? Möchtest du nicht
877 2811 1861 2983 gefälligts antworten?
880 2879 3087 3174 Gusti: (Den Ton hab ich nicht sehr gern.) Und ich
883 3050 2949 3298 seh eigentlich auch keinen Grund,
877 3230 2249 3483 Felix: Aber ich.) Komödiantin!
886 3340 3014 3652 Katti: (kommt aus dem Hause) Ich möcht nur der
