<?xml version="1.0" encoding="UTF-8" standalone="yes"?>
<PcGts xmlns="http://schema.primaresearch.org/PAGE/gts/pagecontent/2013-07-15" xmlns:xsi="http://www.w3.org/2001/XMLSchema-instance" xsi:schemaLocation="http://schema.primaresearch.org/PAGE/gts/pagecontent/2013-07-15 http://schema.primaresearch.org/PAGE/gts/pagecontent/2013-07-15/pagecontent.xsd">
    <Metadata>
        <Creator>prov=READ-COOP:name=TrHtr:version=2.1.0:model_id=51170:date=24_07_2023_20:28</Creator>
        <Created>2023-05-10T13:52:44.270+02:00</Created>
        <LastChange>2023-07-24T20:28:29.838+02:00</LastChange>
        <TranskribusMetadata docId="1428598" pageId="55415276" pageNr="47" tsid="130569268" status="IN_PROGRESS" userId="64420" imgUrl="https://files.transkribus.eu/Get?id=STWBTEBOTKQAYSYMMWQZUJNE&amp;fileType=view" xmlUrl="https://files.transkribus.eu/Get?id=VKTQCLUTUXHWHAQQSZQOUIPW" imageId="44689409"/>
    </Metadata>
    <Page imageFilename="1428598_0047.jpg" imageWidth="3544" imageHeight="4280">
        <ReadingOrder>
            <OrderedGroup id="ro_1711789751429" caption="Regions reading order">
                <RegionRefIndexed index="0" regionRef="tr_1"/>
                <RegionRefIndexed index="1" regionRef="tr_2"/>
            </OrderedGroup>
        </ReadingOrder>
        <TextRegion id="tr_1" custom="readingOrder {index:0;}">
            <Coords points="728,526 2874,526 2874,1645 728,1645"/>
            <TextLine id="tr_1_tl_1" custom="readingOrder {index:0;}">
                <Coords points="2668,630 2692,630 2716,646 2780,597 2795,609 2801,603 2831,609 2843,443 2798,446 2768,430 2728,455 2713,449 2677,461"/>
                <Baseline points="2686,584 2704,584 2748,579 2793,576 2838,576"/>
                <TextEquiv>
                    <Unicode>135</Unicode>
                </TextEquiv>
            </TextLine>
            <TextLine id="tr_1_tl_2" custom="readingOrder {index:1;}">
                <Coords points="709,925 900,861 1273,891 1740,840 1952,897 1998,879 2004,676 1719,649 1470,724 1128,682 1025,740 715,734"/>
                <Baseline points="728,871 749,874 793,871 838,871 883,871 928,868 972,865 1017,865 1062,865 1107,865 1152,862 1196,862 1241,859 1286,859 1331,859 1375,856 1420,859 1465,856 1510,856 1555,856 1599,853 1644,853 1689,850 1734,850 1778,847 1823,844 1868,841 1913,841 1957,841 2002,844"/>
                <TextEquiv>
                    <Unicode>die Verantwortung auf mich.</Unicode>
                </TextEquiv>
            </TextLine>
            <TextLine id="tr_1_tl_3" custom="readingOrder {index:2;}">
                <Coords points="728,1034 2461,979 2713,1052 2865,1015 2868,903 2364,843 1631,952 731,940"/>
                <Baseline points="743,1026 770,1023 814,1023 859,1023 904,1023 949,1020 993,1020 1038,1020 1083,1017 1128,1014 1172,1014 1217,1011 1262,1011 1307,1008 1352,1008 1396,1008 1441,1005 1486,1005 1531,1005 1575,1005 1620,1002 1665,999 1710,999 1754,996 1799,996 1844,996 1889,993 1934,993 1978,993 2023,993 2068,990 2113,987 2157,990 2202,987 2247,984 2292,981 2336,981 2381,981 2426,981 2471,978 2516,975 2560,975 2605,972 2650,975 2695,972 2739,970 2784,970 2829,970 2874,967"/>
                <TextEquiv>
                    <Unicode>Josefa: Entschuldigen Sie, Herr Doktor, aber mir</Unicode>
                </TextEquiv>
            </TextLine>
            <TextLine id="tr_1_tl_4" custom="readingOrder {index:3;}">
                <Coords points="2458,1079 2474,1082 2507,1070 2531,1070 2537,1076 2555,1073 2561,1085 2586,1085 2598,1012 2580,1012 2574,1018 2537,1012 2513,1031 2507,1018 2486,1022 2470,1015"/>
                <Baseline points="2477,1068 2513,1059 2557,1050 2602,1047"/>
                <TextEquiv>
                    <Unicode>in</Unicode>
                </TextEquiv>
            </TextLine>
            <TextLine id="tr_1_tl_5" custom="readingOrder {index:4;}">
                <Coords points="721,1197 1291,1261 2076,1158 2810,1225 2846,1061 1825,1085 1640,1009 724,1112"/>
                <Baseline points="737,1178 746,1178 790,1175 835,1175 880,1175 925,1175 970,1172 1014,1172 1059,1169 1104,1169 1149,1167 1193,1164 1238,1161 1283,1161 1328,1161 1372,1161 1417,1158 1462,1158 1507,1158 1552,1155 1596,1155 1641,1155 1686,1152 1731,1152 1775,1149 1820,1149 1865,1152 1910,1146 1954,1143 1999,1143 2044,1143 2089,1140 2134,1140 2178,1140 2223,1137 2268,1137 2313,1134 2357,1131 2402,1131 2447,1131 2492,1131 2536,1128 2581,1128 2626,1125 2671,1125 2716,1122 2760,1122 2805,1119 2850,1119"/>
                <TextEquiv>
                    <Unicode>kommt vor - Es wird hoffentlich kein zu einer</Unicode>
                </TextEquiv>
            </TextLine>
            <TextLine id="tr_1_tl_6" custom="readingOrder {index:5;}">
                <Coords points="721,1349 1240,1361 1828,1316 1828,1261 1600,1203 1428,1243 1352,1219 1291,1261 1049,1246 961,1188 724,1200"/>
                <Baseline points="737,1325 761,1328 805,1328 850,1328 895,1328 940,1325 984,1325 1029,1322 1074,1322 1119,1319 1164,1319 1208,1319 1253,1316 1298,1316 1343,1316 1387,1313 1432,1313 1477,1313 1522,1313 1566,1310 1611,1310 1656,1307 1701,1304 1746,1304 1790,1304 1835,1304"/>
                <TextEquiv>
                    <Unicode>solchen Aufregung sein.</Unicode>
                </TextEquiv>
            </TextLine>
            <TextLine id="tr_1_tl_7" custom="readingOrder {index:6;}">
                <Coords points="721,1546 2846,1479 2849,1364 2768,1346 1558,1410 728,1340"/>
                <Baseline points="737,1474 749,1477 793,1477 838,1480 883,1480 928,1480 972,1477 1017,1477 1062,1474 1107,1471 1152,1468 1196,1468 1241,1468 1286,1468 1331,1465 1375,1465 1420,1465 1465,1462 1510,1462 1555,1462 1599,1459 1644,1459 1689,1456 1734,1456 1778,1456 1823,1453 1868,1453 1913,1453 1957,1453 2002,1450 2047,1450 2092,1447 2137,1447 2181,1444 2226,1444 2271,1441 2316,1441 2360,1438 2405,1438 2450,1435 2495,1435 2539,1435 2584,1435 2629,1432 2674,1432 2719,1429 2763,1429 2808,1426 2853,1426"/>
                <TextEquiv>
                    <Unicode>Felix: Seien Sie unbesorgt, Frau Professor, ich</Unicode>
                </TextEquiv>
            </TextLine>
            <TextLine id="tr_1_tl_8" custom="readingOrder {index:7;}">
                <Coords points="734,1655 2834,1622 2858,1470 2370,1546 737,1543"/>
                <Baseline points="749,1635 758,1635 802,1632 847,1632 892,1632 937,1629 981,1626 1026,1626 1071,1626 1116,1623 1161,1623 1205,1623 1250,1620 1295,1617 1340,1617 1384,1617 1429,1614 1474,1617 1519,1614 1563,1614 1608,1611 1653,1611 1698,1608 1743,1608 1787,1608 1832,1605 1877,1602 1922,1602 1966,1602 2011,1599 2056,1599 2101,1599 2145,1599 2190,1599 2235,1596 2280,1596 2325,1596 2369,1593 2414,1593 2459,1590 2504,1584 2548,1587 2593,1584 2638,1584 2683,1584 2727,1584 2772,1581 2817,1578 2862,1575"/>
                <TextEquiv>
                    <Unicode>habe mit Fräulein Gusti ein paar Worte in</Unicode>
                </TextEquiv>
            </TextLine>
        </TextRegion>
        <TextRegion id="tr_2" custom="readingOrder {index:1;}">
            <Coords points="749,1678 3211,1678 3211,3818 749,3818"/>
            <TextLine id="tr_2_tl_1" custom="readingOrder {index:0;}">
                <Coords points="737,1807 1443,1773 1525,1831 2210,1752 2840,1810 2880,1640 1740,1710 1346,1640 1240,1725 740,1652"/>
                <Baseline points="752,1793 778,1787 823,1787 868,1787 913,1784 958,1784 1002,1781 1047,1781 1092,1778 1137,1778 1181,1775 1226,1772 1271,1766 1316,1763 1361,1763 1405,1763 1450,1766 1495,1763 1540,1766 1584,1766 1629,1763 1674,1763 1719,1760 1763,1760 1808,1760 1853,1757 1898,1757 1943,1757 1987,1757 2032,1754 2077,1754 2122,1754 2166,1754 2211,1751 2256,1751 2301,1751 2345,1749 2390,1749 2435,1746 2480,1746 2525,1746 2569,1743 2614,1743 2659,1743 2704,1740 2748,1737 2793,1734 2838,1734 2883,1728"/>
                <TextEquiv>
                    <Unicode>aller Ruhe — (Zum ersten Zug ist ja kein Om-</Unicode>
                </TextEquiv>
            </TextLine>
            <TextLine id="tr_2_tl_2" custom="readingOrder {index:1;}">
                <Coords points="731,1967 2089,1910 2276,1995 2877,1967 2904,1801 734,1825"/>
                <Baseline points="749,1940 758,1940 802,1940 847,1940 892,1937 937,1937 981,1937 1026,1934 1071,1934 1116,1931 1161,1931 1205,1928 1250,1928 1295,1925 1340,1925 1384,1922 1429,1925 1474,1925 1519,1925 1563,1922 1608,1919 1653,1919 1698,1916 1743,1916 1787,1913 1832,1913 1877,1910 1922,1910 1966,1907 2011,1907 2056,1904 2101,1904 2145,1904 2190,1907 2235,1901 2280,1901 2325,1904 2369,1901 2414,1901 2459,1898 2504,1895 2548,1895 2593,1895 2638,1892 2683,1892 2727,1889 2772,1889 2817,1889 2862,1886 2907,1883"/>
                <TextEquiv>
                    <Unicode>nibus an der Bahn, da bin ich ein bischen rasch</Unicode>
                </TextEquiv>
            </TextLine>
            <TextLine id="tr_2_tl_3" custom="readingOrder {index:2;}">
                <Coords points="740,2104 858,2131 909,2095 997,2098 1194,2167 1464,2167 1467,1955 1416,1943 1322,1925 1273,1958 1158,1940 991,1979 879,1958 743,2001"/>
                <Baseline points="755,2092 796,2092 841,2092 886,2092 931,2092 975,2089 1020,2089 1065,2089 1110,2086 1155,2086 1199,2086 1244,2086 1289,2083 1334,2083 1378,2083 1423,2080 1468,2080"/>
                <TextEquiv>
                    <Unicode>heraufgekangen.</Unicode>
                </TextEquiv>
            </TextLine>
            <TextLine id="tr_2_tl_4" custom="readingOrder {index:3;}">
                <Coords points="746,2283 2858,2283 3037,2249 3043,2079 749,2152"/>
                <Baseline points="761,2247 764,2247 808,2247 853,2244 898,2244 943,2241 987,2241 1032,2241 1077,2238 1122,2238 1167,2238 1211,2238 1256,2235 1301,2235 1346,2232 1390,2229 1435,2229 1480,2229 1525,2229 1569,2229 1614,2229 1659,2229 1704,2226 1749,2226 1793,2223 1838,2223 1883,2220 1928,2220 1972,2217 2017,2217 2062,2214 2107,2217 2151,2214 2196,2214 2241,2211 2286,2208 2331,2208 2375,2208 2420,2208 2465,2205 2510,2205 2554,2202 2599,2202 2644,2199 2689,2199 2733,2196 2778,2196 2823,2193 2868,2193 2913,2193 2957,2196 3002,2199 3047,2199"/>
                <TextEquiv>
                    <Unicode>Josefa: Sie haben gewiss noch nicht gefrühstückt,</Unicode>
                </TextEquiv>
            </TextLine>
            <TextLine id="tr_2_tl_5" custom="readingOrder {index:4;}">
                <Coords points="2470,2428 2495,2434 2513,2452 2528,2443 2549,2449 2574,2301 2555,2295 2549,2301 2531,2304 2525,2295 2510,2307 2492,2307"/>
                <Baseline points="2498,2366 2528,2360 2572,2354"/>
                <TextEquiv>
                    <Unicode>ns</Unicode>
                </TextEquiv>
            </TextLine>
            <TextLine id="tr_2_tl_6" custom="readingOrder {index:5;}">
                <Coords points="737,2437 837,2407 922,2431 985,2398 1064,2425 1134,2410 1222,2452 1328,2452 1331,2246 1167,2258 1100,2286 879,2270 740,2316"/>
                <Baseline points="752,2393 796,2399 841,2396 886,2396 931,2396 975,2396 1020,2396 1065,2393 1110,2393 1155,2390 1199,2390 1244,2390 1289,2390 1334,2390"/>
                <TextEquiv>
                    <Unicode>Herr Doktor?</Unicode>
                </TextEquiv>
            </TextLine>
            <TextLine id="tr_2_tl_7" custom="readingOrder {index:6;}">
                <Coords points="749,2567 2252,2534 2252,2425 2113,2464 2013,2392 1764,2470 952,2404 752,2434"/>
                <Baseline points="764,2554 781,2554 826,2554 871,2554 916,2551 961,2551 1005,2551 1050,2551 1095,2551 1140,2545 1184,2545 1229,2545 1274,2545 1319,2542 1363,2542 1408,2542 1453,2539 1498,2539 1543,2539 1587,2536 1632,2533 1677,2533 1722,2530 1766,2530 1811,2530 1856,2528 1901,2528 1945,2528 1990,2525 2035,2528 2080,2525 2125,2525 2169,2525 2214,2522 2259,2525"/>
                <TextEquiv>
                    <Unicode>Kathi: (hat den Kaffee gebracht).</Unicode>
                </TextEquiv>
            </TextLine>
            <TextLine id="tr_2_tl_8" custom="readingOrder {index:7;}">
                <Coords points="749,2719 1576,2692 1794,2789 3037,2692 3028,2586 2564,2540 752,2637"/>
                <Baseline points="764,2710 805,2710 850,2707 895,2710 940,2710 984,2707 1029,2707 1074,2710 1119,2704 1164,2704 1208,2701 1253,2701 1298,2698 1343,2698 1387,2698 1432,2698 1477,2692 1522,2692 1566,2692 1611,2689 1656,2689 1701,2689 1746,2689 1790,2686 1835,2683 1880,2683 1925,2683 1969,2683 2014,2680 2059,2680 2104,2677 2148,2677 2193,2674 2238,2674 2283,2671 2328,2671 2372,2671 2417,2671 2462,2671 2507,2671 2551,2668 2596,2668 2641,2668 2686,2668 2730,2668 2775,2668 2820,2665 2865,2665 2910,2665 2954,2662 2999,2662 3044,2659"/>
                <TextEquiv>
                    <Unicode>Felix: Danke. Einen Schluck Kaffee nehm ich gern,</Unicode>
                </TextEquiv>
            </TextLine>
            <TextLine id="tr_2_tl_9" custom="readingOrder {index:8;}">
                <Coords points="770,2931 1261,2855 2722,2840 2749,2722 1158,2764 1070,2819 773,2774"/>
                <Baseline points="787,2859 829,2862 874,2862 919,2862 964,2859 1008,2859 1053,2859 1098,2859 1143,2859 1187,2856 1232,2853 1277,2853 1322,2853 1366,2853 1411,2850 1456,2850 1501,2850 1546,2847 1590,2844 1635,2844 1680,2844 1725,2841 1769,2841 1814,2841 1859,2841 1904,2838 1948,2835 1993,2835 2038,2835 2083,2832 2128,2832 2172,2832 2217,2829 2262,2832 2307,2832 2351,2826 2396,2826 2441,2826 2486,2826 2530,2823 2575,2820 2620,2820 2665,2820 2710,2817 2754,2814"/>
                <TextEquiv>
                    <Unicode>Josefa: (schenkt ihm ein und sich auch) Ein</Unicode>
                </TextEquiv>
            </TextLine>
            <TextLine id="tr_2_tl_10" custom="readingOrder {index:9;}">
                <Coords points="767,3068 1873,2989 2749,3068 3207,3004 3210,2874 770,2940"/>
                <Baseline points="787,3029 793,3026 838,3020 883,3020 928,3020 972,3020 1017,3017 1062,3017 1107,3014 1152,3011 1196,3008 1241,3008 1286,3008 1331,3008 1375,3005 1420,3005 1465,3008 1510,3008 1555,3005 1599,3005 1644,3002 1689,2999 1734,2999 1778,2996 1823,2993 1868,2987 1913,2990 1957,2987 2002,2987 2047,2987 2092,2990 2137,2990 2181,2987 2226,2984 2271,2981 2316,2981 2360,2978 2405,2978 2450,2978 2495,2978 2539,2978 2584,2975 2629,2972 2674,2972 2719,2972 2763,2972 2808,2972 2853,2972 2898,2972 2942,2969 2987,2969 3032,2969 3077,2966 3121,2963 3166,2957 3211,2960"/>
                <TextEquiv>
                    <Unicode>prachtvoller Tag heut'. Gestern Abend haben wir noch</Unicode>
                </TextEquiv>
            </TextLine>
            <TextLine id="tr_2_tl_11" custom="readingOrder {index:10;}">
                <Coords points="761,3228 949,3177 1061,3207 1228,3165 1967,3156 1967,3074 1798,3080 1679,3004 764,3068"/>
                <Baseline points="781,3169 811,3169 856,3172 901,3172 946,3172 990,3169 1035,3169 1080,3166 1125,3166 1169,3166 1214,3166 1259,3163 1304,3163 1349,3160 1393,3160 1438,3157 1483,3157 1528,3157 1572,3154 1617,3154 1662,3151 1707,3151 1751,3148 1796,3148 1841,3145 1886,3145 1931,3142 1975,3145"/>
                <TextEquiv>
                    <Unicode>ein arges Gewitter gehabt.</Unicode>
                </TextEquiv>
            </TextLine>
            <TextLine id="tr_2_tl_12" custom="readingOrder {index:11;}">
                <Coords points="1979,3228 2125,3210 2176,3243 2210,3219 2440,3222 2546,3186 2634,3204 2707,3180 2713,3074 2534,3043 2492,3074 2443,3056 2292,3149 2246,3128 2110,3152 1985,3137"/>
                <Baseline points="1999,3202 2038,3202 2083,3202 2128,3202 2172,3196 2217,3199 2262,3196 2307,3190 2351,3190 2396,3187 2441,3184 2486,3184 2530,3181 2575,3181 2620,3178 2665,3175 2710,3172"/>
                <TextEquiv>
                    <Unicode>ab — alstimmt.</Unicode>
                </TextEquiv>
            </TextLine>
            <TextLine id="tr_2_tl_13" custom="readingOrder {index:12;}">
                <Coords points="770,3331 2207,3398 3049,3328 3074,3171 773,3243"/>
                <Baseline points="787,3318 793,3321 838,3324 883,3324 928,3327 972,3327 1017,3324 1062,3324 1107,3324 1152,3324 1196,3321 1241,3321 1286,3318 1331,3315 1375,3315 1420,3315 1465,3315 1510,3312 1555,3312 1599,3309 1644,3309 1689,3309 1734,3307 1778,3304 1823,3304 1868,3301 1913,3298 1957,3298 2002,3298 2047,3298 2092,3298 2137,3298 2181,3298 2226,3295 2271,3295 2316,3292 2360,3292 2405,3289 2450,3289 2495,3289 2539,3289 2584,3289 2629,3289 2674,3289 2719,3289 2763,3289 2808,3286 2853,3283 2898,3280 2942,3283 2987,3280 3032,3277 3077,3286"/>
                <TextEquiv>
                    <Unicode>Felix: So. In Wien war's ein bischen umzogen (aber</Unicode>
                </TextEquiv>
            </TextLine>
            <TextLine id="tr_2_tl_14" custom="readingOrder {index:13;}">
                <Coords points="764,3531 1246,3477 1867,3604 2261,3586 2292,3356 1958,3407 767,3404"/>
                <Baseline points="784,3486 817,3486 862,3486 907,3483 952,3483 996,3483 1041,3483 1086,3480 1131,3477 1175,3477 1220,3474 1265,3474 1310,3474 1355,3474 1399,3471 1444,3471 1489,3471 1534,3471 1578,3471 1623,3471 1668,3465 1713,3468 1757,3465 1802,3465 1847,3462 1892,3462 1937,3462 1981,3459 2026,3456 2071,3456 2116,3456 2160,3456 2205,3456 2250,3453 2295,3444"/>
                <TextEquiv>
                    <Unicode>leider ist kein Regen gekommen./</Unicode>
                </TextEquiv>
            </TextLine>
            <TextLine id="tr_2_tl_15" custom="readingOrder {index:14;}">
                <Coords points="761,3847 2225,3825 2546,3892 2783,3819 3062,3892 3062,3698 761,3701"/>
                <Baseline points="778,3793 823,3796 868,3796 913,3793 958,3793 1002,3793 1047,3793 1092,3793 1137,3793 1181,3793 1226,3790 1271,3790 1316,3790 1361,3787 1405,3793 1450,3793 1495,3793 1540,3790 1584,3790 1629,3793 1674,3790 1719,3793 1763,3790 1808,3790 1853,3790 1898,3790 1943,3790 1987,3790 2032,3790 2077,3787 2122,3787 2166,3787 2211,3787 2256,3790 2301,3790 2345,3790 2390,3790 2435,3790 2480,3793 2525,3796 2569,3796 2614,3796 2659,3796 2704,3799 2748,3799 2793,3802 2838,3802 2883,3802 2927,3802 2972,3802 3017,3802 3062,3808 3065,3808"/>
                <TextEquiv>
                    <Unicode>Gusti: (tritt im Morgenkleid auf die Veranda.Blick</Unicode>
                </TextEquiv>
            </TextLine>
        </TextRegion>
    </Page>
</PcGts>
