3432 4168
2625 477 2789 658 123
661 775 2872 942 Du musst dich benehmen als - als-wenn überhaupt
667 882 2829 1124 nichts geschehen wäre das bist du mir, das sind
2117 1022 2420 1126 at Neit.
667 1056 2880 1260 wir beide deiner Mutter schuldig. Wir haben uns
1481 1169 1975 1271 at his will bekere
670 1226 2829 1439 ganz zufällig-beide in der Hütte untergestellt
1964 1319 2389 1433 it.  Li w
667 1382 2934 1580 wie das Wetter gekommen ist. So was war ja schon
667 1546 837 1708 da.
1532 1566 1796 1742 do not.
664 1691 2880 1867 Eduard: (Du Gusti - dem Doktor musst xxx sofort
672 1867 1004 2032 sagen,
661 1881 2656 2168 Gusti: Ja, könnt mir einfallen.
672 2097 2761 2313 Eduard: Was? - Ein M. de willet er aber nicht so
996 2225 2074 2352 Thalint Alypthoreulp
664 2304 2948 2494 GustI: Du, Eduard Ju bist ein junger Mann. Diskre-
670 2474 2838 2647 tion ist das erste. Keinen Merschen geht es an
1964 2557 2840 2662 (h: to not we wt selick)
1399 2557 1657 2659 des “-
672 2605 2900 2781 wie es zwischen uns steht, auch den Doktor nicht.
638 2690 2886 2945 Dass es aus ist zwischen ihm und mir, das ist ja
826 2869 1390 2994 versteht ist in;
672 2872 2832 3067 selbstverständlich. Denken soll er sich was er
1027 3025 1402 3124 diversal
664 3067 2792 3280 will. Es ist ja ein Glück, dass ich sowieso in
670 3235 1847 3399 ein paar Tagen fortfahre.
2179 3215 2335 3411 Und
658 3396 2174 3561 Eduard: Ein Glück nennst du das?
690 3547 2710 3717 Gusti: So sei doch g'scheidt. Ich hab dir's
