3448 4232
1675 140 1924 378 1,10
2777 575 2957 733 140
879 664 2771 905 dass du
870 847 2971 1093 unterhandelt hast mit Agenten, mit Direktoren,
876 1051 2957 1248 dich besprochen mit Kollegen und Kolleginnen,
2356 1154 2562 1248 sant
864 1162 2951 1388 mit deiner Mutter, mit deiner Freundin Josefa
882 1340 3026 1531 wei es Gott noch mit wem - dass du den Kontrakt
879 1509 3031 1700 unterschrieben hast mit dem unterschriebenen
458 1471 744 1689 G. H.
1551 1600 2101 1712 Monsieur
269 1652 690 1832 nochst
876 1646 2797 1832 Kontrakt (im Kasten) - mir gegenüber immer
301 1729 796 1978 sich nach
867 1801 2960 1961 weiter so getan, als wenn es überhaupt unfass-
867 1938 2871 2147 bar für dich wäre, dass du ohne mich - Nein,
862 2090 2848 2284 nein,dieses Komödiespiel! Wenn du auf dem
870 2247 3029 2459 Theater nur den zehnten Teil von diesem Talent
867 2396 2977 2579 entwickeln wirst, dann bist du ja im nächsten
870 2585 1798 2745 Jahr am Burgtheater.
876 2722 1623 2871 Gusti: Na also
2797 2774 2923 2891 G.C.P.
862 2877 3071 3069 Felix: Es ist wahrhaftig nicht der Moment Witze
864 3031 3017 3206 zu machen. Du weisst sehr gut, wenn du heut ins
856 3195 3152 3395 Engagement gehet, wenn du heut in die Welt hinaus-
859 3343 2854 3535 gehst ohne mich, dann - dann ist alles aus,-
844 3461 2920 3670 (auch wenn du wieder einmal zurückkommet, Mit
856 3621 2127 3864 unserm Glück ist es vorbei.
