3464 4136
2628 383 2768 502 151
880 473 2874 763 Felix: (plötzlich) Empfehlen Sie mich Ihrer
882 689 2739 890 Frau, Herr Professor. Ich werde die Tage
909 853 2966 1043 hier nie vergessen, Dieses Haus, dieser Gar-
901 996 1941 1223 ten, diese Landschaft.-
903 1146 3027 1350 Vincenz: (No. Sie werden hoffentlich noch man-
328 1278 803 1453 Nd hi cents
1128 1331 1255 1432 n de
914 1276 2971 1521 che Landschaften erleben, und was so dazu
335 1418 784 1648 jai si sibérie
917 1487 2868 1741 gehört. Auf Wiedersehen! Und alles Gute!
1020 1725 1545 1888 G f  b  is
