3320 4072
2528 295 2723 451 154
655 413 3021 723 (in die Stadt hineinfahr.) konk Äusserung in H.
1974 622 2785 796 nur der schöne Kirch
684 678 1853 882 Vincenz: Was, heute schon?
655 779 2705 1006 Gusti: [Ja] ich hab noch so viel drin zu tun.
687 962 2797 1180 Vincenz: Und kommen gar nimmer heraus zu uns?
658 1133 2915 1348 Gusti: (Leider nein. In dem Jahr wohl nicht mehr,
1684 1260 2041 1357 St Land.
652 1333 2941 1502 Es war sehr schön da. Ich werd' oft zurückdenken
2021 1407 2534 1519 “Landstif.”
661 1448 2788 1605 an den Garten, an das Haus, no und so an aller-
938 1566 2679 1684 (So in helifat getort.. v. An tot
661 1643 2785 1782 lei. Ja, jetzt fängt der Ernst des Lebens an.
1274 1726 2475 1850 wills upci in but him.
667 1782 2897 1994 Josefa: Du isat nicht einmal mehr zu Mittag bei
664 1950 873 2133 uns?
655 1997 2879 2298 Vincenz: Das Malheur ist ja nicht so gross. Vir
661 2236 2882 2381 essen ja heut auch nicht zu Mittag hier heraus-
667 2369 2873 2581 sen. (Hast du mich denn nicht verstanden früher?
947 2499 1171 2626 doch
658 2534 2918 2764 Wir sind geladen (im Grand Hotel) zum Intendanten.
661 2664 2257 2844 Josefa: (Ich weiss wirklich nicht -
664 2767 2832 3038 Vincenz: Na und das Relief willst du dir nicht
661 2959 2850 3207 anschaun? Ich muss schon sagen - (zu Gusti) Und
661 3145 3033 3372 da wundert man sich, wenn's den andern Leuten wurst
655 3325 1569 3510 ist, was mir machen.
658 3434 2033 3679 Josefa: Wir sollen wirklich -
