3480 4232
240 380 602 575 5.7.1928.
2473 429 2643 626 130
1618 639 1813 754 schar
633 617 2777 861 sonst nicht, Nein. Ja, staan mich nur an. (leise)
639 849 1557 1019 Ich habe dich lieb.
648 979 2871 1147 Kaplan.(bebt leise,macht eine Bewegung,als woll-
2214 1186 2619 1302 N. Noms.
654 1171 1314 1320 te er gehen).
2165 1286 3069 1460 V.illemts kommt in Tilp.
651 1289 2025 1472 Josefa: Wohin willst du denn?
651 1405 2901 1670 Kaplan: Ich weiss selbst nicht. Ich - ich möchte
660 1572 2959 1816 der Nachricht, die doch kommen muss, entgegengehen.
669 1718 3011 1992 Josefa: Ihr werdet Euch verfehlen und in dem Brief
672 1858 3120 2089 steht doch, wenn bis zwölf keine Nachricht da ist, auf
684 2035 1767 2260 sollst du hineinfahren.
696 2181 2509 2375 Kaplan: (sieht sich etwas ängstlich um).
690 2305 2889 2625 Josefa: (sich lächelnd verbessernd) Sollen Hoch-
696 2542 1612 2713 würden hineinfahren
1460 2631 1724 2746 uaholt.
693 2670 2862 2844 Kaplan: Es ist schwer so lange zu warten. Ich
699 2807 1956 3023 will zurück (in die Kirche)
712 2950 2880 3132 Josefa: Vielleicht ist gerade heute die Kirche
709 3108 1807 3312 nicht der richtige Ort.
2013 3163 2722 3318 I may be in all
751 3272 2828 3455 Kaplan: (wie erschreckt) Sie sagen es selbst?
715 3409 3072 3649 Josefa: Vielleicht werden Hochwürden sich heute im
