3400 4232
2455 413 2616 519 101
645 574 2622 732 Lili: Da dürftest du ziemlich lang warten.
636 753 2001 856 Eduard: Wenn du nicht kommst
639 917 1691 1049 Dili: Ich weiss schon.
2030 932 2247 1081 dre
639 1049 2784 1154 Eduard: Na, manchmal tut man's und hat gar nix
656 1213 2989 1333 g'sagt. (er küsst sie ungeschickt und läuft davon)
659 1354 3009 1453 Eili: (wischt sich unwillkürlich die Lippen ab, halb
662 1527 2848 1632 für sich) So ein - (sie sieht wieder hinab, um
668 1679 2986 1828 zu sehen ob Frau Josefa kommt, dann geht sie rasch
668 1861 1090 1954 ins Haus
683 2013 1201 2107 Bühne leer.
724 2107 2983 2253 Katti: (kommt und räumt das Kaffeegeschirr etc.ab
674 2285 2857 2403 dann auch das Tuch, das auf dem Tische draussen
694 2473 1028 2605 liegt).
674 2570 2962 2710 Josefa (kommt sehr langsam und offenbar gedrückt
686 2757 2781 2863 setzt sich nieder noch während Kathi abräumt
686 2930 1711 3053 Kathi: (geht wieder ab
732 3076 2171 3211 Josefa: (will nach ihr ins Haus
700 3220 3053 3334 (Indess kommt Lili wieder und hat ein Cape überge-
686 3399 2959 3487 worfen und den kouvertierten Brief in der Hand).
1632 3469 1752 3578 (on
697 3534 2965 3706 Lili: (wie erstaunt) (Schon wieder zurück? Ich hab
