3512 4248
2567 264 2741 411 133
809 433 2788 679 Kaplan: (beugt sich über ihre Hand, sie übere
818 629 2164 839 seine; er geht nach rückwärts
853 946 1553 1150 Josefa allein.
847 1036 2916 1316 (Der letzte Teil der Szene hat nicht mehr am
847 1226 3022 1431 Zaun gespielt. Sie geht jetzt wieder nach rück-
847 1352 2935 1553 wärts zum Zaun, ziemlich fern, aber noch sicht-
853 1561 2826 1755 bar sieht man Ausflügler kommen. Von links
845 1687 2886 1899 nach rechts, Ihnen begegnen Dorfbewohner im
875 1837 2630 2049 Sonntagsstaat aus der Kirche kommend).
864 1984 2760 2164 Käthi: (kommt aus dem Hause und deckt im
875 2136 2989 2349 Freien zum Frühstück) Guten Morgen,gnä' Frau.
886 2308 2897 2488 Josefa: Guten Morgen. Sie brauchen heut nur
886 2447 3057 2657 für mich allein zu decken.
2532 2583 2711 2649 seem
888 2605 2905 2831 Katti: Ja - sind ein bisl spät nachhaus ge-
2700 2681 3098 2818 auf järst
2172 2703 2597 2804 24 Feb. a
897 2717 2875 2998 kommen die Herrschaften. (Aber ich hab's ja
902 2908 2984 3128 g'sagt,dass ein Wetter kommt, (immer deckend
891 3044 3085 3275 No, es ist ihnen gottlob nichts passiert. (plötz-
918 3196 2711 3439 lich) Jesus, da kommt der Herr Doktor.
907 3376 2052 3602 Josefa: (überrascht ) Wer?
