<?xml version="1.0" encoding="UTF-8" standalone="yes"?>
<PcGts xmlns="http://schema.primaresearch.org/PAGE/gts/pagecontent/2013-07-15" xmlns:xsi="http://www.w3.org/2001/XMLSchema-instance" xsi:schemaLocation="http://schema.primaresearch.org/PAGE/gts/pagecontent/2013-07-15 http://schema.primaresearch.org/PAGE/gts/pagecontent/2013-07-15/pagecontent.xsd">
    <Metadata>
        <Creator>prov=READ-COOP:name=TrHtr:version=2.1.0:model_id=51170:date=24_07_2023_20:28</Creator>
        <Created>2023-05-10T13:52:39.370+02:00</Created>
        <LastChange>2023-07-24T20:28:20.811+02:00</LastChange>
        <TranskribusMetadata docId="1428598" pageId="55415114" pageNr="21" tsid="130569237" status="IN_PROGRESS" userId="64420" imgUrl="https://files.transkribus.eu/Get?id=IYQNTADTVCYSEDYNSZDCMSFD&amp;fileType=view" xmlUrl="https://files.transkribus.eu/Get?id=JLXNTFQSOVSWSELMNTSVESFH" imageId="44689248"/>
    </Metadata>
    <Page imageFilename="1428598_0021.jpg" imageWidth="3336" imageHeight="4152">
        <ReadingOrder>
            <OrderedGroup id="ro_1711789724467" caption="Regions reading order">
                <RegionRefIndexed index="0" regionRef="tr_1"/>
                <RegionRefIndexed index="1" regionRef="tr_2"/>
            </OrderedGroup>
        </ReadingOrder>
        <TextRegion id="tr_1" custom="readingOrder {index:0;}">
            <Coords points="202,582 3038,582 3038,2520 202,2520"/>
            <TextLine id="tr_1_tl_1" custom="readingOrder {index:0;}">
                <Coords points="471,711 619,765 744,756 857,670 1722,682 1817,670 1820,566 1473,551 1417,590 1221,504 934,593 477,489"/>
                <Baseline points="489,686 525,677 570,671 614,665 659,662 704,656 749,656 793,656 838,653 883,653 928,653 973,650 1017,650 1062,650 1107,650 1152,647 1196,644 1241,644 1286,641 1331,641 1376,644 1420,644 1465,641 1510,641 1555,638 1599,638 1644,638 1689,638 1734,638 1779,635 1823,632"/>
                <TextEquiv>
                    <Unicode>angwenn ich sie verschweige?</Unicode>
                </TextEquiv>
            </TextLine>
            <TextLine id="tr_1_tl_2" custom="readingOrder {index:1;}">
                <Coords points="646,836 2653,812 2821,785 2824,640 649,685"/>
                <Baseline points="662,808 677,811 722,811 767,811 811,808 856,808 901,808 946,808 990,811 1035,808 1080,805 1125,802 1170,802 1214,802 1259,802 1304,802 1349,799 1393,796 1438,796 1483,796 1528,793 1573,793 1617,793 1662,793 1707,793 1752,790 1796,793 1841,790 1886,790 1931,788 1976,788 2020,785 2065,785 2110,788 2155,788 2199,788 2244,785 2289,785 2334,782 2378,779 2423,779 2468,779 2513,776 2558,773 2602,773 2647,773 2692,773 2737,773 2781,770 2826,773"/>
                <TextEquiv>
                    <Unicode>Kaplan: Sie sollen diese Gedanken nicht denken,</Unicode>
                </TextEquiv>
            </TextLine>
            <TextLine id="tr_1_tl_3" custom="readingOrder {index:2;}">
                <Coords points="1248,904 2350,883 2460,865 2463,794 2030,791 1909,830 1838,800 1796,836 1248,815"/>
                <Baseline points="1265,883 1301,886 1346,883 1390,880 1435,877 1480,874 1525,877 1570,877 1614,874 1659,871 1704,868 1749,868 1793,865 1838,868 1883,865 1928,865 1973,862 2017,868 2062,865 2107,865 2152,865 2196,865 2241,862 2286,859 2331,859 2375,859 2420,856 2465,859"/>
                <TextEquiv>
                    <Unicode>Bunde seront du Ministre</Unicode>
                </TextEquiv>
            </TextLine>
            <TextLine id="tr_1_tl_4" custom="readingOrder {index:3;}">
                <Coords points="637,1031 2249,945 2827,996 2830,794 2466,886 637,913"/>
                <Baseline points="653,964 683,964 728,964 773,964 817,964 862,964 907,964 952,961 996,961 1041,961 1086,961 1131,961 1176,958 1220,955 1265,958 1310,958 1355,955 1399,955 1444,955 1489,952 1534,949 1579,949 1623,952 1668,952 1713,949 1758,946 1802,943 1847,946 1892,943 1937,946 1981,943 2026,943 2071,943 2116,943 2161,940 2205,940 2250,940 2295,940 2340,937 2384,937 2429,934 2474,934 2519,931 2564,931 2608,931 2653,931 2698,928 2743,928 2787,928 2832,934"/>
                <TextEquiv>
                    <Unicode>Josefa: Sagen Sie das Ihren Beichtkindern auch</Unicode>
                </TextEquiv>
            </TextLine>
            <TextLine id="tr_1_tl_5" custom="readingOrder {index:4;}">
                <Coords points="326,1011 388,1005 418,984 436,990 450,978 468,987 498,981 560,1002 560,851 465,851 424,880 370,868 326,871"/>
                <Baseline points="343,943 385,943 429,946 474,946 519,946 564,937"/>
                <TextEquiv>
                    <Unicode>not</Unicode>
                </TextEquiv>
            </TextLine>
            <TextLine id="tr_1_tl_6" custom="readingOrder {index:5;}">
                <Coords points="643,1138 699,1129 750,1162 839,1132 919,1153 1117,1126 1156,1147 1177,1141 1177,1040 1061,1064 966,1061 940,1034 865,1061 782,1052 750,1070 705,1043 643,1058"/>
                <Baseline points="659,1119 692,1116 737,1119 782,1119 826,1116 871,1116 916,1116 961,1116 1005,1113 1050,1113 1095,1113 1140,1113 1185,1110"/>
                <TextEquiv>
                    <Unicode>Hochwürden?</Unicode>
                </TextEquiv>
            </TextLine>
            <TextLine id="tr_1_tl_7" custom="readingOrder {index:6;}">
                <Coords points="649,1363 1091,1277 2537,1307 2756,1242 3032,1366 3038,1141 1915,1194 1618,1085 652,1212"/>
                <Baseline points="668,1271 710,1274 755,1277 799,1277 844,1274 889,1271 934,1271 979,1271 1023,1271 1068,1271 1113,1268 1158,1268 1202,1268 1247,1265 1292,1265 1337,1265 1382,1262 1426,1262 1471,1262 1516,1259 1561,1262 1605,1262 1650,1259 1695,1259 1740,1259 1784,1256 1829,1253 1874,1253 1919,1253 1964,1253 2008,1253 2053,1250 2098,1250 2143,1250 2187,1250 2232,1247 2277,1247 2322,1247 2367,1247 2411,1250 2456,1250 2501,1250 2546,1247 2590,1244 2635,1241 2680,1241 2725,1241 2769,1238 2814,1238 2859,1235 2904,1238 2949,1238 2993,1238 3038,1235"/>
                <TextEquiv>
                    <Unicode>Kaplan: Ich bin Ihr Beichtvater nicht, Frau Josefa.</Unicode>
                </TextEquiv>
            </TextLine>
            <TextLine id="tr_1_tl_8" custom="readingOrder {index:7;}">
                <Coords points="640,1437 2774,1443 2928,1429 2931,1343 1965,1257 1405,1366 640,1372"/>
                <Baseline points="656,1426 698,1429 743,1432 788,1429 832,1426 877,1429 922,1429 967,1426 1011,1426 1056,1426 1101,1423 1146,1423 1190,1423 1235,1423 1280,1420 1325,1420 1370,1417 1414,1417 1459,1417 1504,1414 1549,1414 1593,1414 1638,1414 1683,1414 1728,1411 1773,1414 1817,1411 1862,1411 1907,1408 1952,1408 1996,1405 2041,1405 2086,1405 2131,1405 2175,1402 2220,1402 2265,1402 2310,1399 2355,1402 2399,1402 2444,1405 2489,1405 2534,1402 2578,1399 2623,1396 2668,1396 2713,1396 2758,1396 2802,1393 2847,1393 2892,1396 2937,1396"/>
                <TextEquiv>
                    <Unicode>O. Sie wissen, ich habe es Ihnen nie übel genommen,</Unicode>
                </TextEquiv>
            </TextLine>
            <TextLine id="tr_1_tl_9" custom="readingOrder {index:8;}">
                <Coords points="1227,1514 1624,1512 1627,1431 1583,1449 1494,1426 1446,1443 1408,1426 1343,1470 1292,1431 1230,1449"/>
                <Baseline points="1247,1501 1277,1504 1322,1504 1367,1501 1411,1501 1456,1501 1501,1501 1546,1498 1590,1495 1635,1495"/>
                <TextEquiv>
                    <Unicode>a r ou</Unicode>
                </TextEquiv>
            </TextLine>
            <TextLine id="tr_1_tl_10" custom="readingOrder {index:9;}">
                <Coords points="649,1592 2789,1633 2913,1600 2916,1429 652,1514"/>
                <Baseline points="665,1581 683,1581 728,1584 773,1584 817,1581 862,1581 907,1581 952,1581 996,1579 1041,1579 1086,1576 1131,1576 1176,1573 1220,1573 1265,1570 1310,1570 1355,1570 1399,1570 1444,1573 1489,1573 1534,1573 1579,1573 1623,1570 1668,1567 1713,1567 1758,1564 1802,1564 1847,1564 1892,1567 1937,1564 1981,1561 2026,1561 2071,1561 2116,1561 2161,1561 2205,1558 2250,1558 2295,1555 2340,1555 2384,1552 2429,1555 2474,1555 2519,1555 2564,1555 2608,1558 2653,1555 2698,1552 2743,1552 2787,1549 2832,1546 2877,1543 2922,1546"/>
                <TextEquiv>
                    <Unicode>dass Sie in diesem ganzen Jahr kein einziges Mal</Unicode>
                </TextEquiv>
            </TextLine>
            <TextLine id="tr_1_tl_11" custom="readingOrder {index:10;}">
                <Coords points="646,1758 1660,1760 1663,1612 1420,1571 1254,1612 1022,1589 934,1669 646,1683"/>
                <Baseline points="662,1737 683,1740 728,1740 773,1740 817,1740 862,1740 907,1737 952,1737 996,1734 1041,1734 1086,1731 1131,1731 1176,1731 1220,1728 1265,1728 1310,1728 1355,1725 1399,1725 1444,1722 1489,1722 1534,1722 1579,1722 1623,1722 1668,1725"/>
                <TextEquiv>
                    <Unicode>makx xakatektskxkakxx</Unicode>
                </TextEquiv>
            </TextLine>
            <TextLine id="tr_1_tl_12" custom="readingOrder {index:11;}">
                <Coords points="2922,1858 2940,1858 2973,1876 2984,1888 3002,1873 3023,1873 3023,1805 3008,1805 2996,1799 2982,1811 2970,1814 2955,1802 2943,1811 2922,1811"/>
                <Baseline points="2940,1838 2984,1838 3029,1838"/>
                <TextEquiv>
                    <Unicode>G.C.P.</Unicode>
                </TextEquiv>
            </TextLine>
            <TextLine id="tr_1_tl_13" custom="readingOrder {index:12;}">
                <Coords points="655,1929 2092,1867 2955,1929 2955,1849 2650,1713 2149,1763 1894,1669 1660,1772 1177,1752 987,1838 658,1769"/>
                <Baseline points="671,1892 677,1889 722,1892 767,1892 811,1892 856,1889 901,1889 946,1889 990,1889 1035,1886 1080,1886 1125,1886 1170,1883 1214,1880 1259,1880 1304,1880 1349,1880 1393,1880 1438,1880 1483,1880 1528,1880 1573,1877 1617,1877 1662,1874 1707,1874 1752,1874 1796,1871 1841,1871 1886,1868 1931,1868 1976,1868 2020,1868 2065,1865 2110,1865 2155,1865 2199,1868 2244,1865 2289,1865 2334,1862 2378,1862 2423,1862 2468,1859 2513,1859 2558,1859 2602,1859 2647,1856 2692,1856 2737,1856 2781,1856 2826,1862 2871,1865 2916,1871 2961,1877"/>
                <TextEquiv>
                    <Unicode>Josefa: So nehmen Sie es heute als Beichte hin,</Unicode>
                </TextEquiv>
            </TextLine>
            <TextLine id="tr_1_tl_14" custom="readingOrder {index:13;}">
                <Coords points="652,2066 1470,2075 2021,1944 2727,2018 2756,1891 1236,1891 658,1986"/>
                <Baseline points="668,2047 704,2044 749,2044 793,2047 838,2047 883,2044 928,2044 973,2044 1017,2044 1062,2041 1107,2041 1152,2041 1196,2041 1241,2038 1286,2035 1331,2035 1376,2035 1420,2035 1465,2035 1510,2035 1555,2029 1599,2020 1644,2005 1665,1993 1686,1990 1731,1978 1776,1967 1820,1964 1865,1958 1910,1952 1955,1952 1999,1946 2044,1943 2089,1940 2134,1940 2178,1943 2223,1946 2268,1946 2313,1949 2358,1946 2402,1940 2447,1937 2492,1940 2537,1943 2581,1943 2626,1940 2671,1934 2716,1934 2761,1934"/>
                <TextEquiv>
                    <Unicode>was ich Ihnen sage.- Zuielte M.M. Ihben auch</Unicode>
                </TextEquiv>
            </TextLine>
            <TextLine id="tr_1_tl_15" custom="readingOrder {index:14;}">
                <Coords points="240,2057 270,2057 311,2095 341,2081 376,2095 412,2072 450,2075 536,2045 542,1912 522,1906 495,1918 468,1888 442,1885 317,1932 246,1935"/>
                <Baseline points="256,2047 277,2044 322,2044 367,2041 411,2041 456,2038 501,2035 546,2032"/>
                <TextEquiv>
                    <Unicode>Sawk &amp;</Unicode>
                </TextEquiv>
            </TextLine>
            <TextLine id="tr_1_tl_16" custom="readingOrder {index:15;}">
                <Coords points="1648,2107 1855,2089 2003,2045 2149,2081 2155,2012 2095,1995 2078,2012 2063,1998 1923,2030 1852,1971 1805,1992 1755,1980 1704,2018 1657,2012"/>
                <Baseline points="1668,2077 1710,2074 1755,2071 1799,2068 1844,2065 1889,2059 1934,2056 1978,2047 2023,2041 2068,2038 2113,2035 2158,2038"/>
                <TextEquiv>
                    <Unicode>The</Unicode>
                </TextEquiv>
            </TextLine>
            <TextLine id="tr_1_tl_17" custom="readingOrder {index:16;}">
                <Coords points="219,2193 293,2193 341,2169 368,2181 388,2164 465,2167 492,2152 560,2172 563,2110 542,2116 533,2101 501,2119 480,2098 445,2107 427,2086 382,2107 332,2089 296,2107 273,2078 228,2086"/>
                <Baseline points="235,2167 253,2167 298,2158 343,2158 388,2152 432,2152 477,2146 522,2143 567,2137"/>
                <TextEquiv>
                    <Unicode>24 to</Unicode>
                </TextEquiv>
            </TextLine>
            <TextLine id="tr_1_tl_18" custom="readingOrder {index:17;}">
                <Coords points="667,2288 1188,2193 1912,2247 2700,2152 2887,2241 2893,2057 2534,2140 2036,2045 1793,2128 670,2134"/>
                <Baseline points="683,2199 704,2199 749,2202 793,2199 838,2199 883,2199 928,2202 973,2199 1017,2199 1062,2196 1107,2196 1152,2196 1196,2193 1241,2193 1286,2193 1331,2190 1376,2190 1420,2190 1465,2187 1510,2184 1555,2187 1599,2184 1644,2181 1689,2181 1734,2181 1779,2181 1823,2178 1868,2178 1913,2178 1958,2175 2002,2175 2047,2175 2092,2175 2137,2173 2181,2173 2226,2173 2271,2173 2316,2173 2361,2173 2405,2170 2450,2167 2495,2164 2540,2164 2584,2161 2629,2155 2674,2152 2719,2149 2764,2146 2808,2143 2853,2137 2898,2137"/>
                <TextEquiv>
                    <Unicode>Kaplan: Ich glaube mich nicht befugt,</Unicode>
                </TextEquiv>
            </TextLine>
            <TextLine id="tr_1_tl_19" custom="readingOrder {index:18;}">
                <Coords points="184,2282 249,2279 273,2264 293,2276 317,2258 344,2282 379,2270 430,2297 448,2282 483,2288 504,2270 545,2273 548,2181 504,2172 483,2190 442,2184 424,2202 341,2169 299,2193 190,2214"/>
                <Baseline points="202,2250 238,2250 283,2253 328,2253 373,2247 417,2244 462,2241 507,2238 552,2241"/>
                <TextEquiv>
                    <Unicode>défitte. et</Unicode>
                </TextEquiv>
            </TextLine>
            <TextLine id="tr_1_tl_20" custom="readingOrder {index:19;}">
                <Coords points="1031,2294 1091,2282 1177,2291 1200,2273 1233,2282 1251,2273 1268,2291 1289,2291 1292,2214 1233,2217 1197,2190 1129,2223 1091,2205 1073,2214 1055,2202 1034,2205"/>
                <Baseline points="1047,2271 1074,2274 1119,2271 1164,2268 1208,2268 1253,2268 1298,2265"/>
                <TextEquiv>
                    <Unicode>him.</Unicode>
                </TextEquiv>
            </TextLine>
            <TextLine id="tr_1_tl_21" custom="readingOrder {index:20;}">
                <Coords points="661,2439 1174,2353 2824,2374 2919,2330 2922,2220 664,2288"/>
                <Baseline points="677,2352 692,2355 737,2352 782,2352 826,2352 871,2352 916,2352 961,2352 1005,2355 1050,2352 1095,2349 1140,2349 1185,2352 1229,2349 1274,2346 1319,2346 1364,2346 1408,2343 1453,2340 1498,2340 1543,2337 1587,2337 1632,2337 1677,2337 1722,2334 1767,2334 1811,2334 1856,2334 1901,2334 1946,2334 1990,2331 2035,2328 2080,2331 2125,2328 2170,2328 2214,2328 2259,2325 2304,2328 2349,2328 2393,2328 2438,2328 2483,2325 2528,2322 2572,2322 2617,2325 2662,2322 2707,2319 2752,2316 2796,2316 2841,2313 2886,2310 2931,2310"/>
                <TextEquiv>
                    <Unicode>Josefa: So vergessen Sie alles wieder/ vnd reden</Unicode>
                </TextEquiv>
            </TextLine>
            <TextLine id="tr_1_tl_22" custom="readingOrder {index:21;}">
                <Coords points="225,2398 302,2374 359,2418 397,2430 504,2380 507,2309 474,2324 415,2282 341,2282 311,2264 282,2276 264,2267 246,2282 228,2276"/>
                <Baseline points="241,2358 286,2355 331,2352 376,2349 420,2349 465,2349 510,2346"/>
                <TextEquiv>
                    <Unicode>Trenn</Unicode>
                </TextEquiv>
            </TextLine>
            <TextLine id="tr_1_tl_23" custom="readingOrder {index:22;}">
                <Coords points="658,2516 2285,2546 2878,2490 2881,2377 2158,2424 1796,2341 658,2451"/>
                <Baseline points="674,2507 689,2507 734,2507 779,2510 823,2507 868,2504 913,2504 958,2501 1002,2501 1047,2501 1092,2501 1137,2498 1182,2498 1226,2495 1271,2495 1316,2495 1361,2495 1405,2498 1450,2498 1495,2492 1540,2492 1584,2495 1629,2492 1674,2492 1719,2489 1764,2489 1808,2492 1853,2492 1898,2489 1943,2486 1987,2486 2032,2483 2077,2483 2122,2483 2167,2483 2211,2480 2256,2480 2301,2480 2346,2477 2390,2477 2435,2477 2480,2477 2525,2474 2570,2477 2614,2474 2659,2474 2704,2474 2749,2471 2793,2468 2838,2468 2883,2465"/>
                <TextEquiv>
                    <Unicode>wir nicht weiter von mir. Ich hab bisher alles</Unicode>
                </TextEquiv>
            </TextLine>
        </TextRegion>
        <TextRegion id="tr_2" custom="readingOrder {index:1;}">
            <Coords points="617,2573 2919,2573 2919,3603 617,3603"/>
            <TextLine id="tr_2_tl_1" custom="readingOrder {index:0;}">
                <Coords points="655,2753 1031,2768 1310,2661 2744,2664 2910,2641 2913,2487 1334,2495 658,2614"/>
                <Baseline points="671,2668 680,2665 725,2665 770,2662 814,2662 859,2662 904,2662 949,2659 993,2659 1038,2659 1083,2659 1128,2656 1173,2656 1217,2656 1262,2656 1307,2653 1352,2656 1396,2653 1441,2650 1486,2650 1531,2650 1576,2650 1620,2650 1665,2650 1710,2647 1755,2647 1799,2647 1844,2644 1889,2644 1934,2641 1978,2641 2023,2638 2068,2638 2113,2641 2158,2641 2202,2641 2247,2638 2292,2638 2337,2635 2381,2635 2426,2635 2471,2635 2516,2632 2561,2629 2605,2632 2650,2629 2695,2629 2740,2626 2784,2626 2829,2623 2874,2623 2919,2623"/>
                <TextEquiv>
                    <Unicode>mit mir selber ausgemacht.werden es auch weiter</Unicode>
                </TextEquiv>
            </TextLine>
            <TextLine id="tr_2_tl_2" custom="readingOrder {index:1;}">
                <Coords points="670,2904 702,2904 726,2887 756,2907 774,2899 827,2907 865,2893 862,2762 824,2768 788,2741 777,2750 759,2744 741,2756 714,2741 688,2759 667,2759"/>
                <Baseline points="686,2814 731,2814 776,2814 820,2817 865,2817 874,2817"/>
                <TextEquiv>
                    <Unicode>tun.</Unicode>
                </TextEquiv>
            </TextLine>
            <TextLine id="tr_2_tl_3" custom="readingOrder {index:2;}">
                <Coords points="658,3059 1073,2961 2682,2993 2848,2955 2851,2792 1888,2842 1532,2783 658,2916"/>
                <Baseline points="674,2966 704,2969 749,2972 793,2969 838,2969 883,2969 928,2966 973,2966 1017,2966 1062,2961 1107,2958 1152,2961 1196,2961 1241,2961 1286,2961 1331,2961 1376,2958 1420,2961 1465,2961 1510,2961 1555,2955 1599,2955 1644,2955 1689,2952 1734,2949 1779,2952 1823,2949 1868,2949 1913,2949 1958,2946 2002,2949 2047,2946 2092,2946 2137,2946 2181,2946 2226,2943 2271,2943 2316,2940 2361,2940 2405,2940 2450,2940 2495,2940 2540,2940 2584,2937 2629,2937 2674,2937 2719,2937 2764,2934 2808,2937 2853,2943"/>
                <TextEquiv>
                    <Unicode>Kapla N: Nein, nein,missverstehen Sie mich nicht,</Unicode>
                </TextEquiv>
            </TextLine>
            <TextLine id="tr_2_tl_4" custom="readingOrder {index:3;}">
                <Coords points="667,3156 2451,3109 2907,3201 2913,2976 1849,3035 1203,2973 1014,3065 670,3062"/>
                <Baseline points="683,3137 725,3134 770,3128 814,3128 859,3125 904,3122 949,3122 993,3116 1038,3119 1083,3116 1128,3116 1173,3116 1217,3116 1262,3113 1307,3113 1352,3113 1396,3110 1441,3110 1486,3110 1531,3110 1576,3110 1620,3107 1665,3110 1710,3107 1755,3107 1799,3107 1844,3107 1889,3104 1934,3104 1978,3104 2023,3101 2068,3101 2113,3098 2158,3098 2202,3098 2247,3098 2292,3101 2337,3098 2381,3098 2426,3095 2471,3095 2516,3098 2561,3092 2605,3092 2650,3089 2695,3089 2740,3089 2784,3086 2829,3086 2874,3086 2919,3083"/>
                <TextEquiv>
                    <Unicode>glauben Sie um Himmelswillen nicht, dass ich mich</Unicode>
                </TextEquiv>
            </TextLine>
            <TextLine id="tr_2_tl_5" custom="readingOrder {index:4;}">
                <Coords points="661,3296 2175,3287 2247,3260 2249,3112 1266,3139 1082,3222 664,3201"/>
                <Baseline points="680,3280 683,3277 728,3277 773,3280 817,3280 862,3280 907,3277 952,3277 996,3277 1041,3274 1086,3274 1131,3271 1176,3268 1220,3271 1265,3268 1310,3268 1355,3268 1399,3268 1444,3271 1489,3268 1534,3265 1579,3262 1623,3259 1668,3259 1713,3259 1758,3256 1802,3256 1847,3253 1892,3256 1937,3253 1981,3253 2026,3253 2071,3253 2116,3250 2161,3250 2205,3247 2250,3247"/>
                <TextEquiv>
                    <Unicode>weigerte. Es ist ja meine Pflicht</Unicode>
                </TextEquiv>
            </TextLine>
            <TextLine id="tr_2_tl_6" custom="readingOrder {index:5;}">
                <Coords points="1740,3367 2024,3364 2063,3334 2158,3391 2590,3311 2641,3340 2673,3334 2676,3230 2519,3207 2412,3272 2332,3245 2172,3287 2131,3254 2057,3287 1870,3260 1743,3302"/>
                <Baseline points="1755,3343 1787,3337 1832,3334 1877,3334 1922,3334 1967,3334 2011,3334 2056,3337 2101,3331 2146,3331 2190,3331 2235,3328 2280,3331 2325,3331 2370,3331 2414,3328 2459,3325 2504,3322 2549,3316 2593,3310 2638,3304 2683,3298"/>
                <TextEquiv>
                    <Unicode>Gleh — Freund ist so!</Unicode>
                </TextEquiv>
            </TextLine>
            <TextLine id="tr_2_tl_7" custom="readingOrder {index:6;}">
                <Coords points="1574,3382 1592,3382 1597,3388 1618,3370 1642,3361 1660,3361 1660,3281 1642,3281 1621,3296 1609,3293 1597,3299 1574,3296"/>
                <Baseline points="1590,3340 1635,3340 1665,3340"/>
                <TextEquiv>
                    <Unicode>r</Unicode>
                </TextEquiv>
            </TextLine>
            <TextLine id="tr_2_tl_8" custom="readingOrder {index:7;}">
                <Coords points="599,3393 628,3396 652,3373 661,3373 673,3385 688,3376 702,3376 705,3302 688,3302 661,3278 655,3284 649,3278 637,3287 605,3281"/>
                <Baseline points="617,3352 623,3352 668,3352 713,3349"/>
                <TextEquiv>
                    <Unicode>Gouvernement</Unicode>
                </TextEquiv>
            </TextLine>
            <TextLine id="tr_2_tl_9" custom="readingOrder {index:8;}">
                <Coords points="673,3521 1295,3453 1811,3518 2407,3411 2750,3459 2836,3438 2839,3275 2371,3358 676,3367"/>
                <Baseline points="692,3438 695,3435 740,3432 785,3429 829,3432 874,3432 919,3435 964,3438 1008,3438 1053,3435 1098,3432 1143,3429 1187,3429 1232,3426 1277,3426 1322,3423 1367,3423 1411,3423 1456,3423 1501,3423 1546,3423 1590,3423 1635,3420 1680,3420 1725,3420 1770,3417 1814,3417 1859,3417 1904,3417 1949,3417 1993,3414 2038,3414 2083,3411 2128,3408 2173,3408 2217,3408 2262,3408 2307,3408 2352,3408 2396,3408 2441,3405 2486,3405 2531,3405 2575,3405 2620,3405 2665,3402 2710,3399 2755,3399 2799,3402 2844,3402"/>
                <TextEquiv>
                    <Unicode>Josefa Das ist mir zu wenig. da kann ich an Ende</Unicode>
                </TextEquiv>
            </TextLine>
            <TextLine id="tr_2_tl_10" custom="readingOrder {index:9;}">
                <Coords points="868,3675 1129,3684 1366,3595 2795,3595 2798,3482 1808,3521 1473,3450 871,3556"/>
                <Baseline points="886,3593 922,3590 967,3590 1011,3593 1056,3590 1101,3587 1146,3587 1190,3590 1235,3590 1280,3587 1325,3584 1370,3584 1414,3581 1459,3584 1504,3581 1549,3581 1593,3578 1638,3578 1683,3578 1728,3578 1773,3578 1817,3578 1862,3578 1907,3578 1952,3578 1996,3578 2041,3575 2086,3575 2131,3575 2175,3575 2220,3572 2265,3569 2310,3569 2355,3569 2399,3566 2444,3566 2489,3566 2534,3566 2578,3566 2623,3566 2668,3566 2713,3566 2758,3572 2802,3584"/>
                <TextEquiv>
                    <Unicode>nach St. Christoffen gehen, um zu beichten</Unicode>
                </TextEquiv>
            </TextLine>
        </TextRegion>
    </Page>
</PcGts>
