3432 4168
2414 370 2569 513 161
1168 450 1585 617 be heller.
679 498 3072 760 Josefa: Der Kaplan war in eine wahren Verzweiflung.
2506 641 2932 855 it of it in the
679 644 2435 945 Gusti: Wann hat er's dir denn gesagte
694 849 1743 1076 Josefa: Gestern Abend.
691 977 2971 1240 GustI: Warum hat er denn jetzt gesagt: Guten
694 1207 1597 1350 Morgen noch einmal?
1514 1246 2122 1386 soo sich hie
697 1299 2971 1481 Josefa: Er war in der Früh gleich nach der Messe
706 1529 1272 1663 wieder hier.
1335 1502 2610 1693 " jede Eben in heute früh.
751 1624 3072 1824 Gusti: No, du hast ihn hoffentlich getröstet beide
1514 1836 1913 2003 Naturley.
709 1803 933 1955 Mal?
769 1901 2891 2184 Josefa: (mit klaren Augen) Du
364 1964 596 2166 schon
724 2101 2995 2310 kannst dir denken, Gustinein einziger Bruder und
364 2083 679 2280 le paire
715 2235 3090 2432 wie gern sie sich haben — das hast du doch gestern
316 2292 536 2458 you
1788 2345 2116 2447 schaque
724 2378 3072 2628 auch gehört? Es wäre (fürchterlich gewesen. (Du fin-
733 2536 3090 2715 dest ja, dass die Brüder sich ähnlich sehen. Schad,
742 2712 3057 2870 dass ich den Leutnant nicht gesehen habe. (Du hast
1848 2807 2891 2947 Ma toil die xxx
757 2837 2768 3078 ja mit ihm gesprochen?)
748 3010 3069 3165 Gusti: (den früheren Ton von Josefa kopierend) Du
745 3206 1952 3355 brauchst jichts zu reden.
754 3302 2077 3531 Josefa: Ich versichere dich
769 3385 2938 3674 Gusti: Brauchst auch nichts zu versichern (Sie
1821 3606 2929 3808 Tädt besser glücket, dass er
