3400 4136
624 500 2855 814 Aber ich will Einen in mein Herz schauen lassen
627 796 2849 959 zu dem ich Vertrauen habe, der mir ein Freund ist
1071 891 1547 985 seul
630 947 2852 1115 Kaplan: Es kommt hier nicht auf meine Person an.
621 1107 1781 1290 Die Beichte geht an Gott.
621 1249 2621 1441 Josefa: Aber auf dem Weg, den ich mir wähle.
607 1408 2911 1598 Kaplan: Ich will Sie ein anderes Mal weiter hören
595 1589 2065 1728 (wenn Sie ruhiger geworden sind.
1506 1657 1947 1769 if that Mr
627 1740 3006 1917 Josefa: Ein anderes Mal werde ich vielleicht nichts
615 1888 1562 2071 mehr zu sagen haben.
621 2024 1462 2225 Kaplan: (steht auf)
657 2187 1269 2376 Käthl : (kommt
610 2337 2074 2524 Josefa: Ist der Eduard zurück?
604 2482 2864 2678 Katti: Nein, gnä' Frau und das Fräulein Lili auch
607 2627 2769 2849 nicht. xxxxxxxxxxxx
624 2772 2849 2944 Und die Post ist längst gesperrt, Und das Wetter
621 2920 1728 3127 wird jetzt wieder ärger.
2024 2956 2601 3148 for her and well.
612 3080 2894 3266 Josefa: (nach einer Pause) Wir müssen hatt warten,
607 3252 2950 3471 Sie können sich vielleicht indessen schlafen legen
1512 3382 1829 3530 Ht blad
624 3379 1163 3589 (Kathi geht
2536 3556 2861 3728 auch gelesen xxx
610 3488 2222 3737 Kaplan: (hüllt sich in seinen Mante
