3448 4184
2608 381 2777 561 167
724 523 2608 770 einmal. Es ist ihm zu gönnen. Und Ihnen
2402 648 2611 762 sich so
733 701 3015 925 Hochwürden, auch. (Sie küssen ja eine schöne Nacht
2341 823 3096 1084 Twee lieben sollte: —
753 913 1372 1087 gehabt haben.
739 997 2279 1253 Kaplan: Ja, es war eine Prüfung.
2436 1090 2631 1204 Und
369 1082 576 1320 but
756 1157 2881 1387 Gusti: (lächelt unwillkürlich) Ja - der liebe
2201 1224 3033 1468 Es unerbet xxx Eid.
236 1256 550 1439 une juif,
756 1340 2117 1518 Gott hat sie gut bestanden.-
189 1407 512 1637 Mr W
765 1483 2547 1686 Kaplan: (weicht unwillkürlich zurück).
773 1669 2343 1817 Gusti: Nicht bös sein, Hochwürden!
776 1803 2876 2035 Vinoenz: (der früher hineingegangen war, sowie
788 1933 2969 2178 Josefa,reisebereit, auch Eduard hat sich indes-
779 2137 1977 2332 sen den Rucksack geholt).
794 2256 2277 2486 Katti: (mit dem kleinen Koffer).
808 2468 1811 2663 Aincenz: Es ist Zeit.
794 2547 3137 2800 Käthi: Der Omnibus hat schon bei der Villa Fallen
1614 2678 3088 2835 Ums Uer, tllen sich er einig
2826 2756 3123 2838 in
820 2782 1622 2925 böck gehalten. —
1782 2762 2463 2916 Yours etc
2503 2745 3041 2899 sulr to empar
814 2855 3102 3105 Gusti: Also, Eduard, ich wünsch dir schönes Wetter
823 2986 3096 3297 für heut- und auch sonst alles Gute, besonders für
834 3120 3120 3451 die Nachppüfung- und auf ein gutes Wiedersehen zu
826 3408 1413 3588 Weihnachten.
837 3416 3166 3759 Eduard: Was heisst denn das? Kommst du denn nicht
837 3707 1753 3879 mehr heraus zu uns?
