3416 4136
2419 315 2580 471 157
845 460 2799 700 davon ausgehend, dass man ihn nicht allein
845 603 2802 869 in der Villa lassen will.Dann: Wielleicht
848 786 2947 1077 nimmt sich der Kaplan seiner an. Gestern ist
856 908 2859 1181 aus der Landpartie sowieso nichts geworden
871 1158 1217 1347 u. S.w.)
877 1314 1696 1488 Fradl: (ins Haus).
2268 1449 2430 1563 r
892 1457 1550 1670 Josefa „Gusti.
892 1561 2885 1826 Josefa: Also, der Intendant (ist richtig)da.
916 1738 2479 1928 Sie waren gestern Abend zusammen.
913 1860 2807 2099 Gusti: Ja, hast du denn daran gezweifelt?
887 2026 2645 2271 Josefa: Und soll ich hinein mit ihm?
929 2156 3015 2404 Gusti: Ja, warum denn nicht? Komisch bist du.
939 2318 2991 2560 Josefa (sich besinnend) (Also, der Doktor ist
2362 2526 2612 2697 ay
952 2586 1202 2718 fort?
999 2648 2219 2864 Gusti: Ja, das ist vorbei.
2565 2596 3095 2885 go 2/2 in
944 2786 2469 3038 Josefa: War's sehr schlimm?)....
970 2872 3025 3213 Gusti: Er war so bös, dass ich ihm wegen des
978 3114 2934 3374 Engagement nichts gesagt habe. Denk dir,
988 3223 2872 3525 einen Heiratsantrag hat er mir gemacht.-
996 3473 1550 3673 Josefa: Na?
1004 3509 3101 3826 Gusti: Das wär wohl das Dümmste.-Da kommt ja
1012 3803 1277 3951 Seine
