3368 4152
2562 338 2760 582 108
722 522 2711 734 sammen hinuntergefahren sind. Ich habe ihn
1929 691 2190 797 enfin
711 719 2846 897 überhaupt noch niemals so lustig gesehen. Kein
717 868 2585 1098 Mensch hätte eine Ahnung haben können -
702 1012 2806 1198 Josefa: (ganz angstvoll) Ja, was steht denn in
717 1235 1192 1410 dem Brief?
702 1316 2820 1513 Kaplan: (begreift,was sie vermutet) (Nein, nein,
708 1479 2878 1723 das nicht was Sie denken, Gott dem Allmächtigen
711 1634 2929 1832 sei Dank - aber trotzdem -) (er hat den Brief in
1210 1768 1789 1883 a de mon serai.
717 1789 2909 2035 der Hand) Darf ich ihn Ihnen vorlesen, Frau Pro-
708 2006 1055 2121 fessor?
702 2084 2892 2336 Josefa: (nickt nur) Kathi, bringen Sie die Lampe.
1763 2256 1854 2339 in
702 2273 2789 2465 Kaplan: O,ioh seh noch.(er beginnt zu lesen)
295 2376 625 2600 Hscherl
676 2405 2969 2637 Mein lieber Bruder. Du wirst dich wundern diesen
295 2551 562 2666 du cher,
702 2562 2872 2746 Brief bei dir zuhause zu finden nachdem du mir
312 2651 565 2754 Brus-
275 2723 559 2869 r etc
711 2703 2955 2955 eben erst Adieu gesagt hast. Ich hab ihn schon
258 2820 533 2955 i uul
264 2935 493 3047 peu
719 2932 1832 3032 (Kathi bringt die Lampe
244 2978 582 3141 de celle.
235 3078 625 3259 at on the
702 3001 2454 3253 Katti: Dass sie nicht ausgeht im Zug.
269 3196 570 3371 in u of
711 3170 2981 3379 Josefa: (Der Wind hat sich ja so ziemlich gelegt)
218 3319 593 3589 abhret
699 3325 2858 3583 Käthi: Die Fräul'n L ist auch noch nicht zu-
705 3557 963 3689 haus.
1430 3614 1594 3723 sich.
691 3643 2995 3858 Josefa: Sie wird in der Post untergestellt haben.
