3448 4152
577 443 1765 696 Die Mädeln: Guten Morgen!
577 644 2718 861 Josefa: Grüss Euch Gott. (von der Veranda zum
577 828 1637 1005 Zaun,Kathi ins Haus )
589 950 2623 1154 Die Aeltere: Heut ist es aber einmal schön!
602 1118 2153 1341 Die Jüngere: Guten Morgen, Eduard.
602 1234 2965 1484 Eduard: (grüsst herablassend und blättert weiter).
605 1399 2831 1634 Vincenz: (bei ihm, ohne dass die Mädeln es hören)
605 1554 2980 1786 Du könntest gegen die jungen Damen auch höflicher
620 1774 879 1942 sein.
632 1893 2199 2128 Eduard: (verächtl ich) junge Damen!
623 1909 2874 2229 Die Aeltere: Die Mutter lässt schön grüssen und
632 2183 2932 2370 fragen, ob der Herr Professor und die Frau Profes-
638 2303 3093 2532 sor heut Nachmittag zur Jause zu uns kommen möchten.
641 2464 3032 2700 Der Onkel Ferdinand mit den zwei Buben sind schon
654 2693 1252 2892 zu Tisch da.
647 2800 2892 3023 Josefa: Wir lassen schön danken, aber wir müssen
666 2990 1609 3194 leider in die Stadt.
669 3084 2999 3319 Die Jüngere: bei dem schönen Wetter, das ist aber
669 3268 2565 3500 schad. Da wird die Mutter sehr bedauern.
2614 3268 2929 3417 and the
684 3381 3057 3631 Die Jüngere: Vielleicht, dass der Herr Eduard - Der
876 3405 1176 3512 Aeltere
678 3628 2235 3829 Franz und der Robert kommen auch.
