3464 4216
2575 399 2729 594 137
711 446 2353 751 gnä' Frau die Butter hineintragen.
708 705 2959 935 Gustl: Ja, warum ist denn die Frau Professor wie-
711 839 2956 1025 der hineingegangen? (Ich hab’s gar nicht bemerkt)
711 1028 3029 1203 Ka-thi:/mit Teller etc.hinein. Auch wie sie schon
731 1182 2846 1389 weg ist, schweigen sowohl Gusti als Felix).
737 1351 3061 1529 custi: (sich hinsetzend,mit gespielter Ruhe) Also,
2496 1430 2921 1517 ersuchen.
719 1488 2945 1660 darf ich jetzt vielleicht um Aufklärung
737 1616 3058 1829 Felix: (Du, du willst mich um Aufklärung ersuchen?)
766 1756 2910 1954 (Er nimmt eine Zeitung aus der Brusttasche) (Da
751 1972 3084 2149 steht es. im gestrigen Abendblatt. Ahnungslos nehme
754 2068 2947 2298 ich dieses Blatt im Kaffeehaus zur Hand, da find
757 2228 3099 2479 ich diese Notiz J"Von den diesjährigen Absolventen
751 2374 3041 2601 der Schauspielschule des Konservatoriums sind en-
763 2551 3096 2781 gagiert: Fräulein Edda Neumann, Hamburg Schauspiel-
766 2682 2927 2907 haus,Friedrich Bechta, Elberfeld, Gusti Pflegner,
769 2834 2959 3108 Gusti: (schiebt ihm das Blatt aus der Hand. Nach
778 3035 1762 3198 Innsbruck vermutlich?
1398 3093 2266 3253 Als nicht wahr.....
754 3189 2977 3396 Felix: Engagiert - nach Innsbruck: Ohne mir ein
754 3312 2921 3504 Wort zu sagen, Nein, schlimmer als das.Gestern
763 3457 2936 3731 noch hast du's abgeleugnet. Hast überhaupt von
