3352 4152
2548 295 2683 585 125
1940 542 2691 711 inder freuil
731 590 2694 791 der Hütte) und nicht mehr im Freien, wie das
711 765 1768 975 Gewitter gekommen ist?
1900 926 2072 1009 was
728 943 2961 1155 Gusti: Ah, der Regen hat uns schon noch erwischt.
728 1069 2878 1247 Weisst du, wie wir uns getroffen haben (da haben
307 1135 622 1296 Onder..
258 1238 679 1430 En tt vu il
722 1232 2918 1416 wir es uns zuerst überlegt, ob wir noch herunter
295 1321 685 1488 in de Hill.
725 1376 2832 1551 sollen. Aber zur Hütte waren es nur mehr fünf
708 1531 1399 1748 Minuten.).
717 1682 2835 1854 Josefa: Habt Ihr sehr gefroren? Hat's tüchtig
717 1832 2078 2021 hineingeregnet in die Hütte?
1966 1923 2568 2092 Eindem Mälzkehr
711 2006 2829 2201 Eduard: Es war nicht so arg. Der Regen hat ja
1390 2135 1963 2247 Vuschnungsonin.
725 2155 2686 2373 bald aufgehört. Aber wir haben doch lieber
717 2293 2797 2474 gewartet bis es Licht geworden ist zum Herun-
1548 2456 2548 2631 (brecht habet ich eben genannt)
717 2454 1201 2643 tergehen
702 2568 2820 2760 Gusti: Der Weg ist in einem Zustand, schau dir
699 2749 1433 2955 meine Schuh an.
702 2904 2872 3170 Josefa: (zu Eduard ) Und dein G'wand sieht auch
711 3064 2915 3256 gut aus. Jetzt schau vor allem. dass du ins Bett
699 3230 2769 3405 kommst. Geschlafen habt Ihr wohl Beide nicht
1255 3388 2683 3600 Gust W. Zschm. Schaden ja, so
699 3391 1009 3583 viel.
708 3560 3012 3740 Eduard: Ja, zum Uebernachten is' die Hütten eigent¬
734 3729 1803 3895 lich nicht eingerichtet
