3352 4184
697 619 2837 807 g'sagt.Zu Weihnachten bin ich jedesfalls wie-
677 805 1034 957 der da.
1584 835 2082 976 thereunto...
677 932 2118 1103 Eduard: Weihnachten - (so lang.)
2220 860 2389 1109 G.C.F.P
1604 1034 1869 1139 E. A. I.
688 1092 2859 1277 Gusti: (bestimmt) Und dann werden wir alles be-
1175 1192 1712 1291 ... Meer Schul. folgt an
688 1247 2795 1410 sprechen. (Davon ist keine Rede, dass du am En-
680 1396 2889 1579 de nach Innsbruck - du musst xx jetzt mir alles
683 1568 2773 1742 überlassen.) Wenn du vernünftig bist, mein Bub,
686 1692 2704 1875 so wird alles wunderschön werden. Aber wenn
1924 1839 2071 1902 oue
1501 1833 1612 1938 que le
686 1877 2801 2038 - wenn du dich nur im geringsten verrätst, -du
1344 1958 2115 2065 du vu leugent chez
677 1977 2809 2198 ich sag's dir, es ist einfach alles nicht wahr.
2646 2115 2823 2198 Frau
2112 2104 2312 2204 Oder
666 2182 2787 2309 Ein Mann muss vor allem schweigen können.- Und
1515 2262 2859 2361 nicht zu wie allef. „  Ben nach
700 2303 2912 2494 jetzt geh in dein Z immer und leg dich schlafen.
2137 2406 2538 2549 in the
664 2466 2848 2646 Eduard: Schlafen - jetzt! Sie tut ja. die xxx
661 2641 2884 2812 Gusti: (Ich werde dasselbe tun. (leise) Es wird
680 2768 1759 2956 uns bei den nix schaden.
401 3011 597 3183 (let)
177 2925 404 3243 #7
675 3077 2735 3277 Josefa: (kommt aus dem Hause über die Veranda
677 3241 2831 3423 sieht sie Beide rasch an,erfasst alles, spricht
282 3274 641 3470 Wklethin
677 3401 2878 3583 sofort) Na, Gottseidank. Sehr gescheidt, dass Ihr
238 3445 592 3592 Ausp st.
232 3550 545 3675 halte mit
680 3528 2873 3744 bei dem fürchterlichen Wetter oben in der Hütte
252 3642 545 3830 you have
686 3694 2732 3899 geblieben seid. Ihr wart doch hoffentlich in
