3368 4088
2477 288 2664 471 143
855 432 1987 642 noch nicht rechtsgiltig.
842 559 2970 799 Gusti: Ist ja auch die Mutter unterschrieben.
850 775 2991 967 Felix: Du darfst nicht gehen. Ich nehm' alles
847 964 2813 1148 auf mich. Eine Heirat löst den Kontrakt.-
855 1087 2083 1276 Wir werden heiraten, Gusti.
866 1231 1723 1390 Gusti: Aber, Felix!
1292 1327 2549 1492 Mein Emile.    Haussehen bedingt.
860 1401 2978 1577 Felix: Du kannst ja vorläufig weiter bei dei-
855 1534 2946 1739 ner Mutter wohnen, ich im Spital. Unterdessen
871 1715 2797 1881 such ich mir eine Stelle irgendwo-als Ge-
858 1857 1654 2056 meindearzt. Procem
1660 1990 2120 2168 si même
871 2011 1590 2216 Gusti: Und ich?
855 2160 2842 2357 Felix: (Du findest auch hier was für dich.)
1561 2291 2440 2405 at - Bye – it in voll
826 2293 2967 2499 (Ich habe einen Freund, der sehr gute Beziehun-
871 2491 2725 2640 gen zum Theater hat, ich habe auch schon
874 2640 2941 2813 gelegentlich einmal früher davon mit ihm ge-
868 2810 3013 2991 sprochen - - es müsste doch mit dem Teufel zu-
1875 2919 2373 3013 als d sollit w
874 2970 2943 3122 gehen.wenn gerade du -) Und übrigens, wenn wir
871 3077 2991 3287 einmal verheiratet sind, wenn ich meinen Vater
871 3244 2272 3452 vor ein fait accompli stelle -
879 3391 3013 3636 Gusti: Aber F elix, du bist ja nicht gescheidt
