3400 4072
2581 343 2711 546 149
786 516 1259 692 der Vater!
786 670 2959 862 Vincenz:macht ihm ein Zeichen zu schweigen,
792 822 2446 1008 denn er hält Felix für schlafend).
797 959 2792 1162 Eduard: (sieht jetzt erst Felix mit einigem
800 1132 2902 1357 Staunen, beugt sich über die Brüstung der Man-
2940 1203 3062 1324 Bresse
805 1294 1186 1481 sarde).
803 1416 2794 1622 Felix:- (hebt seinen Kopf und Vincenz merkt
816 1600 2989 1797 dass er verweint ist. Er macht seinem Sohn ein
805 1735 2802 1946 Zeichen, der wieder im Zimmer verschwindet)
822 1916 2816 2111 Vincenz: O, das ist eine Ueberraschung, dass
827 2024 2908 2251 Sie schon bei uns heraussen sind. Das ist ja
835 2200 2973 2367 schön, dass Sie das wundervolle Wetter benützt
1216 2324 1565 2430 Mert d 1.
824 2357 2870 2551 haben. Fräul'n Gusti schlaft wahrscheinlich
835 2551 1092 2751 noch?
830 2630 2967 2835 Felix: Nein, ich habe Fräulein Gusti schon ge-
1294 2784 1840 2897 n ist niet wel
851 2800 2935 3030 sprochen. Auch die Frau Professor ist schon
846 3019 1038 3200 auf.
859 3100 2859 3354 Vincenz: xxxx
865 3254 2303 3494 xyz og sommen xxxx
868 3419 2859 3673 Felix: Und ich bin eigentlich sehen wieder
