3384 4072
765 347 2565 553 im Begriff eben wieder zurückzufahren.
771 465 2846 757 Vincenz: Das ist aber ein kurzer Besuch (Na
787 666 2995 856 besser als nichts, haben Sie sich wahrschinlich
790 801 2953 1038 gedacht. Wahrscheinlich Dienst heut im Spital?
790 972 2348 1173 Felix: Ja. Adieu, Herr Professor.
798 1123 2978 1365 Vincenz: Nun, wann werden wir wieder das Vergnü-
801 1338 1291 1495 gen haben?
798 1434 2890 1663 Felix:/den Kopf schüttelnd) Ich glaube, heuer
815 1629 2320 1822 wird es nicht mehr möglich sein.
823 1709 3028 1968 Vincenz: Tät' mir leid. Selbstverständlich sind
842 1861 2929 2086 Sie uns willkommen, auch wenn das Fräulein Gu-
837 2070 2951 2249 sti nicht mehr unser Logirgast sein wird. Sie
2607 2130 2852 2249 was p
826 2177 3042 2384 muss ja wahrscheinlich dieser Tage schon – Oho,
834 2373 2775 2554 mir scheint, da hab' ich mich verplauscht.
842 2505 3042 2730 Felix: Nein, nein, ich bin vollkommen informiert.
1938 2623 2243 2711 meun
856 2659 3058 2909 Vincenz: Ja, lieber Herr Doktor, ich seh, es geht
440 2686 768 2846 Registre
870 2808 3042 3039 Ihnen nah.-Es wär' fast lächerlich, wenn ich so
336 2816 694 3025 or if he
862 2995 2942 3185 tät, als wenn ich es nicht merkte. Sie ist ja
864 3119 3072 3311 wirklich ein reizendes Mädel, die Gusti. Es wird
889 3270 2651 3509 uns allen leid tun, wenn sie fort geht.
1060 3430 2075 3708 Fais - Ist heb gewiß
