3448 4168
2511 385 2668 507 115
659 487 2884 755 leicht ist denjenigen wohler, die schuldig gewor-
650 694 2782 889 den sind, die können wenigstens sagen, dass sie
1925 793 2916 1009 sicht seb ihn kfel - we
668 872 1788 1047 gelebt haben.
674 986 2980 1181 Kaplan: Wo geraten Sie hin. Frau Josefa? (Ich fühle
671 1140 2735 1344 dass ich daran Schuld bin.) Mein Bericht, der
665 1309 2826 1496 Brief, den ich Ihnen vorlas hat Sie aufgewühlt.
668 1423 2800 1677 Verzeihen Sie mir. Welch ein Egoismus von mir
677 1645 2601 1817 Sie an meiner Sorge teilnehmen zu lassen.
668 1732 3015 2012 Josefa: Machen Sie sich keine Vorwürfe, Hochwürden.
674 1925 2905 2141 Es braucht keine fremden Sorgen, um
685 2044 2625 2310 einen Menschen-aufzuwühlen., une hée neu
688 2225 2843 2450 Kaplan: Sie sind am Ende wegen Eduard besorgt?
691 2388 2945 2590 Sobald das Wetter sich verzogen hat wird er wie-
682 2537 2940 2776 der da sein. Und das eigentliche Gewitter ist gar
2913 2628 3007 2770 P.P.
2913 2738 3050 2814 G.H.F.P.
2289 2648 2861 2858 let his hal &
694 2747 1417 2875 nicht über uns.
1662 2735 2998 2986 Sir wtzweyee the coper Sr
697 2864 1344 3062 (Uebergang) )
2753 2945 2840 3047 m
1744 2948 2432 3062 from Han & Sintil
685 2980 2977 3202 Kaplan: Bedenken Sie, was Ihnen geschenkt ist). Sie
697 3152 2318 3374 können sich wohl glücklich nennen.
694 3281 2817 3543 Josefa: Ich war es vielleicht einmal. Aber ob
703 3470 2301 3739 noch heute. Nein, ich bin es nicht.
