3400 4152
2742 386 2907 590 106
2421 528 2518 725 P.
631 534 2394 737 was könnt ich - oder vielleicht doch
637 661 2863 876 Josefa: Bitte, Hochwürden. (geleitet ihn auf die
643 879 3008 1062 Veranda) Sie haben jetzt wirklich nach Wien hinein
274 955 528 1079 is in t
637 991 2371 1171 wollen? und drin bleiben über Nacht?
649 1115 3017 1377 Kaplan : Ganz unmöglich, nicht wahr? Wer sollte denn
661 1342 2919 1483 für mich - ) Und man kann ja nichts machen, man ist
672 1468 1704 1669 ja vollkommen hilflos.
2875 1539 3155 1769 Mw
652 1640 2848 1822 Josefa: (So habe ich Sie nie gesehen, Hochwürden,
1109 1743 1489 1843 des pour
658 1769 2943 1973 Kaplan: (fasst sich, etwas beschämt) Verzeihen Sie,
672 1958 2185 2123 Frau Professor.Es ist wirklich, -
663 2046 2919 2288 Josefa: Sie habe im 2 Pfarrhaus (wohl) irgend eine
669 2247 2271 2442 unangenehme Nachricht vorgefunden?
669 2421 2881 2580 Kaplan : (Sie vermuten nicht ganz unrichtig) Eine
652 2533 2907 2736 (etwas erregende) Nachricht zumindest.
666 2728 2969 2884 Josefa: Man hat Sie nach Wien gerufen, Hochwürden?
693 2863 2887 3037 (da er nicht antwortet, als wollte sie sich ent-
678 3025 2388 3152 schuldigen wegen der Frage) O,bitte.
2114 3067 2719 3223 nicht eben gewiß.
1516 3135 1840 3244 sullen
672 3149 2902 3400 Kaplan: O, es ist gewiss kein Zufall, dass ich an
675 3335 2158 3533 Ihrem Hause vorbeigegangen bin.
678 3488 2963 3707 Josefa: Es ist ja auch der kürzeste Weg. zur Bahn.
