3448 4184
2546 290 2732 512 165
545 524 1930 722 Kaplan: Und noch einige dazu.
556 645 2880 926 Eduard: Wenn ich jetzt nach Wien hineinfahr, werde
562 826 2605 1000 ich ihn bei Hochwürden heraussen lassen.- In
571 929 2643 1199 Wien kann ich sowieso nichts damit anfangen.
604 1131 2735 1326 Kaplan: Danke! Wer weiss, ob Ihr nächstes Jahr
2217 1178 3046 1320 wir rauft werde.
574 1270 2853 1486 wieder da heraus kommen werdet? Nach der Matura
231 1326 343 1489 e
583 1412 2797 1619 wirst du vielleicht eine grössere Reise machen,
583 1590 1785 1767 wenn's der Vater erlaubt.
574 1779 2848 1962 Eduard:O, ich bin ganz zufrieden mit der Kirchau.
2054 1936 2445 2087 1. de ce
598 1957 2850 2276 Gusti: (kommt,reisetereit ) (So, meine Herrschaften,
598 2184 2871 2415 ich stehe zur Verfügung. Du Josefa, könnt mir die
607 2350 2557 2572 Kathi den Koffer bis zum Omnibus bringen?
604 2543 1720 2685 Josefa: Aber natürlich.
636 2661 2939 2877 ( Besser Gusti kommt mit ihrer kleinen Handtasche
630 2800 2750 3061 und Josefa trägt ihr an, dass Kathi mitgeht)(
633 2998 1498 3152 Josefa: (ins Haus),
636 3126 2285 3354 Vincenz und Eduard (über dem Atlas).
589 3297 2578 3534 Kaplan: Also Fräulein fahren auch hinein?
628 3431 3010 3676 Gusti: (ohne darauf zu achten) Aber was ich von der
