3416 4168
1229 471 1905 756 Frau Professor
713 565 1187 742 Gute Nacht,
710 645 2830 899 Josefa: Gute Nacht. (er geht gegen den Zaun zu
1600 839 2830 978 dann mit einem plötzlichen
727 850 1557 1078 scheinbar ins Haus
719 1021 2633 1158 Entschluss sich umwendend, ganz spontan)
599 1053 687 1229 P.P.
1569 1175 2907 1352 unmöglich, dass Sie bei diesem
719 1198 1392 1372 Es ist
722 1301 2915 1500 Wetter - in einer Viertelstunde spätestens muss
736 1466 1577 1703 es ja vorbei sein.
733 1555 2895 1826 Kaplan: (Ich danke. Bitte, stören Sie sich nicht
730 1709 2750 1931 länger, Frau Professor, hier bin ich sehr gut
745 1900 2947 2211 geschützt. (er geht ins Salettl, setzt sich noch
739 2111 1098 2308 nicht)
753 2154 3046 2410 Josefa: (in das Haus, bleibt in der Veranda stehen)
1654 2308 2924 2524 jetzt, glaubt, dass sie schon
750 2376 1617 2610 Kaplan: (setzt sich
753 2539 2852 2710 fort ist, sie nähert sich ihm, er hört sie end-
779 2696 3004 2904 lich, wendet sich rasch um und der Vorhang fällt)
1597 2895 1991 3098 Wentin
1053 2904 1475 3112 sehr die!—
1218 3018 1475 3152 Haben
2559 3001 2918 3209 27th
1018 3035 2499 3272 Ist b gelegen! — alle er nicht auf¬
1164 3203 1908 3406 M r ut dl glaat
1121 3329 2393 3551 Behers: -  he is in place for a bit in
1090 3466 2199 3640 Stell de ce de Bibel – s'est
1018 3591 2191 3774 dittel tweifel. — Ich steht nicht, taf selbst
