3432 4168
1653 563 2081 733 berufen?
651 554 1474 783 Man hat Sie nach der
1046 683 2245 920 in Brief von meinem Bruder
747 750 988 941 plan:
1187 832 2401 1085 haben noch einen Bruder.
660 897 1137 1079 Josefa: Sie
1011 1029 2248 1216 Nein, von Rudolf ein Brief.
642 1064 982 1240 Kaplan:
1474 1149 1750 1240 A-t-at
1058 1172 3031 1354 Den Sie eben auf die Bahn begleitet haben?
648 1231 1032 1398 Josef a:
1208 1293 1621 1389 Ce deux de
648 1334 2902 1513 Kaplan: Habe den Brief vorgefunden. Gegen seinen
654 1471 2943 1665 Willen. Hätte ihn erst morgen Früh finden sollen.
648 1636 2952 1841 Er hat sich nicht verraten, nicht einmal im Wagen.
657 1776 2137 1979 Josefa: Was steht in dem Brief?
654 1961 1718 2157 Kaplan: (Diest ihn vor)
651 2090 1724 2324 Katti: (mit der Lampe)
645 2242 2999 2439 Kaplan: (Der Brief) Ich schreibe den Brief,ehe ich
1703 2363 2131 2456 M=b in
938 2392 1363 2518 noch sei ach
660 2415 2984 2603 zu dir komme. Te wenigen Stunden sollen nicht ge-
671 2521 2972 2750 trübt sein. Falls bis morgen Mittag zwölf Uhr kei-
1246 2679 1832 2770 wint alst eens
662 2703 2905 2920 ne Nachricht, fahre nach Wien etc.- Ich hatte das
657 2873 2861 3031 Bedürfnis Sie noch einmal zu sehen. Absolution.
698 3031 2304 3242 Wie viel habe ich dir zu verdanken.
683 3192 1762 3383 Josefa: Sin Duell also.
671 3265 2961 3550 Kaplan: Nicht sein erstes. Die anderen Spielerei
818 3503 2890 3661 freilich lästerliche. Dies ist ein Abschieds-
