3368 4152
2505 386 2660 541 109
726 512 1182 734 Kathi: (ab
1958 527 2853 708 Il seul et mit ch it,
2022 609 3087 770 Kircollstückt, was vielen
726 711 2979 875 Kaplan; (liest weiter) ich hab ihn schon in Wien
714 854 2985 1059 geschrieben, bevor ich zu dir hinausgefahren bin.)
1185 960 1378 1048 and
717 954 2818 1217 Aber ich wollte die wenigen Stunden, die uns
705 1162 2920 1369 diesmal vergönnt waren, nicht durch Mitteilungen
702 1329 2961 1522 verwirren oder gar trüben, die du auch jetzt noch
936 1405 1168 1519 grusser
2631 1434 2795 1528 ntt
696 1487 2865 1668 nicht zu spät in Empfang nimmst. Ich habe dich
316 1434 641 1712 Hoffebly
691 1627 2891 1820 nämlich um Folgendes zu bitten, mein lieber Bru-
691 1762 2923 1969 der.)F alle du bis morgen Mittag zwölf Uhr keine
2361 1887 2590 2004 attent
673 1890 2847 2130 Nachricht von mir haben solltest, so fahre nach
673 2031 2844 2297 Wienwo dich auf dem Bahnhof wenn nicht ich
2072 2195 2221 2294 in
676 2180 3032 2449 selbst einer meiner Freunde, dessen Namen ich jetzt
664 2350 3017 2593 nicht nennen will, erwarten wird. Mehr kann ich der
661 2508 2888 2751 für jetzt nicht sagen,du kannst) dir ja ungefähr
653 2689 2836 2871 denken, um was es sich handelt. Immerhin wollte
653 2830 2824 3035 ich, dass du diesen Brief noch in Händen hältst
647 2956 2710 3210 während ich noch ganz bestimmt am Leben bin.
664 3099 2882 3368 (Vielleicht besser, dass der Kaplan diesen Brief
641 3269 2751 3506 eigentlich erst morgen finden sollte und dass
644 3488 2827 3684 durch eine Ungeschicklichkeit seiner Wirtschaf-
