3400 4152
2705 247 2900 370 156
677 493 1261 719 ist er denn?
692 463 2810 864 (Er darf also früher nicht auf dem Balkon er-
698 809 1375 1035 schienen sein)
2232 894 2994 1083 4. Melles la t-eux.
704 969 1565 1167 Schon ausgeflogen?
716 1044 3015 1336 Josefa: Aber nein er schlaft noch. Er ist gestern
731 1197 2934 1450 spät Abends ganz durchnässt nachhause gekommen.
737 1372 2798 1622 Ich hab ihn ins Bett gesteckt mit einem Lee.
740 1522 1980 1772 Gusti: Ausgeschaut hat er.
1372 1586 2458 1763 Ihren ewerst wie u. Aist!
746 1664 2690 1941 Vincenz: Er ist doch nicht krank am Ende?
746 1799 2891 2073 Josefa: (Aber keine Spur. Ich war grad früher
767 1947 3090 2242 oben, er schlaft tief. Weck ihn lieber jetzt nicht
1676 2127 2106 2275 keit sie
779 2254 984 2395 auf.
740 2350 1691 2554 Vincenz: Nein,nein.
788 2404 3009 2678 Gusti: Und sagen Sie ihm auch gar nicht, dass er
800 2551 2825 2813 mit hineinkommt. Das wär doch ein Konflikt.
800 2714 3033 3006 Josefa: Ueberhaupt - hat ihn denn der Intendant
824 2958 1601 3156 auch eingeladen?
806 3033 3231 3307 Vingenz: Ihr habt schon Recht. (Wirklich)g’scheidter
836 3243 2422 3487 er bleibt auf dem Land heraussen.
851 3364 3219 3659 (Der Vorschlag Fradls den Buben mit hineinzunehmen
