3400 4088
721 433 1963 688 Felix: (fassungslos) Gusti!
742 579 2851 845 Gusti: Du musst mir natürlich auch schreiben:
727 767 2918 933 alles was du machst-nicht grad alles, mein ich.
2215 870 2415 948 on the
736 897 2921 1121 Aber von deinem Beruf und was dir so durch den
733 1048 3166 1254 Kopf geht - Clund auch, wenn du heiratest.
2739 1118 3127 1282 n's heart.
733 1200 3085 1406 Felix: Selbstverständlich. Und meine Briefe het
251 1270 648 1470 Sie wollte und
733 1367 3006 1554 werden anfangen: Liebe Freundin und enden: herz-
258 1436 673 1551 man : - H
242 1512 558 1636 viel nicht
742 1551 2485 1712 lichen Gruss! In gewohnter Sympathie.
554 1603 651 1679 it is in
233 1606 530 1751 puis ceux
261 1663 636 1839 ert nicht sich
730 1673 2960 1891 Gusti: Nicht so,Felix, Versteh's wie es gesagt
297 1770 479 1939 sich
742 1839 2963 2069 ist.) Ich habe dich geliebt, so werd ich dich im-
1421 1963 1682 2066 ah.
733 2018 2400 2185 mer lieben. (Sie geht ins Haus ab).
742 2176 2924 2376 Felix:/sieht ihr eine Weile nach, geht ein paar
736 2336 3072 2524 Schritte im Garten hin und her, dann setzt er sich
751 2488 2933 2679 an den Tisch, stützt den Kopf in die Hände und
754 2639 1603 2848 weint bitterlich).
806 2788 2888 2991 (Nach ein erkurzen Weile kommt Professor Frad
754 2930 2845 3130 leichten Schritts und sichtlich vergnügt. Er
767 3075 2994 3278 sieht Felix, versteht die Situation nicht gleich
742 3260 3033 3466 im gleichen Augenblick erscheint Eduard xxx der
745 3448 2439 3627 Mansarde,sieht seinen Vater, begrüs¬
