3496 4248
2705 390 2874 609 132
1508 443 1978 633 1-:-:- 24
761 611 2838 833 Kaplan: Gewesen, Und - (wie erleuchtet) ich
1939 708 2777 902 "Y tel-sela ts jetzt
772 794 1859 954 will ein Gelübde tun -
780 891 2739 1170 Josefa: Nicht nötig, Hochwürden. Es braucht
783 1029 2996 1253 kein Gelübde, was mich anbelangt. Für mich stehe
1911 1148 3021 1372 lven die & uren hüsse – un
2169 1256 2620 1394 J'ai eu a
783 1270 1884 1447 ich von jetzt an ein.
783 1364 3007 1549 Kamlan: Verzeihen Sie - verzeihe mir. Sie sind
794 1596 1895 1773 stärker als ich, Josefa.
799 1715 2263 1878 Josefa: Vielleicht nur frommer.
808 1842 2833 2061 Kaplan: (inbrünstig) O Gott, rette mich aus
813 2028 1671 2224 meiner Verwirrung.
816 2113 3040 2376 Josefa: Schaun Sie mir ins Auge, Hochwürden. Sie
833 2321 1986 2520 wagen es wirklich nicht?
827 2429 2254 2689 Kaplan; (hebt den Blick zu ihr)
838 2528 3046 2849 Josefa : (Augen wie ein Kind.)  Meine fluket de Blut
852 2744 2816 2976 Kaplan: Und in diesen - welch ein Friede.
852 2877 3048 3151 Josefa: Augh in meinem Herzen. (Und - ich segne
860 3068 3007 3286 dich. Einander gegenüber, Aug in Auge; ihre Ge-
885 3231 2893 3444 sichter nähern sich einander, doch ehe es zu
880 3369 2924 3602 einem Kuss kommt, zieht Josefa sich leise zu-
880 3568 2490 3790 rück, dann sagt sie) Es ist vorbei.
