3464 4200
2655 357 2830 493 169
611 544 2331 777 sie davon gleich drin zu bleiben. ))
629 677 2888 928 (Josefa, Vincenz, Gusti ab). (Kathi schon vorher).
626 889 2268 1116 Kaplan und Eduard: (bleiben zurück).
629 1010 2773 1255 Kaplan: Was sagte das Fräulein von Innsbruck?
632 1179 2924 1403 Eduard: Ja, wissen Hochwürden nicht, die Gusti ist
644 1318 3054 1542 nach Innsbruck engagiert. (Er läuft gegen rückwärts
656 1467 2997 1705 zum Zaun und winkt nach links,man hört den Omnis-
662 1708 1300 1872 bis knarren).
671 1760 2987 2014 Kaplan: So, so.(für sich) Die Wege Gottes - (er un-
677 1984 1451 2165 terbricht sich).
683 2080 2921 2362 Eduard : (kommt wieder zurück) Hochwürden, ich bin
689 2319 1037 2470 bereit.
692 2398 2885 2637 Kaplan: Schön. Nun, wohin marschieren wir denn?
686 2513 2933 2779 Eduard: Ich glaube,wie Hochwürden gestern vorge
708 2706 3139 2891 schlagen haben, über den Katzensteig gegen die Wild-
711 2885 2625 3075 grube, auf die Almwiese,wo ja die Blumen
1802 3009 1929 3090 di
726 3000 3054 3272 (irgend eine Abart, von der schon vorher die Rede
723 3163 2876 3414 sein muss, z.B. die sonst nur in den Dolomiten
729 3290 2603 3559 vorkommen,)    Verh..... in Notanhaft
774 3417 3021 3710 Ja, meine Botanisierbüchse hab ich gestern Abend
