3368 4152
2592 370 2774 585 107
644 537 2807 761 Kaplan: (In Wirlichkeit wollte ich ja gar nicht
1163 656 1339 764 Yours
641 740 2801 907 zur Stadt.) Mein Bedürfnis war: mit jemanden
641 844 2860 1068 sprechen, mit einem Menschen, der mir wohlgesinnt
632 1011 1336 1223 18t mr Henl
626 1181 2801 1330 Josefa: Ja, mein Mann ist leider noch nicht da.
629 1321 2908 1524 Kaplan: (O) ich weiss, dass auch Sie mir eine Freun-
638 1470 1754 1676 din sind,Frau Professor
2055 1614 2538 1742 (h)
626 1619 1936 1822 Josefa: (warm) Ja, Hochwürden.
2189 1640 2965 1828 Je suis sujet de
1438 1694 2049 1831 aso. in non
623 1804 2812 1980 Kaplan: (unvermittelt) Es ist nämlich ein Brief
629 1945 1485 2127 von meinem Bruder.
620 2106 2034 2285 Josefa: Sie haben noch einen?—
626 2255 2323 2449 Kaplan: Nein. Von Rudolf ein Brief.
617 2416 3000 2589 Josefa: Vom Herrn Leutnant der grad bei Ihnen war?
620 2562 3018 2762 Den Sie grad auf die Bahn hinunter begleitet haben?
626 2735 2956 2899 Kaplan: Ja, er hat mir einen Brief zurückgelassen.
280 2631 564 2896 H4t 1
268 2851 528 2977 Herrn
611 2863 2890 3051 Er hat ihn so hingelegt, dass ich ihn gleich habe
280 2953 522 3066 er rale
2377 2974 3015 3141 & to the agent
262 3018 594 3153 unt prt.
629 3006 2347 3233 finden müssen beim Nachhausekommen.
2586 3069 2780 3203 you
256 3111 620 3281 n-nece
623 3179 2112 3358 Josefa: Das ist aber merkwürdig.
227 3266 498 3409 Esqrll
599 3340 2959 3507 Kaplan: Denken Sie, -mit keinem Wort sich verraten,
215 3376 421 3531 at
218 3469 531 3677 was just
605 3478 2914 3683 nicht bei Tisch, nicht einmal im Wagen, wie wir zu-
236 3600 364 3737 sin
