3368 4184
2825 392 3002 538 168
678 532 2716 712 (Vincenz und Josefa stehen mit dem Kaplan).
678 715 2856 925 Gusti: Geht leider nicht mehr, muss schon über-
678 885 3120 1067 morgen abreisen, Proben beginnen am Mittwoch.
359 836 587 1137 seln
2333 982 2518 1174 Esq
672 982 2281 1247 Eduard: Das ist ja - -
684 1156 2938 1393 Gusti: Wir müssen also Abschied nehmen. (leise)
693 1286 2764 1499 Sei g'scheidt! Gib Acht! (wieder laut) Also,
699 1466 2910 1691 adieu! (mit Blick zu Josefa und Vincenz) Er ist
712 1636 2993 1813 ja doch noch ein Bub -ich darf doch? (Küsst ihn)
699 1782 2585 1998 Also, denk manchmal an mich, junger Mann!
699 1962 2959 2159 Vincenz: Adieu..Hochwürden. (zu Eduard) Und du,
2521 2062 2728 2238 11
709 2080 2497 2324 sei brav, erweise dich der Ehre würdig,
693 2263 1837 2491 Josefa: Grüss dich Gott.
696 2412 2923 2640 Vincenz: Um acht spätestens sind wir wieder da.
703 2600 3008 2728 Josefa: (leise zum Kaplan) NIch komm nicht mehr he-
715 2780 949 2968 raus.
727 2956 2892 3190 ((Das muss vorbereitet sein. Sie spricht schon
712 3132 2935 3348 im ersten Akt davon, dass sie früher hinein will
727 3309 2977 3467 und auch zu Beginn des dritten Aktes, wie Vincenz
715 3424 2996 3668 die Einladung des Intendanten überbringt, spricht
