3384 4072
866 415 2754 661 es wirklich eine Trennung auf ewig sein?
855 593 2924 847 Gusti: Auf ewig - es geht ja keiner von uns
861 765 2836 976 aus der Welt. Man wird sich gewiss wieder-
880 965 1172 1139 sehen.
1536 959 1978 1251 and
866 1118 1142 1251 kunnis
872 1202 1552 1323 Felix: Gusti -
891 1344 3063 1503 Gusti: Aber - machen wir uns doch nichts vor. -
1164 1429 2476 1552 es mit einem hiem ich nicht
866 1497 2877 1667 Es war sehr schön, Felix, wenn du mich auch
885 1618 3088 1809 ein bisl viel sekiert hast,- aber es war schön.
1265 1743 2309 1850 Dent foi duquel seigneur
885 1820 3039 1992 Ich glaub', ich werde nichts Schöneres mehr er-
888 1921 2301 2156 leben. Und du auch nicht. Felix.
883 2123 2877 2325 Felix:- (der immer noch nicht ganz verstehen
894 2273 3017 2489 will) W a r schön! (Ist, wird sein!) Du glaubst
891 2418 2683 2631 doch nicht, dass ich dich lasse, Gusti?
891 2563 3085 2760 Gusti: Ich glaub' schon. Und es ist heute viel-
1885 2681 2019 2782 at
883 2727 3080 2948 leicht gerade - Dass du gestern noch vonmeinem
888 2866 2913 3096 Engagement in der Zeitung gelesen hast war.
2560 2954 2981 3134 Infliged
888 3019 2828 3224 vielleicht mehr als ein Zufall. (Ich hätt“
2804 3112 3071 3233 it.
888 3219 2927 3418 mich nicht getraut dir's zu sagen,wär' viel
915 3339 2951 3566 leicht durchgegangen bei Nacht und Nebel.
2276 3536 2399 3741 lnd
913 3536 2148 3763 ist es doch - anständiger.
