3400 4184
2570 426 2743 545 103
807 553 2847 723 Josefa: (zum Himmel blickend) No, hoffentlich
810 769 2098 861 halt sich's noch eine Weile
2014 807 2348 939 sioffell
804 934 2916 1055 Dili: (nach einer Pause) -Ich werd (jedesfalls)
1060 1006 1337 1127 sich nach
813 1069 2847 1164 wahn den Brief aufgeben. - Ein bisl lang
815 1227 2760 1325 ist er geworden. Ich geh hinunter auf die
813 1374 2887 1469 Post, damit er express weggeht. Ich werd mir
847 1533 2792 1651 jedesfalls noch den Schirm nehmen. (ab ins
815 1697 1118 1812 Haus).
844 1815 2988 1951 (Josefa bleibt eine Weile allein sitzen. Kathi
818 1988 2904 2095 kommt wieder aus dem Hause, zur Hängematte, in
827 2132 2887 2239 der noch ein Buch, auch noch en dünner Plaid
2170 2230 2495 2334 Gustav
824 2299 2861 2394 sich befinden, trägt beides hinein. Der Wind
815 2469 3115 2544 wird wieder stärker. Man sieht einige Spaziergän-
836 2610 3141 2743 ger (vielleicht die Reiner-Mädeln aus dem ersten
467 2628 784 2775 4. Wille.
827 2778 3115 2855 Akt)sehr geschwind vorbeikommen. (Eventuell eini-
372 2798 694 2901 Mir an
377 2896 611 2994 shom
836 2913 3149 3025 ge Worte mit ihnen). Dann kommt Lili vorn am Zaun
328 2979 715 3118 du Heure
357 3063 686 3195 ev byl.
827 3054 3051 3169 vorbei mit Mantel und Schirm.- Josefa geht dann
838 3233 3109 3348 ins Haus. Die Bühne bleibt leer, es wird rasch
3152 3264 3239 3351 eo
827 3400 1271 3532 dunkler).
2380 3711 2694 3838 le reste de ses rêveaux
1521 3760 2760 3913 genen Wort freilich. xxx
236 3898 559 4040 le reste de ses
418 4031 536 4063 G.C.F.P.
