3400 4232
2608 445 2784 551 102
755 615 2565 716 geglaubt. du gehst zur Station hinunter.
363 649 628 804 dent
2775 667 2979 771 bote
731 780 2994 893 Josefa: Ich hab auf dem W- eg den Telegraphenbu-
353 813 628 999 Yorh
755 923 2818 1014 ben begegnet. Der Vincenz bleibt heut in der
1258 1017 1359 1097 he
752 1072 2538 1170 Stadt. Seine Exzellenz ist angekommen.
746 1228 1825 1356 Lili: (fragender Blick).
743 1359 3068 1493 Josefa: (Der Intendant aus Koburg-wegen dem Relief
2809 1459 2946 1541 in
755 1538 2924 1651 schon heut ist er (ganz unerwartet) gekommen. Da
344 1569 576 1703 gebst de
329 1657 600 1779 auf.
752 1700 3043 1770 verbringt der Vincenz den Abend mit Seiner Exzel-
311 1761 600 1870 d. Jochim
765 1849 3138 1937 lenz. (Na ja, sonst wüsste ja so eine Exzellenz abso-
755 2011 3144 2087 lut nicht, was sie in Wien am Abend anfangen sollte.
762 2145 3214 2242 Lili: Aber das hast du ja gewusst, dass der Intendant
755 2288 3061 2397 ankommt; um das Relief im Atelier zu besichtigen?
759 2461 3019 2550 Josefa: No ja, es kann ja auch wahr sein. (aus dem
1377 2538 2114 2598 avec a kolm de... Mess
1986 2547 2166 2672 erst
762 2611 3016 2717 Telegramm vorlesend) Komme morgen Früh. (kist) laut
2327 2681 2455 2760 not
762 2784 3092 2851 Eili: Das kommt ja manchmal vor, dass er drin über-
755 2946 1148 3031 nachtet.
762 3037 3122 3256 Josefa: (Ja natürlich) aber manchmal muss man's eben
2318 3153 2760 3244 aller loin
765 3183 3025 3354 im Gefühl haben, dass man's nicht darf. (ab-
1267 3311 2501 3448 Ld mir dir; vernicht geshet
765 3384 2029 3525 lenkend) Wo ist der Eduard?
2449 3421 3250 3582 Et-il de solennet une
755 3567 3116 3741 Lili: (Gegen den Katzenstein hin glaube) ich. Schon
762 3716 1843 3866 vor einer halben Stund.
