3432 4184
585 303 1496 486 Ich bin zu meist komen.
661 536 1753 771 Kaplan: In jedem F all?
652 716 2917 932 Josefa: An die Gnade wie an die Schuld. Wie wäre
658 827 2870 1022 es denn anders möglich? Wer denn hätte Anspruch
655 1016 2521 1182 auf Gnade,wenn nicht eben der Schuldige?
658 1147 2917 1389 Kaplan: Sie sind sehr gut, Frau Josefa. (Von Ihren
661 1287 3004 1534 Worten kommt eine seltsame Beruhigung./Kleinmütig.
672 1491 2859 1642 ja lassen Sie es mich gestehen, verzweifelt bei-
655 1616 2882 1828 nahe kam ich an diesem Haus vorbei. (Ich hanke)
670 1828 946 1959 Ihnen.
670 1904 2038 2149 Josefa: Wofür danken Sie mir?
658 2073 2961 2314 Kaplan: (Ich habe es wohl geehnt), dass mir in Ihrer
661 2242 2865 2419 Nähe wohler werden müsste, hier in dieser Atmos-
672 2402 2218 2562 phäre des Friedens, der Reinheit -
2428 2498 2710 2603 :
675 2579 2789 2774 Josefa: Hochwürden. Sie beschämen mich mir ist
675 2705 2146 2905 gar nicht so friedlich zumute.
664 2841 2914 3083 Kaplan: Niemandem bleiben innere Kämpfe ganz er-
672 3007 2830 3229 spart das müssen Sie mir nicht erst sagen. Wir
664 3176 2841 3351 hätten's alle zu leicht, wenn wir nicht kämpfen
667 3307 2783 3494 müssten. Wohl dem, der sich selbst überwunden.
670 3447 2856 3677 Josefa: Ist dem auch immer wirklich wohl? Viel-
