<?xml version="1.0" encoding="UTF-8" standalone="yes"?>
<PcGts xmlns="http://schema.primaresearch.org/PAGE/gts/pagecontent/2013-07-15" xmlns:xsi="http://www.w3.org/2001/XMLSchema-instance" xsi:schemaLocation="http://schema.primaresearch.org/PAGE/gts/pagecontent/2013-07-15 http://schema.primaresearch.org/PAGE/gts/pagecontent/2013-07-15/pagecontent.xsd">
    <Metadata>
        <Creator>prov=READ-COOP:name=TrHtr:version=2.1.0:model_id=51170:date=01_08_2023_02:57</Creator>
        <Created>2023-05-10T11:36:18.955+02:00</Created>
        <LastChange>2023-08-01T02:57:18.030+02:00</LastChange>
        <TranskribusMetadata docId="1428165" pageId="55389079" pageNr="46" tsid="131648405" status="IN_PROGRESS" userId="64420" imgUrl="https://files.transkribus.eu/Get?id=ANXAOPJZOKIQJLDVVXKUUJEJ&amp;fileType=view" xmlUrl="https://files.transkribus.eu/Get?id=MYXDQWUHUOSAHOLTEKTAILQC" imageId="44663968"/>
    </Metadata>
    <Page imageFilename="1428165_0046.jpg" imageWidth="7416" imageHeight="4984">
        <ReadingOrder>
            <OrderedGroup id="ro_1711818685106" caption="Regions reading order">
                <RegionRefIndexed index="0" regionRef="tr_1"/>
                <RegionRefIndexed index="1" regionRef="tr_2"/>
            </OrderedGroup>
        </ReadingOrder>
        <TextRegion id="tr_1" custom="readingOrder {index:0;}">
            <Coords points="352,528 3790,528 3790,4504 352,4504"/>
            <TextLine id="tr_1_tl_1" custom="readingOrder {index:0;}">
                <Coords points="1927,605 1956,613 2002,651 2065,634 2077,642 2090,630 2098,642 2132,651 2169,438 2136,438 2111,459 2102,446 2081,446 2015,463 1986,438 1956,438"/>
                <Baseline points="1951,614 1975,608 2065,596 2154,578"/>
                <TextEquiv>
                    <Unicode>86</Unicode>
                </TextEquiv>
            </TextLine>
            <TextLine id="tr_1_tl_2" custom="readingOrder {index:1;}">
                <Coords points="1531,834 1689,826 1785,897 1852,838 1931,872 2365,755 2465,830 2528,784 2653,826 2695,651 2628,630 2536,692 2240,638 2002,709 1877,663 1760,722 1681,676 1543,692"/>
                <Baseline points="1557,811 1617,811 1707,805 1796,805 1886,799 1975,793 2065,781 2154,769 2244,752 2333,746 2423,746 2512,740 2602,740 2691,740"/>
                <TextEquiv>
                    <Unicode>von Ihren Samlungen</Unicode>
                </TextEquiv>
            </TextLine>
            <TextLine id="tr_1_tl_3" custom="readingOrder {index:2;}">
                <Coords points="338,1026 3233,968 3687,893 3696,730 3362,651 1785,901 346,855"/>
                <Baseline points="364,1002 387,1002 477,996 567,990 656,984 746,984 835,978 925,972 1014,972 1104,966 1193,966 1283,960 1372,960 1462,955 1551,955 1641,943 1730,943 1820,937 1910,931 1999,931 2089,925 2178,919 2268,907 2357,901 2447,901 2536,895 2626,895 2715,889 2805,877 2894,871 2984,865 3073,859 3163,853 3253,847 3342,847 3432,847 3521,841 3611,841 3700,835"/>
                <TextEquiv>
                    <Unicode>Adel geladen war davon, und man beschleß folgendt.</Unicode>
                </TextEquiv>
            </TextLine>
            <TextLine id="tr_1_tl_4" custom="readingOrder {index:3;}">
                <Coords points="355,1264 3658,1101 3667,914 2382,926 1840,1068 367,1039"/>
                <Baseline points="382,1169 447,1163 537,1157 626,1157 716,1151 805,1146 895,1146 984,1146 1074,1146 1163,1140 1253,1140 1342,1134 1432,1134 1522,1128 1611,1122 1701,1116 1790,1110 1880,1104 1969,1104 2059,1098 2148,1092 2238,1086 2327,1086 2417,1080 2506,1074 2596,1068 2685,1062 2775,1062 2865,1056 2954,1044 3044,1038 3133,1032 3223,1032 3312,1026 3402,1020 3491,1020 3581,1020 3670,1020"/>
                <TextEquiv>
                    <Unicode>den Fürstin Glivolin aus Frankreich sprach; man möp¬</Unicode>
                </TextEquiv>
            </TextLine>
            <TextLine id="tr_1_tl_5" custom="readingOrder {index:4;}">
                <Coords points="363,1385 2607,1360 2795,1243 3546,1222 3554,1055 367,1264"/>
                <Baseline points="387,1354 423,1354 513,1348 602,1337 692,1337 781,1331 871,1325 960,1325 1050,1325 1140,1325 1229,1319 1319,1319 1408,1313 1498,1307 1587,1301 1677,1295 1766,1295 1856,1289 1945,1283 2035,1283 2124,1271 2214,1265 2303,1259 2393,1253 2483,1247 2572,1241 2662,1241 2751,1241 2841,1229 2930,1223 3020,1217 3109,1211 3199,1211 3288,1205 3378,1199 3467,1193 3557,1193"/>
                <TextEquiv>
                    <Unicode>darüber ein Buch Schreiben und Herzog Brimlo</Unicode>
                </TextEquiv>
            </TextLine>
            <TextLine id="tr_1_tl_6" custom="readingOrder {index:5;}">
                <Coords points="392,1543 1785,1573 3170,1372 3587,1464 3667,1214 2582,1381 396,1414"/>
                <Baseline points="417,1528 447,1522 537,1516 626,1510 716,1504 805,1504 895,1504 984,1504 1074,1504 1163,1492 1253,1486 1342,1486 1432,1480 1522,1474 1611,1468 1701,1468 1790,1462 1880,1462 1969,1456 2059,1450 2148,1438 2238,1438 2327,1432 2417,1426 2506,1426 2596,1420 2685,1414 2775,1402 2865,1396 2954,1384 3044,1378 3133,1372 3223,1372 3312,1372 3402,1366 3491,1360 3581,1348 3670,1354"/>
                <TextEquiv>
                    <Unicode>Marquis Sehison szwach, man moge mich</Unicode>
                </TextEquiv>
            </TextLine>
            <TextLine id="tr_1_tl_7" custom="readingOrder {index:6;}">
                <Coords points="330,1769 709,1685 1034,1794 1281,1664 1789,1648 2019,1756 2828,1593 3316,1664 3529,1598 3537,1477 3149,1385 2736,1535 2140,1460 1785,1573 338,1610"/>
                <Baseline points="352,1719 411,1707 501,1701 590,1689 680,1689 769,1683 859,1677 949,1677 1038,1665 1128,1659 1217,1659 1307,1659 1396,1659 1486,1653 1575,1653 1665,1641 1754,1641 1844,1641 1933,1629 2023,1623 2112,1623 2202,1617 2292,1611 2381,1611 2471,1611 2560,1605 2650,1599 2739,1587 2829,1581 2918,1569 3008,1563 3097,1551 3187,1551 3276,1545 3366,1539 3455,1545 3545,1551"/>
                <TextEquiv>
                    <Unicode>den Klinghör von Jönsterson - das bin ich –</Unicode>
                </TextEquiv>
            </TextLine>
            <TextLine id="tr_1_tl_8" custom="readingOrder {index:7;}">
                <Coords points="396,1956 984,1852 1568,1944 1940,1823 2048,1906 2211,1819 2770,1840 3058,1769 3062,1635 2632,1727 2328,1614 2031,1752 1789,1652 1285,1785 1189,1710 1034,1794 838,1698 405,1739"/>
                <Baseline points="423,1862 471,1862 561,1850 650,1844 740,1844 829,1838 919,1838 1008,1838 1098,1838 1187,1838 1277,1838 1366,1832 1456,1826 1545,1826 1635,1820 1725,1814 1814,1808 1904,1802 1993,1802 2083,1802 2172,1802 2262,1790 2351,1784 2441,1778 2530,1772 2620,1766 2709,1760 2799,1754 2888,1748 2978,1736 3067,1725"/>
                <TextEquiv>
                    <Unicode>Phil (verlangt sich 1000 m2) Sehr geehrt.</Unicode>
                </TextEquiv>
            </TextLine>
            <TextLine id="tr_1_tl_9" custom="readingOrder {index:8;}">
                <Coords points="434,2106 959,2036 1151,2119 1306,2019 1835,2111 3224,1919 3429,1998 3625,1960 3633,1794 442,1960"/>
                <Baseline points="459,2035 501,2041 590,2035 680,2029 769,2029 859,2023 949,2017 1038,2023 1128,2011 1217,2011 1307,2005 1396,2011 1486,2005 1575,1999 1665,1999 1754,1993 1844,1993 1933,1987 2023,1981 2112,1981 2202,1975 2292,1969 2381,1969 2471,1963 2560,1951 2650,1951 2739,1945 2829,1933 2918,1927 3008,1921 3097,1910 3187,1916 3276,1910 3366,1904 3455,1898 3545,1892 3635,1898"/>
                <TextEquiv>
                    <Unicode>Arth. — hieherzu schicken. Sie erlauben also,</Unicode>
                </TextEquiv>
            </TextLine>
            <TextLine id="tr_1_tl_10" custom="readingOrder {index:9;}">
                <Coords points="405,2252 622,2282 855,2202 926,2257 1072,2211 1314,2278 1414,2223 1610,2257 1681,2194 1969,2186 1973,2056 1831,2115 1477,2027 1218,2136 1055,2144 930,2061 626,2152 567,2086 409,2140"/>
                <Baseline points="429,2208 459,2208 549,2208 638,2202 728,2202 817,2196 907,2190 996,2196 1086,2196 1175,2190 1265,2184 1354,2184 1444,2178 1533,2178 1623,2172 1713,2160 1802,2160 1892,2154 1981,2148"/>
                <TextEquiv>
                    <Unicode>dass ich ein Buch schreibe</Unicode>
                </TextEquiv>
            </TextLine>
            <TextLine id="tr_1_tl_11" custom="readingOrder {index:10;}">
                <Coords points="421,2449 1668,2357 1873,2461 2144,2336 2336,2403 2728,2307 3187,2398 3412,2307 3420,2194 2982,2123 2440,2265 1135,2223 901,2344 430,2248"/>
                <Baseline points="447,2393 471,2393 561,2387 650,2381 740,2375 829,2375 919,2375 1008,2363 1098,2357 1187,2351 1277,2345 1366,2339 1456,2339 1545,2339 1635,2339 1725,2339 1814,2333 1904,2327 1993,2327 2083,2327 2172,2327 2262,2315 2351,2309 2441,2303 2530,2298 2620,2292 2709,2286 2799,2286 2888,2280 2978,2274 3067,2268 3157,2262 3247,2256 3336,2250 3426,2244"/>
                <TextEquiv>
                    <Unicode>Pfel. Alles steht ihnen zur Verfügung.</Unicode>
                </TextEquiv>
            </TextLine>
            <TextLine id="tr_1_tl_12" custom="readingOrder {index:11;}">
                <Coords points="446,2578 3195,2503 3642,2436 3650,2282 2415,2453 450,2432"/>
                <Baseline points="471,2566 519,2554 608,2548 698,2542 787,2536 877,2536 966,2536 1056,2536 1146,2530 1235,2530 1325,2524 1414,2518 1504,2518 1593,2518 1683,2518 1772,2518 1862,2518 1951,2512 2041,2512 2130,2506 2220,2506 2309,2494 2399,2489 2489,2477 2578,2471 2668,2465 2757,2459 2847,2459 2936,2459 3026,2453 3115,2447 3205,2441 3294,2435 3384,2429 3473,2429 3563,2423 3652,2423"/>
                <TextEquiv>
                    <Unicode>(bitte ins Untergewer. Nikolaus)</Unicode>
                </TextEquiv>
            </TextLine>
            <TextLine id="tr_1_tl_13" custom="readingOrder {index:12;}">
                <Coords points="409,2803 1030,2749 1222,2861 1606,2711 1764,2791 2945,2653 3212,2766 3654,2645 3662,2469 3462,2578 2820,2486 2152,2632 1960,2524 1539,2661 1185,2553 417,2590"/>
                <Baseline points="435,2739 447,2733 537,2733 626,2733 716,2733 805,2727 895,2727 984,2715 1074,2709 1163,2709 1253,2703 1342,2697 1432,2697 1522,2691 1611,2697 1701,2691 1790,2685 1880,2685 1969,2685 2059,2680 2148,2674 2238,2668 2327,2668 2417,2662 2506,2656 2596,2650 2685,2650 2775,2638 2865,2632 2954,2632 3044,2626 3133,2620 3223,2614 3312,2614 3402,2614 3491,2608 3581,2608 3670,2596"/>
                <TextEquiv>
                    <Unicode>Zukolaus! Zeige dem Herrn meine Sammlungen. Ich</Unicode>
                </TextEquiv>
            </TextLine>
            <TextLine id="tr_1_tl_14" custom="readingOrder {index:13;}">
                <Coords points="538,2949 1059,3032 1694,2882 2261,2949 2353,2870 2423,2945 2636,2828 3245,2853 3249,2757 2553,2670 2094,2803 1523,2761 1218,2861 997,2757 542,2836"/>
                <Baseline points="561,2918 573,2918 662,2918 752,2912 841,2912 931,2906 1020,2906 1110,2900 1199,2894 1289,2882 1378,2876 1468,2871 1557,2871 1647,2865 1736,2865 1826,2859 1916,2859 2005,2859 2095,2853 2184,2847 2274,2841 2363,2841 2453,2829 2542,2829 2632,2823 2721,2817 2811,2811 2900,2805 2990,2799 3079,2793 3169,2787 3258,2787"/>
                <TextEquiv>
                    <Unicode>muß zuerst meine Befehle geben.</Unicode>
                </TextEquiv>
            </TextLine>
            <TextLine id="tr_1_tl_15" custom="readingOrder {index:14;}">
                <Coords points="1714,3074 1810,3099 1952,3053 2152,3137 2315,3028 2653,3024 2665,2870 2565,2887 2461,2962 2357,2870 2257,2949 2152,2903 1986,2949 1885,2916 1719,2987"/>
                <Baseline points="1742,3038 1772,3038 1862,3038 1951,3032 2041,3032 2130,3020 2220,3014 2309,3008 2399,2996 2489,2990 2578,2990 2668,2984"/>
                <TextEquiv>
                    <Unicode>3. Auftritt.</Unicode>
                </TextEquiv>
            </TextLine>
            <TextLine id="tr_1_tl_16" custom="readingOrder {index:15;}">
                <Coords points="1677,3316 1785,3254 1840,3299 2019,3241 2186,3304 2415,3208 2920,3170 3287,3204 3295,3041 3070,3108 2599,3083 2528,3133 2436,3074 2157,3133 1873,3074 1685,3166"/>
                <Baseline points="1707,3211 1778,3205 1868,3205 1957,3205 2047,3205 2136,3199 2226,3193 2315,3187 2405,3175 2494,3175 2584,3169 2674,3169 2763,3163 2853,3163 2942,3157 3032,3151 3121,3151 3211,3145 3300,3139"/>
                <TextEquiv>
                    <Unicode>Philosophus (allein.)</Unicode>
                </TextEquiv>
            </TextLine>
            <TextLine id="tr_1_tl_17" custom="readingOrder {index:16;}">
                <Coords points="563,3450 1439,3425 1556,3546 1723,3425 1865,3550 1981,3441 2903,3341 3153,3458 3708,3329 3717,3174 1535,3350 567,3299"/>
                <Baseline points="584,3444 674,3438 764,3432 853,3426 943,3420 1032,3414 1122,3414 1211,3408 1301,3402 1390,3402 1480,3402 1569,3396 1659,3390 1748,3390 1838,3384 1927,3378 2017,3378 2107,3372 2196,3372 2286,3372 2375,3366 2465,3360 2554,3354 2644,3348 2733,3342 2823,3336 2912,3330 3002,3324 3091,3324 3181,3324 3270,3318 3360,3312 3450,3306 3539,3306 3629,3300 3718,3306"/>
                <TextEquiv>
                    <Unicode>Kliepser von ohne Person! das ist nicht ohne!</Unicode>
                </TextEquiv>
            </TextLine>
            <TextLine id="tr_1_tl_18" custom="readingOrder {index:17;}">
                <Coords points="563,3742 876,3608 1114,3700 1281,3587 1602,3675 2319,3541 3562,3554 3750,3504 3754,3383 571,3529"/>
                <Baseline points="590,3617 626,3623 716,3617 805,3611 895,3599 984,3599 1074,3599 1163,3587 1253,3587 1342,3587 1432,3581 1522,3581 1611,3575 1701,3575 1790,3563 1880,3557 1969,3557 2059,3557 2148,3557 2238,3551 2327,3539 2417,3533 2506,3533 2596,3527 2685,3527 2775,3521 2865,3515 2954,3503 3044,3503 3133,3503 3223,3497 3312,3497 3402,3491 3491,3491 3581,3485 3670,3485 3760,3485"/>
                <TextEquiv>
                    <Unicode>Garnicht ohne! Hrn! Eine Partie für meine Tochter</Unicode>
                </TextEquiv>
            </TextLine>
            <TextLine id="tr_1_tl_19" custom="readingOrder {index:18;}">
                <Coords points="609,3917 959,3783 1231,3854 2428,3725 2569,3858 3408,3683 3775,3787 3787,3512 2757,3533 2595,3637 2332,3537 2019,3679 1281,3583 1139,3700 901,3621 617,3729"/>
                <Baseline points="638,3808 656,3808 746,3790 835,3784 925,3772 1014,3772 1104,3766 1193,3766 1283,3760 1372,3760 1462,3754 1551,3748 1641,3748 1730,3742 1820,3736 1910,3736 1999,3730 2089,3730 2178,3724 2268,3718 2357,3718 2447,3712 2536,3712 2626,3712 2715,3712 2805,3706 2894,3700 2984,3694 3073,3688 3163,3682 3253,3682 3342,3682 3432,3670 3521,3670 3611,3664 3700,3658 3790,3652"/>
                <TextEquiv>
                    <Unicode>sie ist nicht so übel. - werden sehen! „Ge, Französke</Unicode>
                </TextEquiv>
            </TextLine>
            <TextLine id="tr_1_tl_20" custom="readingOrder {index:19;}">
                <Coords points="605,3988 1952,4029 2319,3904 3416,3913 3546,3883 3554,3742 2553,3858 2403,3725 1764,3850 1018,3800 609,3913"/>
                <Baseline points="626,3981 692,3969 781,3963 871,3957 960,3951 1050,3939 1140,3939 1229,3933 1319,3927 1408,3927 1498,3921 1587,3921 1677,3921 1766,3915 1856,3909 1945,3909 2035,3909 2124,3909 2214,3903 2303,3903 2393,3903 2483,3897 2572,3891 2662,3891 2751,3885 2841,3879 2930,3879 3020,3873 3109,3861 3199,3855 3288,3849 3378,3849 3467,3843 3557,3837"/>
                <TextEquiv>
                    <Unicode>(Franziska (kom 1.) Haga!</Unicode>
                </TextEquiv>
            </TextLine>
            <TextLine id="tr_1_tl_21" custom="readingOrder {index:20;}">
                <Coords points="622,4230 2382,4079 2882,4171 3199,4038 3762,4042 3767,3900 2336,3908 1915,4059 1372,3942 630,4009"/>
                <Baseline points="650,4142 728,4142 817,4136 907,4124 996,4130 1086,4130 1175,4118 1265,4106 1354,4100 1444,4094 1533,4094 1623,4094 1713,4094 1802,4094 1892,4088 1981,4082 2071,4082 2160,4076 2250,4070 2339,4064 2429,4064 2518,4058 2608,4058 2697,4058 2787,4052 2876,4046 2966,4040 3056,4040 3145,4028 3235,4028 3324,4028 3414,4028 3503,4028 3593,4023 3682,4023 3772,4028"/>
                <TextEquiv>
                    <Unicode>Schtsil. Nichte ein gutes Abendessen!  ein</Unicode>
                </TextEquiv>
            </TextLine>
            <TextLine id="tr_1_tl_22" custom="readingOrder {index:21;}">
                <Coords points="622,4330 1226,4401 1452,4296 1710,4392 2966,4221 3433,4296 3767,4217 3771,4034 2882,4171 2565,4079 1385,4230 1222,4150 626,4284"/>
                <Baseline points="644,4309 734,4309 823,4303 913,4297 1002,4297 1092,4291 1181,4291 1271,4285 1360,4279 1450,4279 1539,4273 1629,4273 1719,4267 1808,4267 1898,4261 1987,4255 2077,4249 2166,4249 2256,4243 2345,4243 2435,4237 2524,4237 2614,4231 2703,4231 2793,4225 2882,4225 2972,4214 3062,4214 3151,4214 3241,4202 3330,4202 3420,4202 3509,4202 3599,4196 3688,4196 3778,4202"/>
                <TextEquiv>
                    <Unicode>vorzügliches Abendessen! Klingsor von finst schon</Unicode>
                </TextEquiv>
            </TextLine>
            <TextLine id="tr_1_tl_23" custom="readingOrder {index:22;}">
                <Coords points="647,4593 1710,4459 1994,4634 3558,4472 3775,4401 3779,4238 655,4409"/>
                <Baseline points="674,4494 740,4494 829,4488 919,4482 1008,4482 1098,4470 1187,4470 1277,4464 1366,4464 1456,4464 1545,4458 1635,4458 1725,4452 1814,4446 1904,4440 1993,4434 2083,4428 2172,4428 2262,4422 2351,4416 2441,4416 2530,4410 2620,4405 2709,4405 2799,4399 2888,4393 2978,4387 3067,4381 3157,4375 3247,4369 3336,4369 3426,4363 3515,4357 3605,4357 3694,4351 3784,4357"/>
                <TextEquiv>
                    <Unicode>speiß bei uns, hat verbindungen uns</Unicode>
                </TextEquiv>
            </TextLine>
        </TextRegion>
        <TextRegion id="tr_2" custom="readingOrder {index:1;}">
            <Coords points="3987,379 7246,379 7246,4361 3987,4361"/>
            <TextLine id="tr_2_tl_1" custom="readingOrder {index:0;}">
                <Coords points="5252,488 5272,488 5314,455 5385,463 5418,492 5469,484 5469,279 5448,279 5435,259 5398,279 5377,267 5314,317 5252,321"/>
                <Baseline points="5276,435 5300,429 5389,429 5479,429"/>
                <TextEquiv>
                    <Unicode>8 7</Unicode>
                </TextEquiv>
            </TextLine>
            <TextLine id="tr_2_tl_2" custom="readingOrder {index:1;}">
                <Coords points="3979,901 6970,784 6979,588 5723,688 3988,642"/>
                <Baseline points="4005,841 4028,841 4118,835 4208,823 4297,817 4387,811 4476,805 4566,805 4655,805 4745,799 4834,805 4924,799 5013,793 5103,787 5192,793 5282,787 5371,781 5461,781 5551,781 5640,775 5730,775 5819,769 5909,764 5998,764 6088,758 6177,752 6267,746 6356,734 6446,734 6535,728 6625,722 6714,722 6804,710 6894,704 6983,704"/>
                <TextEquiv>
                    <Unicode>Grafen, Fürsten, Königen, Margreisen,</Unicode>
                </TextEquiv>
            </TextLine>
            <TextLine id="tr_2_tl_3" custom="readingOrder {index:2;}">
                <Coords points="3959,1076 6470,939 6599,1009 6953,905 6958,801 6224,784 5886,909 5135,826 5014,905 4926,809 4701,926 3967,901"/>
                <Baseline points="3987,1008 4011,1020 4100,1020 4190,1008 4279,1002 4369,996 4458,990 4548,984 4637,978 4727,978 4816,972 4906,972 4995,972 5085,972 5175,972 5264,966 5354,966 5443,960 5533,955 5622,955 5712,955 5801,949 5891,949 5980,937 6070,931 6159,925 6249,913 6338,913 6428,907 6517,895 6607,895 6697,889 6786,883 6876,883 6965,883"/>
                <TextEquiv>
                    <Unicode>will ein Buch über meine Sammlungen</Unicode>
                </TextEquiv>
            </TextLine>
            <TextLine id="tr_2_tl_4" custom="readingOrder {index:3;}">
                <Coords points="3984,1268 4267,1180 6236,1172 6670,1101 6678,884 6232,1043 6061,980 5368,1080 5114,976 4784,1114 4351,1026 3988,1114"/>
                <Baseline points="4011,1187 4088,1181 4178,1175 4267,1169 4357,1169 4446,1163 4536,1163 4625,1163 4715,1157 4804,1151 4894,1146 4984,1140 5073,1140 5163,1140 5252,1134 5342,1134 5431,1128 5521,1122 5610,1122 5700,1116 5789,1110 5879,1110 5968,1104 6058,1104 6147,1098 6237,1092 6326,1086 6416,1080 6506,1068 6595,1062 6685,1062"/>
                <TextEquiv>
                    <Unicode>schreiben, bleibt einige Tage da</Unicode>
                </TextEquiv>
            </TextLine>
            <TextLine id="tr_2_tl_5" custom="readingOrder {index:4;}">
                <Coords points="4029,1397 4626,1339 4772,1431 4910,1331 5373,1318 6440,1389 6979,1264 6987,1085 6144,1218 5022,1155 4622,1285 4267,1180 4034,1251"/>
                <Baseline points="4052,1360 4124,1354 4214,1348 4303,1348 4393,1342 4482,1342 4572,1342 4661,1331 4751,1331 4840,1325 4930,1313 5019,1313 5109,1313 5198,1313 5288,1307 5377,1307 5467,1301 5557,1289 5646,1283 5736,1283 5825,1277 5915,1283 6004,1277 6094,1271 6183,1271 6273,1259 6362,1253 6452,1241 6541,1235 6631,1235 6720,1235 6810,1229 6900,1235 6989,1241"/>
                <TextEquiv>
                    <Unicode>nun z werds bald! Ein feines Essen!</Unicode>
                </TextEquiv>
            </TextLine>
            <TextLine id="tr_2_tl_6" custom="readingOrder {index:5;}">
                <Coords points="4013,1548 4205,1548 4355,1627 4588,1514 4822,1589 4993,1502 5164,1556 5264,1493 5727,1514 5802,1435 5410,1339 5101,1464 4789,1443 4630,1360 4225,1364 4017,1464"/>
                <Baseline points="4040,1528 4106,1528 4196,1528 4285,1522 4375,1516 4464,1516 4554,1510 4643,1504 4733,1504 4822,1504 4912,1498 5001,1492 5091,1492 5180,1492 5270,1492 5360,1486 5449,1480 5539,1474 5628,1468 5718,1468 5807,1474"/>
                <TextEquiv>
                    <Unicode>Krebsiesuppe - Torte</Unicode>
                </TextEquiv>
            </TextLine>
            <TextLine id="tr_2_tl_7" custom="readingOrder {index:6;}">
                <Coords points="3992,1819 4175,1756 4246,1785 4355,1752 4563,1764 4651,1714 4751,1764 4889,1748 4926,1735 4935,1539 4864,1552 4789,1623 4718,1548 4634,1593 4538,1552 4388,1631 4288,1639 4075,1552 4004,1564"/>
                <Baseline points="4023,1707 4040,1707 4130,1701 4219,1701 4309,1695 4399,1689 4488,1683 4578,1683 4667,1683 4757,1677 4846,1671 4936,1659"/>
                <TextEquiv>
                    <Unicode>Franziska (ab.)</Unicode>
                </TextEquiv>
            </TextLine>
            <TextLine id="tr_2_tl_8" custom="readingOrder {index:7;}">
                <Coords points="4042,1952 6682,1777 7049,1877 7150,1614 4050,1806"/>
                <Baseline points="4070,1892 4112,1880 4202,1880 4291,1868 4381,1868 4470,1856 4560,1856 4649,1856 4739,1850 4828,1856 4918,1850 5007,1844 5097,1832 5186,1826 5276,1820 5366,1820 5455,1814 5545,1808 5634,1808 5724,1808 5813,1808 5903,1802 5992,1790 6082,1790 6171,1784 6261,1778 6350,1772 6440,1772 6529,1766 6619,1766 6709,1760 6798,1754 6888,1748 6977,1748 7067,1748 7156,1748"/>
                <TextEquiv>
                    <Unicode>Philosophus. Daß mein Ruhe bis Schweden gedrün¬</Unicode>
                </TextEquiv>
            </TextLine>
            <TextLine id="tr_2_tl_9" custom="readingOrder {index:8;}">
                <Coords points="4000,2157 4818,2027 5356,2119 5706,2015 5902,2111 6098,1981 6586,2061 6966,1931 7170,1990 7175,1814 6048,1840 5806,1944 4622,1865 4009,1994"/>
                <Baseline points="4028,2059 4052,2053 4142,2047 4231,2041 4321,2035 4410,2029 4500,2023 4590,2023 4679,2023 4769,2017 4858,2011 4948,2011 5037,2005 5127,1999 5216,1993 5306,1993 5395,1987 5485,1981 5574,1981 5664,1981 5753,1981 5843,1981 5933,1975 6022,1969 6112,1963 6201,1957 6291,1957 6380,1951 6470,1951 6559,1945 6649,1939 6738,1939 6828,1933 6917,1927 7007,1921 7096,1916 7186,1910"/>
                <TextEquiv>
                    <Unicode>gewest - hatte es nicht gedacht! Wahrlich! Nun;</Unicode>
                </TextEquiv>
            </TextLine>
            <TextLine id="tr_2_tl_10" custom="readingOrder {index:9;}">
                <Coords points="3984,2278 6328,2248 6515,2136 6862,2219 7120,2111 7124,1948 6745,2061 6115,1986 5932,2111 5081,2040 4976,2136 4551,2056 3992,2161"/>
                <Baseline points="4011,2244 4088,2232 4178,2220 4267,2214 4357,2208 4446,2202 4536,2202 4625,2196 4715,2190 4804,2190 4894,2184 4984,2178 5073,2178 5163,2178 5252,2172 5342,2172 5431,2172 5521,2172 5610,2166 5700,2160 5789,2166 5879,2154 5968,2154 6058,2148 6147,2142 6237,2130 6326,2124 6416,2124 6506,2118 6595,2112 6685,2107 6774,2107 6864,2101 6953,2095 7043,2089 7132,2089"/>
                <TextEquiv>
                    <Unicode>es ist übrigens ganz begreiflich; gar nichts</Unicode>
                </TextEquiv>
            </TextLine>
            <TextLine id="tr_2_tl_11" custom="readingOrder {index:10;}">
                <Coords points="3975,2444 5218,2386 5460,2499 6432,2307 7112,2386 7208,2123 6878,2236 6724,2144 5469,2303 3979,2282"/>
                <Baseline points="3999,2399 4076,2399 4166,2393 4255,2387 4345,2387 4434,2381 4524,2375 4613,2369 4703,2369 4792,2363 4882,2357 4972,2357 5061,2357 5151,2351 5240,2351 5330,2351 5419,2345 5509,2339 5598,2339 5688,2333 5777,2333 5867,2327 5956,2327 6046,2321 6135,2315 6225,2309 6315,2303 6404,2303 6494,2298 6583,2286 6673,2286 6762,2280 6852,2280 6941,2274 7031,2274 7120,2274 7210,2274"/>
                <TextEquiv>
                    <Unicode>wunderbares! Man hat seine Verdienste!</Unicode>
                </TextEquiv>
            </TextLine>
            <TextLine id="tr_2_tl_12" custom="readingOrder {index:11;}">
                <Coords points="4009,2611 4142,2595 4200,2628 4305,2582 4584,2574 4860,2657 4993,2569 5031,2582 5035,2411 4784,2494 4726,2436 4618,2490 4530,2444 4396,2474 4175,2419 4013,2482"/>
                <Baseline points="4034,2572 4052,2566 4142,2566 4231,2566 4321,2560 4410,2554 4500,2554 4590,2548 4679,2548 4769,2542 4858,2542 4948,2536 5037,2530"/>
                <TextEquiv>
                    <Unicode>Besonders ich.</Unicode>
                </TextEquiv>
            </TextLine>
            <TextLine id="tr_2_tl_13" custom="readingOrder {index:12;}">
                <Coords points="5051,2749 5297,2711 5410,2774 5498,2770 5656,2690 5894,2695 5898,2549 5702,2582 5594,2528 5552,2557 5477,2524 5231,2586 5189,2544 5060,2544"/>
                <Baseline points="5079,2680 5097,2685 5186,2680 5276,2685 5366,2685 5455,2680 5545,2674 5634,2668 5724,2668 5813,2668 5903,2668"/>
                <TextEquiv>
                    <Unicode>lt. Auftritt.</Unicode>
                </TextEquiv>
            </TextLine>
            <TextLine id="tr_2_tl_14" custom="readingOrder {index:13;}">
                <Coords points="4868,2987 5281,2907 5389,2978 5610,2953 5765,2874 5940,2953 6007,2903 6132,2966 6591,2949 6833,2828 6837,2670 6078,2711 5894,2820 5214,2720 4876,2803"/>
                <Baseline points="4894,2865 4960,2871 5049,2871 5139,2876 5228,2871 5318,2871 5407,2865 5497,2865 5586,2859 5676,2859 5765,2859 5855,2853 5944,2847 6034,2841 6124,2835 6213,2829 6303,2823 6392,2817 6482,2817 6571,2811 6661,2805 6750,2805 6840,2799"/>
                <TextEquiv>
                    <Unicode>Pfil. Schput. Augenscharf.</Unicode>
                </TextEquiv>
            </TextLine>
            <TextLine id="tr_2_tl_15" custom="readingOrder {index:14;}">
                <Coords points="4063,3162 4288,3216 4538,3099 4847,3137 5101,3078 5185,3166 5402,3058 5619,3112 5627,2953 5314,2945 4960,3028 4784,2953 4584,3012 4426,2962 4071,3016"/>
                <Baseline points="4088,3109 4112,3109 4202,3103 4291,3103 4381,3097 4470,3085 4560,3079 4649,3073 4739,3067 4828,3062 4918,3056 5007,3062 5097,3056 5186,3050 5276,3044 5366,3044 5455,3038 5545,3038 5634,3038"/>
                <TextEquiv>
                    <Unicode>Sehjet. - Sie vergaben.</Unicode>
                </TextEquiv>
            </TextLine>
            <TextLine id="tr_2_tl_16" custom="readingOrder {index:15;}">
                <Coords points="4050,3287 4684,3350 5435,3224 5881,3329 6224,3199 6953,3208 7037,3003 4054,3170"/>
                <Baseline points="4076,3270 4082,3270 4172,3270 4261,3264 4351,3264 4440,3258 4530,3258 4619,3258 4709,3253 4798,3247 4888,3247 4978,3241 5067,3235 5157,3223 5246,3217 5336,3217 5425,3217 5515,3211 5604,3205 5694,3205 5783,3199 5873,3193 5962,3193 6052,3193 6141,3187 6231,3187 6321,3181 6410,3175 6500,3169 6589,3163 6679,3163 6768,3157 6858,3157 6947,3157 7037,3163"/>
                <TextEquiv>
                    <Unicode>Augenscharf. Herr Professor vergeben.</Unicode>
                </TextEquiv>
            </TextLine>
            <TextLine id="tr_2_tl_17" custom="readingOrder {index:16;}">
                <Coords points="4054,3479 4638,3462 4772,3579 5177,3416 5506,3500 5932,3383 7233,3362 7241,3204 6153,3216 5881,3329 5702,3245 4680,3350 4063,3287"/>
                <Baseline points="4082,3426 4112,3432 4202,3438 4291,3432 4381,3438 4470,3438 4560,3438 4649,3432 4739,3426 4828,3420 4918,3414 5007,3414 5097,3408 5186,3402 5276,3402 5366,3390 5455,3390 5545,3390 5634,3384 5724,3378 5813,3372 5903,3366 5992,3360 6082,3360 6171,3360 6261,3354 6350,3354 6440,3348 6529,3342 6619,3336 6709,3330 6798,3324 6888,3324 6977,3318 7067,3318 7156,3318 7246,3324"/>
                <TextEquiv>
                    <Unicode>Siegel. Nichtmahr. Sie haben den Abentenrei?</Unicode>
                </TextEquiv>
            </TextLine>
            <TextLine id="tr_2_tl_18" custom="readingOrder {index:17;}">
                <Coords points="4050,3700 5114,3591 5381,3717 6090,3587 6899,3658 7179,3458 6511,3354 5510,3496 5177,3416 4772,3571 4638,3466 4059,3462"/>
                <Baseline points="4076,3599 4142,3605 4231,3605 4321,3605 4410,3611 4500,3605 4590,3605 4679,3605 4769,3599 4858,3593 4948,3593 5037,3587 5127,3581 5216,3581 5306,3569 5395,3563 5485,3563 5574,3563 5664,3557 5753,3557 5843,3551 5933,3545 6022,3545 6112,3545 6201,3545 6291,3539 6380,3527 6470,3521 6559,3521 6649,3515 6738,3521 6828,3521 6917,3515 7007,3515 7096,3509 7186,3503"/>
                <TextEquiv>
                    <Unicode>Nicht? Ha! Ha! Eingesperrt: Hal ich's ge¬</Unicode>
                </TextEquiv>
            </TextLine>
            <TextLine id="tr_2_tl_19" custom="readingOrder {index:18;}">
                <Coords points="4079,3833 4180,3829 4313,3917 4584,3804 5139,3854 5435,3767 5439,3612 5268,3687 4968,3637 4655,3692 4547,3616 4409,3679 4246,3658 4167,3717 4088,3671"/>
                <Baseline points="4106,3784 4190,3784 4279,3784 4369,3790 4458,3790 4548,3784 4637,3784 4727,3784 4816,3784 4906,3778 4995,3766 5085,3760 5175,3754 5264,3754 5354,3748 5443,3748"/>
                <TextEquiv>
                    <Unicode>troffen? Ha! Ha!</Unicode>
                </TextEquiv>
            </TextLine>
            <TextLine id="tr_2_tl_20" custom="readingOrder {index:19;}">
                <Coords points="4109,4025 4313,4096 4814,3954 4910,4013 5001,3946 5206,3992 5339,3954 5352,3796 5135,3879 5043,3821 4922,3867 4793,3800 4630,3842 4572,3808 4326,3925 4225,3846 4121,3838"/>
                <Baseline points="4136,3981 4184,3975 4273,3975 4363,3969 4452,3963 4542,3957 4631,3957 4721,3951 4810,3945 4900,3939 4989,3933 5079,3927 5169,3921 5258,3921 5348,3915"/>
                <TextEquiv>
                    <Unicode>Schput (räuspert)</Unicode>
                </TextEquiv>
            </TextLine>
            <TextLine id="tr_2_tl_21" custom="readingOrder {index:20;}">
                <Coords points="4109,4213 4234,4251 4301,4209 4463,4230 4526,4184 4680,4246 4860,4138 5010,4121 5247,4234 5256,4034 5143,3959 4993,3946 4839,4029 4593,4009 4363,4092 4121,4025"/>
                <Baseline points="4136,4148 4190,4142 4279,4142 4369,4142 4458,4136 4548,4130 4637,4130 4727,4124 4816,4124 4906,4112 4995,4106 5085,4100 5175,4094 5264,4088"/>
                <TextEquiv>
                    <Unicode>Augenscharf (ddte)</Unicode>
                </TextEquiv>
            </TextLine>
            <TextLine id="tr_2_tl_22" custom="readingOrder {index:21;}">
                <Coords points="4184,4430 4321,4472 4455,4396 4501,4417 4659,4346 4739,4413 4780,4409 4935,4321 5039,4309 5047,4200 4980,4163 4914,4188 4876,4155 4693,4246 4522,4184 4459,4230 4422,4205 4351,4238 4309,4205 4234,4251 4200,4238"/>
                <Baseline points="4214,4351 4249,4339 4339,4333 4428,4321 4518,4315 4607,4315 4697,4303 4787,4297 4876,4285 4966,4285 5055,4279"/>
                <TextEquiv>
                    <Unicode>sz hil. nur?</Unicode>
                </TextEquiv>
            </TextLine>
        </TextRegion>
    </Page>
</PcGts>
