<?xml version="1.0" encoding="UTF-8" standalone="yes"?>
<PcGts xmlns="http://schema.primaresearch.org/PAGE/gts/pagecontent/2013-07-15" xmlns:xsi="http://www.w3.org/2001/XMLSchema-instance" xsi:schemaLocation="http://schema.primaresearch.org/PAGE/gts/pagecontent/2013-07-15 http://schema.primaresearch.org/PAGE/gts/pagecontent/2013-07-15/pagecontent.xsd">
    <Metadata>
        <Creator>prov=READ-COOP:name=TrHtr:version=2.1.0:model_id=51170:date=01_08_2023_02:57</Creator>
        <Created>2023-05-10T11:36:12.942+02:00</Created>
        <LastChange>2023-08-01T02:57:06.558+02:00</LastChange>
        <TranskribusMetadata docId="1428165" pageId="55388875" pageNr="11" tsid="131648368" status="IN_PROGRESS" userId="64420" imgUrl="https://files.transkribus.eu/Get?id=LLYIOLUUKRLPPRVESEBBGZEL&amp;fileType=view" xmlUrl="https://files.transkribus.eu/Get?id=YDZWPNXROICGMYCRYNJPPDQV" imageId="44663765"/>
    </Metadata>
    <Page imageFilename="1428165_0011.jpg" imageWidth="7304" imageHeight="4872">
        <ReadingOrder>
            <OrderedGroup id="ro_1711818614700" caption="Regions reading order">
                <RegionRefIndexed index="0" regionRef="tr_1"/>
            </OrderedGroup>
        </ReadingOrder>
        <TextRegion id="tr_1" custom="readingOrder {index:0;}">
            <Coords points="340,385 7182,385 7182,4440 340,4440"/>
            <TextLine id="tr_1_tl_1" custom="readingOrder {index:0;}">
                <Coords points="3696,657 4752,590 5180,682 5966,507 6619,578 6939,482 6951,299 4266,495 3717,345"/>
                <Baseline points="3719,650 3731,644 3821,638 3910,632 4000,626 4089,620 4179,614 4268,614 4358,603 4448,597 4537,591 4627,585 4716,579 4806,567 4895,561 4985,555 5075,549 5164,543 5254,537 5343,531 5433,525 5522,519 5612,507 5701,501 5791,495 5881,489 5970,489 6060,483 6149,471 6239,471 6328,459 6418,459 6507,447 6597,441 6687,435 6776,435 6866,435 6955,447"/>
                <TextEquiv>
                    <Unicode>Dir hab ich noch viel zu sagen; komm' in mein Eysi¬</Unicode>
                </TextEquiv>
            </TextLine>
            <TextLine id="tr_1_tl_2" custom="readingOrder {index:1;}">
                <Coords points="324,869 603,744 2083,715 2295,832 3305,661 3484,765 3629,723 3638,570 1730,511 1343,640 1102,520 328,657"/>
                <Baseline points="352,752 417,746 507,746 597,740 686,740 776,740 865,734 955,734 1044,734 1134,728 1223,728 1313,728 1403,728 1492,722 1582,716 1671,710 1761,710 1850,710 1940,704 2030,698 2119,692 2209,686 2298,686 2388,680 2477,674 2567,674 2656,674 2746,674 2836,668 2925,662 3015,662 3104,656 3194,650 3283,644 3373,644 3462,650 3552,644 3642,644"/>
                <TextEquiv>
                    <Unicode>gesagt - ich bin ein Feind jedes Extrevi’s! Mir war diese</Unicode>
                </TextEquiv>
            </TextLine>
            <TextLine id="tr_1_tl_3" custom="readingOrder {index:2;}">
                <Coords points="3642,844 3983,935 4070,894 4212,910 4473,773 4698,807 4756,786 4773,590 4457,707 4394,649 4228,619 3945,686 3783,644 3650,690"/>
                <Baseline points="3665,806 3695,800 3785,800 3874,794 3964,788 4054,782 4143,782 4233,776 4322,770 4412,758 4501,752 4591,740 4680,728 4770,728"/>
                <TextEquiv>
                    <Unicode>Palisches Cabiert!</Unicode>
                </TextEquiv>
            </TextLine>
            <TextLine id="tr_1_tl_4" custom="readingOrder {index:3;}">
                <Coords points="358,956 2470,856 2781,956 3035,836 3351,873 3438,728 2781,686 2216,827 1775,719 948,844 603,744 362,877"/>
                <Baseline points="382,919 400,925 489,919 579,907 668,901 758,895 847,895 937,889 1026,889 1116,889 1206,895 1295,889 1385,889 1474,883 1564,877 1653,877 1743,871 1832,871 1922,865 2012,865 2101,859 2191,853 2280,853 2370,847 2459,847 2549,841 2639,835 2728,835 2818,829 2907,829 2997,823 3086,823 3176,817 3265,812 3355,806 3445,812"/>
                <TextEquiv>
                    <Unicode>tiefe Bemüt, Hochgeschätztes, ergebenst u. sär¬</Unicode>
                </TextEquiv>
            </TextLine>
            <TextLine id="tr_1_tl_5" custom="readingOrder {index:4;}">
                <Coords points="4835,923 4956,981 5080,935 5155,977 5322,877 5687,906 5708,698 5488,703 5334,748 5176,719 5043,773 4993,732 4848,769"/>
                <Baseline points="4860,907 4901,901 4991,895 5080,883 5170,871 5260,865 5349,859 5439,847 5528,841 5618,841 5707,835"/>
                <TextEquiv>
                    <Unicode>10 Auftritt</Unicode>
                </TextEquiv>
            </TextLine>
            <TextLine id="tr_1_tl_6" custom="readingOrder {index:5;}">
                <Coords points="4523,1123 4922,1152 5513,1023 5708,1073 6062,977 6344,994 6357,877 6178,811 5584,948 5326,877 5155,977 4885,1006 4719,923 4536,956"/>
                <Baseline points="4549,1092 4567,1092 4657,1080 4746,1080 4836,1074 4925,1068 5015,1062 5104,1056 5194,1050 5283,1044 5373,1032 5463,1026 5552,1020 5642,1009 5731,1003 5821,1003 5910,991 6000,985 6090,979 6179,973 6269,967 6358,967"/>
                <TextEquiv>
                    <Unicode>Trampel. Franziskarthur.</Unicode>
                </TextEquiv>
            </TextLine>
            <TextLine id="tr_1_tl_7" custom="readingOrder {index:6;}">
                <Coords points="316,1177 1509,1056 1850,1068 1991,1189 2636,1160 2819,1035 3002,1118 3480,985 3484,852 320,985"/>
                <Baseline points="340,1092 358,1092 447,1080 537,1074 626,1068 716,1062 806,1062 895,1062 985,1062 1074,1062 1164,1062 1253,1062 1343,1056 1432,1050 1522,1050 1612,1050 1701,1044 1791,1038 1880,1038 1970,1032 2059,1032 2149,1032 2238,1032 2328,1026 2418,1026 2507,1026 2597,1020 2686,1015 2776,1015 2865,1009 2955,1009 3045,1003 3134,997 3224,997 3313,991 3403,973 3492,973"/>
                <TextEquiv>
                    <Unicode>so weiter, eben sowie diese hochfliegende Pousiz</Unicode>
                </TextEquiv>
            </TextLine>
            <TextLine id="tr_1_tl_8" custom="readingOrder {index:7;}">
                <Coords points="3305,1102 3330,1093 3355,1110 3372,1093 3397,1098 3451,1081 3472,1052 3534,1093 3642,1081 3634,948 3563,944 3484,1010 3434,989 3368,1023 3338,1010 3301,1031"/>
                <Baseline points="3325,1056 3415,1044 3504,1050 3594,1062 3654,1074"/>
                <TextEquiv>
                    <Unicode>Pural</Unicode>
                </TextEquiv>
            </TextLine>
            <TextLine id="tr_1_tl_9" custom="readingOrder {index:8;}">
                <Coords points="3684,1368 5446,1314 6091,1168 6852,1226 6914,1014 6095,977 3696,1206"/>
                <Baseline points="3707,1343 3779,1325 3868,1313 3958,1313 4048,1307 4137,1295 4227,1295 4316,1289 4406,1283 4495,1277 4585,1271 4674,1265 4764,1259 4854,1253 4943,1241 5033,1235 5122,1223 5212,1218 5301,1212 5391,1206 5481,1200 5570,1194 5660,1182 5749,1176 5839,1170 5928,1164 6018,1164 6107,1164 6197,1164 6287,1164 6376,1146 6466,1134 6555,1128 6645,1122 6734,1116 6824,1104 6913,1104"/>
                <TextEquiv>
                    <Unicode>Trampel. Wie, du wieder da! – Theueris Fräulein hier</Unicode>
                </TextEquiv>
            </TextLine>
            <TextLine id="tr_1_tl_10" custom="readingOrder {index:9;}">
                <Coords points="2973,1197 3114,1260 3255,1189 3393,1293 3496,1202 3654,1214 3654,1089 3534,1098 3472,1056 3309,1118 3201,1052 3068,1081 3023,1118 2973,1110"/>
                <Baseline points="2997,1182 3086,1176 3176,1170 3265,1164 3355,1164 3445,1176 3534,1176 3624,1188 3665,1188"/>
                <TextEquiv>
                    <Unicode>genehm</Unicode>
                </TextEquiv>
            </TextLine>
            <TextLine id="tr_1_tl_11" custom="readingOrder {index:10;}">
                <Coords points="387,1272 894,1326 1322,1243 2016,1256 2050,1064 1705,1110 1501,1064 1397,1143 1297,1093 1123,1152 590,1085 391,1168"/>
                <Baseline points="411,1265 441,1259 531,1253 620,1247 710,1247 800,1247 889,1247 979,1247 1068,1247 1158,1247 1247,1241 1337,1235 1426,1235 1516,1223 1606,1223 1695,1223 1785,1218 1874,1218 1964,1218 2053,1223"/>
                <TextEquiv>
                    <Unicode>bleiben wir bei der Sache!</Unicode>
                </TextEquiv>
            </TextLine>
            <TextLine id="tr_1_tl_12" custom="readingOrder {index:11;}">
                <Coords points="3708,1517 4652,1451 4852,1551 5076,1447 5184,1534 5392,1393 6074,1351 6087,1185 5563,1218 5446,1310 5164,1247 4781,1380 4432,1297 3721,1389"/>
                <Baseline points="3737,1486 3755,1486 3845,1486 3934,1480 4024,1474 4113,1468 4203,1462 4292,1462 4382,1456 4471,1450 4561,1444 4651,1438 4740,1426 4830,1421 4919,1415 5009,1409 5098,1403 5188,1391 5278,1385 5367,1373 5457,1373 5546,1361 5636,1355 5725,1349 5815,1343 5904,1337 5994,1325 6084,1325"/>
                <TextEquiv>
                    <Unicode>ist mein Studiengenosse Arthur Refentlich</Unicode>
                </TextEquiv>
            </TextLine>
            <TextLine id="tr_1_tl_13" custom="readingOrder {index:12;}">
                <Coords points="349,1501 1409,1414 1617,1555 2819,1376 3422,1484 3571,1426 3575,1231 353,1322"/>
                <Baseline points="376,1426 447,1421 537,1415 626,1415 716,1409 806,1415 895,1421 985,1421 1074,1415 1164,1415 1253,1415 1343,1415 1432,1409 1522,1409 1612,1403 1701,1397 1791,1397 1880,1397 1970,1391 2059,1391 2149,1391 2238,1385 2328,1385 2418,1385 2507,1379 2597,1379 2686,1367 2776,1367 2865,1361 2955,1355 3045,1355 3134,1349 3224,1355 3313,1349 3403,1343 3492,1343 3582,1343"/>
                <TextEquiv>
                    <Unicode>Trampel. Ich bin verlegen - ich erröte - das Blut steigt</Unicode>
                </TextEquiv>
            </TextLine>
            <TextLine id="tr_1_tl_14" custom="readingOrder {index:13;}">
                <Coords points="3717,1734 4877,1717 5197,1588 5450,1705 5850,1555 6694,1501 6702,1380 5613,1364 5176,1534 5080,1447 4856,1547 4652,1451 3733,1526"/>
                <Baseline points="3743,1653 3755,1647 3845,1647 3934,1641 4024,1641 4113,1641 4203,1635 4292,1629 4382,1624 4471,1618 4561,1618 4651,1618 4740,1606 4830,1606 4919,1600 5009,1588 5098,1582 5188,1570 5278,1564 5367,1558 5457,1558 5546,1552 5636,1546 5725,1540 5815,1522 5904,1510 5994,1510 6084,1504 6173,1498 6263,1492 6352,1486 6442,1474 6531,1462 6621,1456 6710,1444"/>
                <TextEquiv>
                    <Unicode>Arther. Ich habe schon die Ehre das Fräulein¬</Unicode>
                </TextEquiv>
            </TextLine>
            <TextLine id="tr_1_tl_15" custom="readingOrder {index:14;}">
                <Coords points="382,1638 786,1596 915,1646 1010,1596 1243,1638 1297,1592 1326,1621 1480,1588 1484,1451 1426,1422 1314,1468 1256,1426 1160,1488 1014,1422 740,1547 615,1501 382,1505"/>
                <Baseline points="406,1600 411,1600 501,1594 591,1588 680,1588 770,1588 859,1588 949,1588 1038,1588 1128,1582 1218,1582 1307,1582 1397,1582 1486,1582"/>
                <TextEquiv>
                    <Unicode>wir in den Kopf.</Unicode>
                </TextEquiv>
            </TextLine>
            <TextLine id="tr_1_tl_16" custom="readingOrder {index:15;}">
                <Coords points="407,1879 773,1804 944,1908 1547,1754 1688,1863 2241,1721 3052,1817 3551,1730 3559,1526 886,1688 416,1621"/>
                <Baseline points="429,1809 519,1797 609,1767 698,1767 788,1767 877,1767 967,1761 1056,1761 1146,1755 1235,1749 1325,1743 1415,1743 1504,1743 1594,1737 1683,1731 1773,1725 1862,1725 1952,1725 2041,1725 2131,1719 2221,1725 2310,1719 2400,1719 2489,1713 2579,1707 2668,1713 2758,1707 2847,1701 2937,1701 3027,1695 3116,1689 3206,1683 3295,1677 3385,1677 3474,1677 3564,1677"/>
                <TextEquiv>
                    <Unicode>Schil. Schongut! Hoffen wir für die Zukunft das</Unicode>
                </TextEquiv>
            </TextLine>
            <TextLine id="tr_1_tl_17" custom="readingOrder {index:16;}">
                <Coords points="3700,1946 3804,1966 4012,1908 4045,1942 4133,1875 4295,1838 4353,1879 4461,1813 4569,1871 4698,1813 4794,1850 4827,1842 4835,1717 4623,1705 4432,1754 4315,1671 4099,1742 4016,1705 3883,1771 3717,1734"/>
                <Baseline points="3731,1832 3767,1832 3857,1827 3946,1832 4036,1827 4125,1815 4215,1809 4304,1809 4394,1803 4483,1791 4573,1785 4663,1773 4752,1773 4842,1767"/>
                <TextEquiv>
                    <Unicode>nicht zu kennen.</Unicode>
                </TextEquiv>
            </TextLine>
            <TextLine id="tr_1_tl_18" custom="readingOrder {index:17;}">
                <Coords points="3692,2091 4964,1954 5829,2021 6028,1892 6540,1854 6893,1933 6906,1742 6689,1642 6386,1788 5363,1750 5238,1854 5047,1775 3700,1946"/>
                <Baseline points="3719,2018 3779,2018 3868,2018 3958,2012 4048,2006 4137,2000 4227,2000 4316,2000 4406,1994 4495,1982 4585,1970 4674,1958 4764,1958 4854,1952 4943,1946 5033,1940 5122,1928 5212,1928 5301,1916 5391,1910 5481,1904 5570,1898 5660,1892 5749,1880 5839,1874 5928,1868 6018,1862 6107,1856 6197,1850 6287,1844 6376,1844 6466,1838 6555,1832 6645,1821 6734,1809 6824,1803 6913,1803"/>
                <TextEquiv>
                    <Unicode>Trampel. Erlauben Sie, daß ich glühend von Liebe.</Unicode>
                </TextEquiv>
            </TextLine>
            <TextLine id="tr_1_tl_19" custom="readingOrder {index:18;}">
                <Coords points="407,1979 2253,1912 2478,2021 3239,1871 3584,1950 3592,1730 407,1879"/>
                <Baseline points="429,1964 465,1958 555,1946 644,1946 734,1940 823,1940 913,1940 1003,1934 1092,1934 1182,1928 1271,1922 1361,1916 1450,1916 1540,1916 1629,1916 1719,1910 1809,1910 1898,1910 1988,1904 2077,1904 2167,1904 2256,1898 2346,1898 2436,1892 2525,1892 2615,1892 2704,1886 2794,1880 2883,1880 2973,1880 3062,1874 3152,1868 3242,1868 3331,1862 3421,1868 3510,1868 3600,1880"/>
                <TextEquiv>
                    <Unicode>Beste. Mochen Sie mir eine Geldeckung oder eine Erfin¬</Unicode>
                </TextEquiv>
            </TextLine>
            <TextLine id="tr_1_tl_20" custom="readingOrder {index:19;}">
                <Coords points="3717,2295 6274,2050 6315,1937 6033,1896 5841,2021 5517,2029 4515,1975 4012,2120 3738,2066"/>
                <Baseline points="3749,2215 3809,2203 3898,2197 3988,2185 4077,2179 4167,2179 4257,2173 4346,2167 4436,2161 4525,2155 4615,2143 4704,2137 4794,2131 4883,2125 4973,2119 5063,2113 5152,2107 5242,2101 5331,2089 5421,2083 5510,2071 5600,2071 5689,2059 5779,2053 5869,2047 5958,2041 6048,2035 6137,2030 6227,2030 6316,2030"/>
                <TextEquiv>
                    <Unicode>Ihren Geständnis meiner Liebe,</Unicode>
                </TextEquiv>
            </TextLine>
            <TextLine id="tr_1_tl_21" custom="readingOrder {index:20;}">
                <Coords points="420,2166 881,2245 1559,2112 1875,2203 2798,2062 3101,2179 3559,2058 3563,1942 3239,1871 2894,2016 2033,1908 424,2037"/>
                <Baseline points="441,2131 519,2125 609,2125 698,2119 788,2119 877,2119 967,2113 1056,2107 1146,2107 1235,2095 1325,2095 1415,2095 1504,2095 1594,2095 1683,2089 1773,2089 1862,2089 1952,2089 2041,2083 2131,2083 2221,2077 2310,2077 2400,2077 2489,2071 2579,2071 2668,2065 2758,2059 2847,2059 2937,2059 3027,2053 3116,2053 3206,2047 3295,2047 3385,2047 3474,2047 3564,2065"/>
                <TextEquiv>
                    <Unicode>dung. Entdecken Sie irgend ein neues Theil</Unicode>
                </TextEquiv>
            </TextLine>
            <TextLine id="tr_1_tl_22" custom="readingOrder {index:21;}">
                <Coords points="3783,2428 5442,2258 5966,2345 6178,2199 6461,2291 6681,2170 7080,2245 7097,2016 5114,2224 4640,2145 4440,2270 3792,2307"/>
                <Baseline points="3815,2358 3874,2352 3964,2352 4054,2346 4143,2340 4233,2340 4322,2340 4412,2334 4501,2322 4591,2310 4680,2304 4770,2298 4860,2292 4949,2286 5039,2286 5128,2280 5218,2268 5307,2262 5397,2256 5486,2250 5576,2244 5666,2233 5755,2221 5845,2215 5934,2209 6024,2203 6113,2197 6203,2191 6293,2185 6382,2179 6472,2173 6561,2167 6651,2155 6740,2149 6830,2143 6919,2137 7009,2131 7099,2131"/>
                <TextEquiv>
                    <Unicode>Franziska. Sobald Sie eine Seltenheit gefunden haben (06)</Unicode>
                </TextEquiv>
            </TextLine>
            <TextLine id="tr_1_tl_23" custom="readingOrder {index:22;}">
                <Coords points="453,2307 1846,2287 2108,2399 2461,2258 3496,2295 3642,2258 3646,2129 3126,2070 2935,2158 2794,2062 2070,2212 1576,2141 898,2253 636,2154 453,2241"/>
                <Baseline points="477,2298 519,2292 609,2292 698,2298 788,2292 877,2286 967,2280 1056,2280 1146,2280 1235,2280 1325,2274 1415,2268 1504,2268 1594,2262 1683,2262 1773,2262 1862,2256 1952,2262 2041,2256 2131,2262 2221,2256 2310,2256 2400,2256 2489,2256 2579,2256 2668,2250 2758,2250 2847,2244 2937,2238 3027,2238 3116,2238 3206,2227 3295,2227 3385,2227 3474,2227 3564,2227 3654,2233"/>
                <TextEquiv>
                    <Unicode>oder - nun, wir werden sehen! Dann bekommen</Unicode>
                </TextEquiv>
            </TextLine>
            <TextLine id="tr_1_tl_24" custom="readingOrder {index:23;}">
                <Coords points="3812,2603 5742,2407 6843,2440 6947,2416 6964,2216 3825,2424"/>
                <Baseline points="3839,2531 3916,2525 4006,2519 4095,2513 4185,2507 4274,2501 4364,2495 4454,2495 4543,2489 4633,2477 4722,2465 4812,2465 4901,2453 4991,2453 5080,2453 5170,2447 5260,2441 5349,2436 5439,2430 5528,2424 5618,2412 5707,2400 5797,2394 5887,2382 5976,2382 6066,2376 6155,2370 6245,2364 6334,2358 6424,2346 6513,2346 6603,2334 6693,2328 6782,2322 6872,2316 6961,2322"/>
                <TextEquiv>
                    <Unicode>Trampel. Tieferlieb! Ich bin ein Pechoogel! Es</Unicode>
                </TextEquiv>
            </TextLine>
            <TextLine id="tr_1_tl_25" custom="readingOrder {index:24;}">
                <Coords points="420,2482 740,2507 836,2465 919,2511 1068,2461 1472,2453 1667,2507 1705,2499 1709,2345 1301,2287 1147,2370 1035,2324 424,2337"/>
                <Baseline points="441,2459 465,2453 555,2459 644,2453 734,2453 823,2453 913,2453 1003,2453 1092,2453 1182,2447 1271,2441 1361,2441 1450,2436 1540,2436 1629,2436 1719,2436"/>
                <TextEquiv>
                    <Unicode>Sie meine Tochter!</Unicode>
                </TextEquiv>
            </TextLine>
            <TextLine id="tr_1_tl_26" custom="readingOrder {index:25;}">
                <Coords points="3817,2798 6432,2524 7105,2578 7155,2366 3829,2603"/>
                <Baseline points="3845,2692 3934,2692 4024,2686 4113,2680 4203,2674 4292,2668 4382,2662 4471,2656 4561,2650 4651,2650 4740,2644 4830,2633 4919,2627 5009,2621 5098,2615 5188,2609 5278,2603 5367,2597 5457,2585 5546,2579 5636,2573 5725,2561 5815,2561 5904,2549 5994,2543 6084,2537 6173,2537 6263,2537 6352,2531 6442,2519 6531,2513 6621,2513 6710,2501 6800,2495 6890,2489 6979,2477 7069,2477 7158,2477"/>
                <TextEquiv>
                    <Unicode>gibt keinen andere Ausdruck für meinen Unglück</Unicode>
                </TextEquiv>
            </TextLine>
            <TextLine id="tr_1_tl_27" custom="readingOrder {index:26;}">
                <Coords points="382,2657 1147,2632 1276,2731 1401,2623 2016,2707 3043,2594 3538,2682 3654,2665 3659,2416 387,2486"/>
                <Baseline points="406,2639 441,2639 531,2633 620,2633 710,2627 800,2627 889,2627 979,2627 1068,2627 1158,2621 1247,2621 1337,2615 1426,2609 1516,2609 1606,2609 1695,2603 1785,2603 1874,2603 1964,2603 2053,2603 2143,2603 2233,2597 2322,2591 2412,2591 2501,2591 2591,2585 2680,2585 2770,2585 2859,2585 2949,2591 3039,2585 3128,2579 3218,2579 3307,2573 3397,2573 3486,2579 3576,2591 3665,2603"/>
                <TextEquiv>
                    <Unicode>Trangel. Sie dies Glück erscheint mir wie ein Schiff¬</Unicode>
                </TextEquiv>
            </TextLine>
            <TextLine id="tr_1_tl_28" custom="readingOrder {index:27;}">
                <Coords points="3829,2919 4311,2964 4519,2848 5588,2756 5800,2856 6070,2736 7043,2790 7055,2590 6457,2528 5434,2594 5155,2731 4690,2765 4486,2661 3837,2765"/>
                <Baseline points="3851,2871 3922,2865 4012,2865 4101,2859 4191,2853 4280,2847 4370,2842 4460,2842 4549,2836 4639,2824 4728,2824 4818,2818 4907,2806 4997,2794 5086,2782 5176,2782 5266,2776 5355,2770 5445,2764 5534,2752 5624,2746 5713,2740 5803,2734 5892,2734 5982,2728 6072,2722 6161,2716 6251,2710 6340,2704 6430,2698 6519,2692 6609,2686 6699,2680 6788,2674 6878,2668 6967,2662 7057,2662"/>
                <TextEquiv>
                    <Unicode>Wenn ich nur eine Seltenheit finden u Es ist ein</Unicode>
                </TextEquiv>
            </TextLine>
            <TextLine id="tr_1_tl_29" custom="readingOrder {index:28;}">
                <Coords points="424,2815 674,2877 823,2802 1850,2786 1958,2881 2220,2765 2353,2873 2470,2769 2707,2786 2711,2648 2104,2628 1983,2727 1671,2611 1401,2628 1268,2731 969,2632 424,2686"/>
                <Baseline points="447,2794 477,2800 567,2800 656,2794 746,2794 835,2794 925,2788 1015,2788 1104,2788 1194,2782 1283,2782 1373,2776 1462,2776 1552,2776 1641,2776 1731,2776 1821,2770 1910,2764 2000,2770 2089,2764 2179,2764 2268,2758 2358,2752 2447,2752 2537,2752 2627,2752 2716,2758"/>
                <TextEquiv>
                    <Unicode>das fern auf Wellen sich hutscht¬</Unicode>
                </TextEquiv>
            </TextLine>
            <TextLine id="tr_1_tl_30" custom="readingOrder {index:29;}">
                <Coords points="3875,3135 4735,3014 5068,3077 5438,2948 5987,3002 6336,2852 6087,2786 5505,2910 5380,2815 5014,2823 4261,2985 3891,2919"/>
                <Baseline points="3904,3050 3928,3050 4018,3039 4107,3033 4197,3027 4286,3021 4376,3021 4466,3015 4555,3009 4645,3003 4734,2997 4824,2991 4913,2979 5003,2979 5092,2967 5182,2961 5272,2955 5361,2949 5451,2943 5540,2937 5630,2931 5719,2925 5809,2919 5898,2913 5988,2907 6078,2901 6167,2895 6257,2889 6346,2883"/>
                <TextEquiv>
                    <Unicode>Pfrahres milleure! Ein wahres milieure.</Unicode>
                </TextEquiv>
            </TextLine>
            <TextLine id="tr_1_tl_31" custom="readingOrder {index:30;}">
                <Coords points="437,3047 2220,2948 2603,3064 2960,2939 3172,3056 3596,2935 3600,2765 2657,2869 2465,2769 2353,2873 2208,2769 1750,2898 441,2815"/>
                <Baseline points="459,2979 471,2973 561,2973 650,2967 740,2967 829,2967 919,2961 1009,2961 1098,2961 1188,2961 1277,2955 1367,2955 1456,2955 1546,2955 1635,2955 1725,2955 1815,2949 1904,2949 1994,2943 2083,2943 2173,2937 2262,2931 2352,2931 2441,2931 2531,2931 2621,2931 2710,2937 2800,2931 2889,2925 2979,2925 3068,2919 3158,2919 3248,2919 3337,2913 3427,2913 3516,2907 3606,2907"/>
                <TextEquiv>
                    <Unicode>Phel. Dir, Crampus, - dir übergebe ich die Aufsicht</Unicode>
                </TextEquiv>
            </TextLine>
            <TextLine id="tr_1_tl_32" custom="readingOrder {index:31;}">
                <Coords points="3887,3235 4977,3168 5172,3293 6303,3072 6689,3168 7105,3077 7118,2856 3896,3135"/>
                <Baseline points="3910,3218 3982,3212 4071,3206 4161,3200 4251,3200 4340,3200 4430,3188 4519,3182 4609,3182 4698,3170 4788,3170 4877,3164 4967,3152 5057,3146 5146,3140 5236,3134 5325,3134 5415,3128 5504,3122 5594,3110 5684,3104 5773,3098 5863,3092 5952,3086 6042,3080 6131,3074 6221,3068 6310,3062 6400,3050 6490,3045 6579,3039 6669,3033 6758,3027 6848,3027 6937,3021 7027,3021 7116,3027"/>
                <TextEquiv>
                    <Unicode>Arthur Warum brauchst du denn immer diese fran¬</Unicode>
                </TextEquiv>
            </TextLine>
            <TextLine id="tr_1_tl_33" custom="readingOrder {index:32;}">
                <Coords points="407,3185 2025,3122 2761,3226 2931,3118 3654,3110 3659,3010 2511,3056 2216,2948 407,3126"/>
                <Baseline points="429,3158 441,3164 531,3152 620,3146 710,3140 800,3146 889,3140 979,3140 1068,3134 1158,3134 1247,3140 1337,3140 1426,3134 1516,3134 1606,3128 1695,3128 1785,3128 1874,3122 1964,3116 2053,3116 2143,3122 2233,3116 2322,3110 2412,3110 2501,3110 2591,3110 2680,3116 2770,3110 2859,3104 2949,3110 3039,3110 3128,3104 3218,3104 3307,3098 3397,3098 3486,3098 3576,3098 3665,3104"/>
                <TextEquiv>
                    <Unicode>über meine Tochter. Daß sie mir nicht aus dem</Unicode>
                </TextEquiv>
            </TextLine>
            <TextLine id="tr_1_tl_34" custom="readingOrder {index:33;}">
                <Coords points="395,3430 2062,3305 2470,3417 2707,3289 3505,3322 3659,3284 3663,3164 399,3222"/>
                <Baseline points="423,3337 447,3337 537,3331 626,3325 716,3325 806,3319 895,3319 985,3313 1074,3313 1164,3313 1253,3313 1343,3313 1432,3307 1522,3307 1612,3301 1701,3301 1791,3301 1880,3295 1970,3295 2059,3295 2149,3289 2238,3289 2328,3289 2418,3289 2507,3289 2597,3289 2686,3283 2776,3277 2865,3277 2955,3283 3045,3283 3134,3277 3224,3277 3313,3277 3403,3271 3492,3271 3582,3271 3671,3265"/>
                <TextEquiv>
                    <Unicode>Hause kommt. In den Garten darf sie gehn! Aber</Unicode>
                </TextEquiv>
            </TextLine>
            <TextLine id="tr_1_tl_35" custom="readingOrder {index:34;}">
                <Coords points="3812,3472 3962,3401 4124,3434 4291,3384 4353,3417 4552,3368 4710,3405 4910,3384 4927,3201 4868,3180 4781,3239 4528,3197 4370,3255 4207,3214 3829,3247"/>
                <Baseline points="3839,3415 3851,3409 3940,3397 4030,3391 4119,3385 4209,3379 4298,3373 4388,3367 4477,3361 4567,3349 4657,3343 4746,3331 4836,3331 4925,3325"/>
                <TextEquiv>
                    <Unicode>gösischen Wörter?</Unicode>
                </TextEquiv>
            </TextLine>
            <TextLine id="tr_1_tl_36" custom="readingOrder {index:35;}">
                <Coords points="3829,3667 5929,3488 6062,3580 6398,3451 7168,3517 7184,3276 3846,3426"/>
                <Baseline points="3857,3576 3868,3576 3958,3576 4048,3570 4137,3564 4227,3558 4316,3558 4406,3552 4495,3546 4585,3540 4674,3528 4764,3522 4854,3516 4943,3510 5033,3504 5122,3498 5212,3492 5301,3486 5391,3480 5481,3474 5570,3462 5660,3456 5749,3451 5839,3445 5928,3439 6018,3433 6107,3427 6197,3421 6287,3415 6376,3409 6466,3397 6555,3391 6645,3385 6734,3385 6824,3379 6913,3373 7003,3373 7093,3379 7182,3379"/>
                <TextEquiv>
                    <Unicode>Transpel. Hat in dieser Sprache nicht Dante seiner</Unicode>
                </TextEquiv>
            </TextLine>
            <TextLine id="tr_1_tl_37" custom="readingOrder {index:36;}">
                <Coords points="387,3526 798,3613 2440,3463 2707,3588 3679,3472 3679,3330 2707,3289 2465,3417 2274,3301 1659,3430 1085,3326 391,3451"/>
                <Baseline points="411,3498 465,3498 555,3498 644,3492 734,3492 823,3492 913,3486 1003,3486 1092,3486 1182,3486 1271,3486 1361,3486 1450,3480 1540,3474 1629,3474 1719,3474 1809,3468 1898,3468 1988,3468 2077,3474 2167,3474 2256,3468 2346,3468 2436,3462 2525,3462 2615,3456 2704,3462 2794,3462 2883,3462 2973,3462 3062,3462 3152,3451 3242,3451 3331,3445 3421,3445 3510,3445 3600,3445 3689,3445"/>
                <TextEquiv>
                    <Unicode>nur nicht aus dem Hause! Ja -ja! Eine uns in Unschuld ist</Unicode>
                </TextEquiv>
            </TextLine>
            <TextLine id="tr_1_tl_38" custom="readingOrder {index:37;}">
                <Coords points="3189,3588 3264,3580 3305,3546 3334,3555 3363,3530 3393,3538 3409,3521 3488,3584 3496,3575 3526,3584 3526,3472 3463,3476 3442,3463 3397,3472 3359,3459 3297,3480 3272,3467 3251,3488 3235,3472 3189,3488"/>
                <Baseline points="3212,3534 3265,3522 3355,3516 3445,3522 3534,3528"/>
                <TextEquiv>
                    <Unicode>Gner</Unicode>
                </TextEquiv>
            </TextLine>
            <TextLine id="tr_1_tl_39" custom="readingOrder {index:38;}">
                <Coords points="3833,3783 4207,3771 4324,3854 4706,3721 4864,3829 5467,3675 5629,3779 5804,3675 6003,3713 6020,3517 3837,3675"/>
                <Baseline points="3857,3773 3874,3773 3964,3761 4054,3755 4143,3749 4233,3737 4322,3737 4412,3737 4501,3731 4591,3719 4680,3713 4770,3701 4860,3701 4949,3695 5039,3689 5128,3683 5218,3683 5307,3671 5397,3659 5486,3654 5576,3648 5666,3636 5755,3630 5845,3624 5934,3618 6024,3618"/>
                <TextEquiv>
                    <Unicode>unsterblichen Messias gedichtet?</Unicode>
                </TextEquiv>
            </TextLine>
            <TextLine id="tr_1_tl_40" custom="readingOrder {index:39;}">
                <Coords points="370,3750 1646,3667 2486,3763 2877,3646 3713,3738 3717,3563 3151,3501 2802,3613 2440,3459 1813,3592 374,3526"/>
                <Baseline points="394,3677 406,3677 495,3677 585,3677 674,3671 764,3671 853,3671 943,3671 1032,3671 1122,3665 1212,3659 1301,3659 1391,3659 1480,3659 1570,3654 1659,3648 1749,3654 1838,3648 1928,3648 2018,3648 2107,3648 2197,3648 2286,3648 2376,3642 2465,3642 2555,3642 2644,3642 2734,3642 2824,3642 2913,3648 3003,3642 3092,3642 3182,3642 3271,3642 3361,3642 3451,3642 3540,3636 3630,3636 3719,3636"/>
                <TextEquiv>
                    <Unicode>bald verloren. Das muß ich wissen. — Wir Herr</Unicode>
                </TextEquiv>
            </TextLine>
            <TextLine id="tr_1_tl_41" custom="readingOrder {index:40;}">
                <Coords points="407,3921 1114,3862 1468,3979 1588,3871 2137,3846 2274,3975 2594,3842 2781,3941 2927,3842 3738,3875 3742,3787 3438,3646 2145,3775 1651,3667 819,3787 412,3708"/>
                <Baseline points="429,3868 435,3874 525,3862 614,3857 704,3862 794,3857 883,3857 973,3851 1062,3851 1152,3851 1241,3845 1331,3845 1421,3839 1510,3839 1600,3839 1689,3833 1779,3833 1868,3833 1958,3833 2047,3833 2137,3833 2227,3833 2316,3827 2406,3827 2495,3827 2585,3827 2674,3827 2764,3827 2853,3821 2943,3821 3033,3821 3122,3821 3212,3821 3301,3821 3391,3821 3480,3821 3570,3821 3659,3833 3749,3845"/>
                <TextEquiv>
                    <Unicode>Exempel, muß ich meinen ganzen Reiseplan mittheilen.</Unicode>
                </TextEquiv>
            </TextLine>
            <TextLine id="tr_1_tl_42" custom="readingOrder {index:41;}">
                <Coords points="3879,4070 4374,4037 4498,3950 4802,3896 5064,3987 5139,3933 5297,3979 5534,3912 5550,3713 5305,3692 5164,3783 4860,3833 4764,3754 4665,3812 4457,3787 4328,3862 4216,3779 3896,3821"/>
                <Baseline points="3910,3952 3940,3946 4030,3940 4119,3934 4209,3928 4298,3928 4388,3922 4477,3916 4567,3904 4657,3898 4746,3886 4836,3880 4925,3874 5015,3874 5104,3862 5194,3857 5283,3851 5373,3845 5463,3839 5552,3827"/>
                <TextEquiv>
                    <Unicode>Arthur. Du blauwirst dich.</Unicode>
                </TextEquiv>
            </TextLine>
            <TextLine id="tr_1_tl_43" custom="readingOrder {index:42;}">
                <Coords points="3862,4228 4656,4095 5297,4170 5729,4016 6814,4020 7047,3966 7059,3767 6648,3896 6195,3817 6016,3925 5064,3987 4802,3896 3875,4066"/>
                <Baseline points="3892,4137 3928,4137 4018,4131 4107,4125 4197,4119 4286,4113 4376,4107 4466,4101 4555,4095 4645,4083 4734,4083 4824,4071 4913,4071 5003,4065 5092,4060 5182,4054 5272,4048 5361,4042 5451,4030 5540,4024 5630,4018 5719,4012 5809,4006 5898,4006 5988,3994 6078,3988 6167,3982 6257,3976 6346,3970 6436,3958 6525,3952 6615,3940 6704,3940 6794,3934 6884,3928 6973,3922 7063,3916"/>
                <TextEquiv>
                    <Unicode>Trampel. Ich Unglückseliger 1 Blamiren ist</Unicode>
                </TextEquiv>
            </TextLine>
            <TextLine id="tr_1_tl_44" custom="readingOrder {index:43;}">
                <Coords points="437,4083 3438,4087 3600,4062 3600,3891 437,3916"/>
                <Baseline points="459,4042 477,4036 567,4042 656,4036 746,4036 835,4036 925,4030 1015,4036 1104,4030 1194,4024 1283,4018 1373,4018 1462,4018 1552,4018 1641,4012 1731,4018 1821,4012 1910,4012 2000,4012 2089,4012 2179,4018 2268,4012 2358,4012 2447,4006 2537,4012 2627,4006 2716,4012 2806,4006 2895,4000 2985,4000 3074,4000 3164,4000 3253,4000 3343,4000 3433,4000 3522,4006 3612,4006"/>
                <TextEquiv>
                    <Unicode>Morgen 9 Uhr in der Frühe sind Sie beim West¬</Unicode>
                </TextEquiv>
            </TextLine>
            <TextLine id="tr_1_tl_45" custom="readingOrder {index:44;}">
                <Coords points="3837,4444 4756,4286 5068,4419 6245,4166 6872,4332 7147,4257 7168,3954 3854,4228"/>
                <Baseline points="3868,4346 3946,4328 4036,4316 4125,4310 4215,4298 4304,4292 4394,4286 4483,4274 4573,4268 4663,4268 4752,4263 4842,4257 4931,4251 5021,4245 5110,4233 5200,4233 5289,4227 5379,4227 5469,4215 5558,4209 5648,4197 5737,4191 5827,4185 5916,4179 6006,4173 6095,4167 6185,4161 6275,4149 6364,4143 6454,4143 6543,4137 6633,4125 6722,4125 6812,4113 6902,4107 6991,4107 7081,4095 7170,4095"/>
                <TextEquiv>
                    <Unicode>mein Loost Wenn ich nur eine Seltenheit finde!</Unicode>
                </TextEquiv>
            </TextLine>
            <TextLine id="tr_1_tl_46" custom="readingOrder {index:45;}">
                <Coords points="420,4340 952,4228 3422,4270 3596,4241 3600,4074 424,4095"/>
                <Baseline points="441,4221 477,4221 567,4227 656,4233 746,4233 835,4227 925,4221 1015,4221 1104,4221 1194,4215 1283,4215 1373,4209 1462,4209 1552,4203 1641,4197 1731,4203 1821,4197 1910,4197 2000,4197 2089,4203 2179,4197 2268,4203 2358,4197 2447,4197 2537,4197 2627,4191 2716,4191 2806,4191 2895,4191 2985,4185 3074,4185 3164,4191 3253,4191 3343,4191 3433,4185 3522,4191 3612,4179"/>
                <TextEquiv>
                    <Unicode>bahnhofe. Bis jetzt ist das mein ganzer Reise</Unicode>
                </TextEquiv>
            </TextLine>
            <TextLine id="tr_1_tl_47" custom="readingOrder {index:46;}">
                <Coords points="565,4528 1214,4569 2145,4440 2561,4590 3314,4411 3455,4486 3455,4266 3347,4212 2727,4311 1601,4216 1006,4336 819,4236 570,4332"/>
                <Baseline points="591,4430 597,4430 686,4412 776,4412 865,4406 955,4400 1044,4400 1134,4400 1223,4394 1313,4388 1403,4394 1492,4388 1582,4382 1671,4382 1761,4382 1850,4382 1940,4388 2030,4382 2119,4382 2209,4382 2298,4382 2388,4376 2477,4382 2567,4382 2656,4376 2746,4370 2836,4370 2925,4364 3015,4364 3104,4370 3194,4376 3283,4370 3373,4370 3462,4376"/>
                <TextEquiv>
                    <Unicode>plan. Das übrige findet sich Cramper</Unicode>
                </TextEquiv>
            </TextLine>
        </TextRegion>
    </Page>
</PcGts>
