7320 4904
5428 224 5690 466 65
2145 254 2373 482 64
366 603 3674 831 Retzt muß hab' ich wieder kein Papier! Ich unglückseliger
3741 574 4372 827 Lady. Ni'Kil.
341 752 3583 1006 Hinaus auf die Berge, die luftigen Hohn, da ist es
3736 761 5507 1018 Lord. Was ist dir theures Lady?
320 923 3658 1222 so reizend, da ist es so schön, da blüfen die Verlesen, daß ist
3741 927 5470 1185 Lady. Neinbroche, mein Broche!
370 1151 3587 1388 die Ruine, - dahin möcht ich aden – dahier - dasins! (kalt
3724 1130 4634 1351 Lord was! Was!
3741 1255 5008 1513 Lady. Verlor! Verlor.
270 1326 528 1546 alo
3736 1438 6147 1704 Lord. Das kann sein gewesen auf dieses Berg.
1492 1442 2153 1729 3. Auftritt.
3749 1638 4559 1862 Lady, Ja, ja!
1043 1625 3076 1916 Lord Kantbrekly u. lady Kanterbuekly
2751 1725 3229 1904 geschwer
3749 1812 5399 2016 Kellner (kommt zurück. In geht.)
345 1829 3687 2078 Er mit Rylinder, Schleier, Plaid, Feldflasche, bergflöck, u. einem Resoluch,
1683 1953 2082 2107 terwohr
3749 1983 6475 2190 Lord (trinkt) Lady! Gott! In dieses Bier ist etuos.
378 2028 3678 2269 2. einem kleinen Koffen, Smarit Bergstock, unzähligen Schächel¬
3790 2132 6667 2394 Lady Was, was, mein theures Kanterbrekly.
366 2182 3051 2431 u. einem ungeheuern Hut. Ein Kellnerfolgt¬
3782 2336 4742 2519 Lord. Wasser!
332 2390 3633 2573 Lord. Stellner, auf Nr. zu eiund zu anzig. (Aeser trägt Raffe u. Thastelfort)
3749 2460 6870 2735 Lady. Komme lieber auf das Berg! Meine Broche!
332 2544 3466 2789 Uhr ullen nur sprach deutsch, um zu Bern dieses Sprach, theures Lady
3757 2689 6795 2938 Lord. Gleich! Gleich! Theures Lady! (Ist schnell.)
3379 2735 3628 2851 " "
353 2685 1808 2947 Lady. Ja, meintheures Lord!
366 2835 3616 3130 Lod. Wir wollen viel Berg steigen auf unseres Hochzeitsreif.
1621 3005 1912 3142 Sohn
332 3017 1941 3263 dady. Ja, mein lieb Gemäls).
382 3246 3034 3466 Lord. Setz dich auf dieser Deutsches Sessel, theures Frau!
353 3362 3346 3658 Laly. Ich macht Dir etwas sagen, aber ich kann nicht sagen es deutsch
341 3541 2012 3820 Land. So sage gar nichts! Kellner!
332 3716 981 3965 Kellner (kommt)
370 3886 2290 4165 Lord Kälberschnitzet mit compot und Bier
357 4086 898 4347 Keller (ab)
