7192 4776
1930 256 2148 445 30
281 407 3503 692 Arthur. Gestern kam nun in das Haus des Professors
310 638 3457 856 Philosophus ein Brief von unserm Studiengenossen
268 789 898 1007 schrampel.
277 961 1833 1217 Schmolkes. Der Trangel!
298 1120 3553 1418 Arth. Ein Brief, wie es keinen Dummengeben kann.
227 1321 3562 1531 Bald darauf kam er selbst und war beim die Hand
243 1456 3432 1754 meiner geliebten Franziska-Professur Schi¬
256 1628 3436 1946 losophus sprach ihm die Hand seiner Tochter zu,
227 1850 3473 2144 wenn er seine Seltenheit gefunden oder entdeck¬
294 2001 885 2282 höth.
306 2177 3046 2458 Moviz. Trangel. Er finden! Entdecken!
294 2328 3587 2630 Arth. Schuberredete Franzika mit mir zu entfliehen
264 2525 3503 2756 es seiner eine günstigere Zeit dagewesen als jetzt!
252 2660 3549 2978 Als wir nun besonders waren, trat der
289 2857 3486 3138 Professor herein. Ich war in der größten Ver¬
310 3025 3583 3264 legenheit, - sagte, ich wäre verheiratet und
285 3201 3541 3478 wohnte in Knopsheim. In welcher Straße Glau¬
222 3402 3301 3687 tete jetzt die Frage? Denn er wollte aber
268 3608 3452 3826 mit unserem Trangel eine Reise machen und
268 3767 3415 4052 auch Knorgsheim berußen. Da ich aber be¬
227 3927 3515 4145 konntlich keine Idee habe, wie hierzelau
306 4107 3373 4426 die Trasten heißen, redete ich mich aus,
5269 164 5449 336 31
3679 319 6804 743 seien in meinem Haus soll viel Höfe. Wiegen
3620 600 6960 902 u für daß ich es nicht auswendig wisse. Meinen
3641 747 6691 1078 Namen verändert ich ihn Moriz Schmolkes.
3645 919 5785 1250 Moritz. Mein Nam. Warum?
3650 1095 6989 1468 Arth. Er fiel mir eben ein. - Der Professor will
3629 1305 6989 1628 nun hier beim Bürgermeisteramt fragen, wo
3650 1426 6913 1712 Morn, Schmölkes wohnte Jsdachte, Frage nur!
3687 1619 6859 1984 Ein Morz Schmalkes wohnt überall anders,
3671 1795 6968 2148 mir einsten Knorpsheim! Mein Plan, und Frau¬
3721 1963 6989 2295 zeska zu fliehen, blieb fest. Zuerst ging ich natur
3666 2169 6888 2446 lich in meine Wohnung-dort fänd ich deinen
3713 2307 6901 2643 Brief. Es ging auf Mitternacht. Mit dem
3692 2492 6939 2832 Ritternachtszug fuhren wir beide fort - und -
3708 2681 5038 2970 Mörn. Ihr seid sa!
3713 2840 6855 3192 Arth. Ich bitte dich, mein lieber Freund, tritt
3700 3004 7027 3318 nur ein Zimmer wenigstens ab, daß sich von
3721 3176 6943 3562 ziskaverbergen kann, wenn der Professor
3734 3436 4329 3654 kommt.t
3708 3541 7085 3851 Moriz. Ich habe nun zwei Zimmer an Ganzen - Nun,
3771 3826 4245 4040 es sei.
3780 3927 7094 4174 Arth, Guter, lieber Schmolkes! Doch nach eine Frage,
3759 4057 7098 4443 woher soll ich eine Frau nehmen? Ich sagte ja, ich
