7288 4808
1965 304 2131 524 18
333 458 3621 770 Philos. (v. Draußen.) Ja, wenn er nicht da ist, wird er wo¬
345 703 1220 937 anders sein!
354 845 2210 1136 Arthur Lebewohl Adieu 7 (06.)
1782 1003 2510 1220 11. Auftritt.
1469 1157 2889 1478 Strampel. Philosophus.
358 1332 3388 1636 Pfel. Nun endlich sind ich Sie. Haben Sie sich schon
358 1523 2027 1819 meine Sammlung angische
345 1686 1948 1981 Trampel. Ich habe es gewagt,
383 1873 2589 2160 Phel. O da sind Prachtstücke darunter.
375 2052 2027 2319 trämpel prächtige Prachtstücke.
383 2219 3576 2535 Phil. Auf dieser Reise werde ich wieder Tagebuch fuhren.
458 2414 1190 2685 Heute ist der
2110 2464 2989 2735 in t
395 2481 1586 2830 Trampel. Der 7 Juli.
362 2756 3588 3030 Schil. Der 19. tschick-Tschenk. Sie müssen wissen, ich
425 2918 3496 3205 rechne nach dem chinesischen Kalender. Heute ist in
412 3076 3555 3392 fina der 19. Ischink - schank des Jahres 47 v. Chl. Gel¬
395 3255 2210 3563 Tramgel. der 19. Iphink - Eschank.
400 3434 3605 3742 Phil. Morgen ist der 20; morgen wird das erstemal
383 3626 2527 3909 wieder etwas hineingeschrieben, -
395 3692 3268 4104 Twampel (E. f.) Wenn ich mir eine Seltenheit finde!
404 4033 674 4242 24/
1686 3992 2181 4246 (Pause)
978 4183 3126 4479 Nun, so sprechen Sie dächetweis.
462 4171 866 4466 Phil.
5157 196 5399 408 19
3667 321 5016 645 Trampel. Sprechen?
3630 466 6335 870 Schw. Erzählen Simon ihrem Vorleben.
3646 641 6352 1020 Krangel. Ich habe gar kein Vorleben!
3671 762 6989 1170 Phol. A, - da sind Sie eine interessanter Menscht
3750 1011 5474 1332 Ich muß Sie untersuchen!
3771 1161 5557 1494 Trampel Untersuchen?
3671 1265 6993 1711 Phel. Ich bin ein Naturforscher; - folglich muß ich
3663 1469 6931 1873 jedes Maturprodukt einer Untersuchung
3651 1761 4724 2023 unterwerfen.
3730 1861 6452 2189 Trampel. Also bin ich ein Naturprodukt?
3738 1961 6935 2414 Phil. natürlich 1 Alles, was hier wandelt auf
3659 2194 5952 2547 der Erde, ist ein Naturprodukt.
3767 2348 6939 2739 Kranz. Hätte das nicht Zeit? Ich muß jetzt
3700 2485 6960 2889 auf den Flügeln des Stundenwinds nach Hause
3721 2739 6061 3101 eben, um mich für die Reise zu rüsten.
3809 2880 6564 3263 Phil. min, so fliegen Sie. Morgen 9 Uhr.
3821 3072 6065 3463 Exampel. Ich habe die Ehre' (Ab.)
5012 3230 5982 3480 12. Auftreff.
3809 3384 4200 3634 Pfehl
4637 3417 6364 3767 Philosophus. Crampus
3755 3659 5370 3963 Cramgis. Euer Ehnaden!
3805 3834 5544 4192 Schil. Was willst du?
3788 3942 7139 4400 Cramgus. Wir lang bleiben Ew. Gnaden aus¬
