7272 4872
5309 164 5566 362 35
4237 349 6066 706 Aus der düngfigen Salonen
135 450 3401 900 Grangel. Gott sei Dank!   Ich bin in fürchter
4225 568 5839 891 Wo die Residenz ler wohnen
181 731 3313 1101 licher Aufretzung! Wenn ich uurem Seltenheit
4208 740 6133 1114 Siehe ich intels die Klüssten,
160 900 3506 1286 finde! Ob ich nur alles da habe! (Sieht in u. Schachtete)
4250 937 6125 1274 Stüge ich in yimmelslichten.
198 1047 3287 1467 Gebt, jetzt hab' ich gar meinen Hut zu Hans
3746 1051 6940 1375 das war einmal ein genialer Vers. Jetzt
185 1223 3334 1652 vergessen? - Ausin? Ich hab ihn auf dem Rogß und
3704 1227 6886 1648 muss ich ein schnelleres Versmaß wählen
231 1383 3321 1837 sonst alles da? Carkje mein Gedichtbüchlein
3804 1442 7008 1858 So ungefähr! (Sehr schnell) Laalolobolola
223 1593 3392 1904 und hier das Gedichterbuch von Schiller! Der
4616 1627 6079 1879 Fortwill ich reuen,
3746 1719 4040 1955 etc.
265 1770 3334 2173 hat beinah so schon gedichtet wie ich. In dieses
4683 1791 6352 2056 Liebchen, thunicht Elemmer
4574 1946 6982 2228 Bald komm ich zurück aus West und Ost
286 1963 3477 2262 wiflach fom komor mam Ringedicste: das
4582 2077 7100 2451 Du wirtht dir freudig an meine Brost.
227 2102 3569 2493 erste Gedicht muss sein. Abschied. (Will schreiben)
4691 2308 6604 2644 daß ich auf ewig bei dir bleibe
223 2354 3455 2644 jetzt muß ich mich in partische Stimmung ver¬
4612 2463 6793 2850 Und zuletzt einen Ruß der Leibes
324 2510 3426 2812 setzen (Nimmt aus der Tasche ein Stück Räse)
3851 2644 7008 3006 Genial! Wirklich gemal! Aber ich bin auch
336 2640 3502 2959 Nun, — es wird im mehreren Abtheilungen zer¬
3834 2854 7134 3207 erschöpft! (Athmet tief) Ein würdiger Anfang. Aber
277 2808 3447 3224 falten. mein Gedicht eimlich. Den Räse
3792 2993 6970 3401 jetzt - im bisher in die Restiläution. (Ab.)
277 2997 2497 3409 ess'ich auf einmal. (Schreibt.)
5082 3186 5995 3485 6. Auftritt.
773 3203 2316 3498 Lebe wohl, & Residenz.
4490 3338 6671 3704 Schalk, Walk (kommt, allein.)
277 3355 3523 3741 denz, Renz, Herz, Schmerz, Lenz! Ja! Lenz¬
3788 3498 7155 3956 Ach wieder einmal hinaus in die freie Luft! Hinaus
975 3540 2535 3867 tebe wohl. & Residenz,
3846 3708 7235 4103 Hinaus! Wieder einmal in die idyllischen Triften
904 3720 2278 4002 Indem - in dem
3834 3859 7104 4216 Der Alpen! Hinaus! Hnaus! Ach, mein Jugend
328 3914 2556 4271 Die Verzeile geht mir nicht zusammen
3123 4044 3296 4183 u
3838 4031 7092 4477 aufenthalt war so ötyllisch! Weiln einmal
1068 4057 3056 4347 Indem schönen neuendem
404 4233 3670 4649 Jetzt ist der Dichterborn geöffnet; jetzt Elmsieder
