7368 4792
1873 262 2191 455 52
275 485 3566 842 x+y+z zum Quadrad, kleine Klammer zur hten Potenz
266 735 1276 997 die unendlich.
228 864 2041 1194 Malk. die sprechenbezaubernd.
262 988 3450 1332 Prangel.  Cheer will ich alles anvertrauen; denn Sie
2182 1169 2797 1310 schreibe an
133 1164 3583 1547 allein erkennen meintheure! Ich bebesichtige eine Buch heraus¬
185 1345 3579 1736 zugeben " Der Schalismus in Formeln. Ich will, daß der Ideeleisten
228 1590 2337 1843 an den Realisten verstanden werde.
266 1736 3566 2006 Walk. Wunderbar! Wunderbarn! Lassen Sie mich das lesen!
249 1882 3544 2281 Trompel. Ich habe erst der Titel geschrieben. - Doch Sie
228 2101 3592 2432 sollen alles wissen. Ich schreibe auch an einem Gedichten
288 2320 889 2595 sammlung,
335 2462 2178 2732 walk. Ah! Lassen Sie mich's lesen.
339 2565 3493 2887 Crampel. Die Sammlung umfasst bis jetzt bedeinlicher
378 2762 3532 3102 Weise erst vor. Gedicht: Aber nehmen Sie es (Gibbcher sein
322 2939 3153 3265 Notsbuch.) Und ich schreibe auch an einem Theaterstück.
395 3098 3643 3467 Valk. Götblich! Göttlich! Zur eten Potenzverwandlich
352 3360 1461 3630 geben Siens nur!
387 3493 3501 3819 Trangel. Ich bin bis jetzt leider nur bis – zum Titel und zum
412 3673 2006 3961 Personen verzeichniße gediehen.
400 3841 3678 4172 Malk. Achso! Achst! Aber ich fühle mich gedrungen, ihnen nochmals
425 3987 3686 4322 zu sagen, wie sehr ich ihr genie verehre. Ich liebe das säntische
327 4180 2977 4554 Trampel. Das köntische Jakousie ist das einzige!
5276 95 5503 318 53
4808 374 5491 657 16. Auftricht.
4189 541 7042 855 Vorige, Philosophus Schaut. Augenscherf. Tropps klopps. Freund
3678 773 4777 1023 ziskar Grichtsderer.
3729 937 5903 1207 Walk. Was wäre das höchste Ideal für sie?
3716 1108 5950 1422 Kl. da sitzt der Hundwunsch, der Wüßling!
3712 1250 7054 1534 Zwekung des höchten Idaal läßt sich nicht ausdrucken. (Mit demischen
3742 1401 7003 1757 Handbewegungen.) Es ist ein Himibergreifen vom Erhabenen
3712 1585 7046 1839 ins unendliche mit einem Etwas, daß sich zu meiner ausgerich¬
4704 1813 4906 1916 ver-
3682 1830 6878 2058 lichen Abstraat nur wandelt. Ich werde eine Formel dafür
7067 1826 7235 1985 my
3716 1950 6092 2268 erfinden! - Aber was ist ihr höchstes Idaal?
3725 2135 7085 2432 Walk keine Idrale gehre nicht so hoch! An der Seite eines liebens
3733 2337 5796 2629 Weibes möcht ich durchs Leben gehn.
3716 2509 5108 2788 Rheil. Sohn Sie, sehe Sie!
3712 2668 7003 2921 Pespul. An der Seite eines lieben Weibesmöchte er durchs
3738 2870 5826 3136 Lebengehn. Schreiben Sie, Augenscharf
3751 3042 7067 3321 Tramgel. Das Idnal eines Reibes habe ich schon gefunden in der
3759 3196 6174 3489 Rechter des Herrn Professors Philosophus.
3789 3347 7054 3669 Phol. Was der gute Malk wie für Gesicht machen wird
3759 3553 7123 3849 Sehen Sie sehen Sie Er verzicht schon den Munde Und wie er
3764 3716 6999 4013 seine Augen verdreht! A. Er hat sogar den Sessel gerückt
3751 3884 6964 4185 Transpel. Haben Sie vielleicht schon Ihr Beal gefunden?
3768 4081 6642 4447 Welk. Ich will es ihrer gestohlen! Mein Idrol ist
