7432 4984
5444 253 5694 515 93
2011 410 2315 688 96
3814 676 4304 942 and in G
342 688 3725 1115 die Sache geschwind abzumachen; ein Schwedé de son
3966 748 7037 1064 benugbart. Hr, junger mann. Hiemit arreten ich sie
355 879 3696 1238 einem Fürsten abgesandt, um ein durch über mich
3920 904 7185 1276 nach § 221, Absatz 2, zeile 4 im 4 Band, 2 Buch,
367 1031 3738 1466 zu schreiben. - ich habe nicht viel Zeit! Weill
3953 1136 7235 1347 Gabtheilung, 4. Theil, b. Kapitel, §24, Absatz
393 1221 3742 1601 Trangel (mit Todesmut und Unerschwäcknhelt)
3924 1335 5664 1635 9 unsres Gesetzbuches
401 1415 3028 1757 Mein Herr, ich liebe ihre Tochter.
5854 1449 7231 1715 to - in -:- &c
3953 1508 5520 1778 Trampel. A - rre
427 1559 3776 1930 Philo. Die Franziska? Wie kommen Sie dage¬
3941 1635 7218 1956 Schnauzbart. Jedem Sie diese Rittmeisterinn¬
431 1761 3050 2141 Trampel. Dich liebe sie unendlich
3996 1820 7265 2091 form ganz unerkanbt tragen, was man
482 1972 3641 2277 Piel. Bitte - bitte. Hat nichts zu sagen.
3928 1998 7252 2327 1) an Ihrem linkischen Betragen gesehen
389 2154 3654 2420 Traungel. Geben Sie sie mir zur Frau; ich
3924 2112 7286 2475 hat, 2.) an Ihrer ganz falschen Salutirung
351 2327 2441 2653 will sie glücklich machen
3915 2340 7261 2631 auf der Straße 3.) daran, daß Ihr Säbel
431 2454 3746 2864 Phil. Sie wird dann die Treifrau von G.
3941 2509 7286 2771 lich der rechten, statt auf der linken Seite
4017 2691 7265 2961 Sangt, 4.) daß auf der Rückseite Ihres
490 2821 921 3003 sein.
4084 2855 7193 3193 tockas) an knogf fehlt (Trangel Pust
520 2855 2032 3164 Trampel (sichs) Ja.
4338 2995 7299 3303 versucht auf seinen Rücken zu sehen) und
482 3045 2995 3345 Phil. Sie vergeben schon - aber -
3907 3142 7235 3544 daß Ihr Huf auf der Oberseite einen Flett
1829 3185 3007 3463 7. Aufträtt.
642 3286 3865 3675 die beiden Directives Schnauzbart und Knausin¬
4304 3383 7252 3725 (Traugel unter E den Heil, macht ein
2568 3493 3831 3784 kommen hereinmarschick
4177 3582 5618 3861 rdutzter Gesicht.
452 3687 3848 4084 Schnaugebart. Sie sind Professor Philosophus
4182 3721 7294 4093 an sprich. Also, gesehen Sie jetzt, wie
4135 3975 4697 4211 Sir Genl
600 3958 1385 4266 Gesch. Ja.
4059 3953 7345 4465 Schnangbart. Widrig erfalls wurde das
574 4093 2695 4410 Rehngb. Und der Mensch
773 4186 3696 4646 Eil. Sagt mir, er sei der Rittmeister
