7208 4680
5295 130 5492 337 47
3721 366 5732 665 Franziska- Walk, Herr Walk!
257 362 3590 724 Phil. Wie! Wann! Wo! Und Sie, Fräulein Malphopfen,
3737 539 6065 859 Pfel. Und wo ist dieser Walk.
240 623 1515 913 was sagen Sie dazu?
3754 762 6961 997 Franzk: Er-er- er- ist nieder entflehen.
215 779 3523 1098 Klogge. Ich bin im Stande und eheiraten Sie, wenn Sie nicht
3712 922 5753 1208 Rhil. Wie ist sein Vornomme?
185 972 1545 1279 die Wahrheit sagt!
3712 1082 4954 1397 Arthur (Seise) Fritz.
156 1044 3540 1439 Fd Mall - Nun, tiefer Herr fällt mein Schmolkes:
3737 1254 4853 1532 Franzk Fritz!
156 1317 901 1570 natürlich!
3746 1435 5795 1759 Phil. Wie kam er ins Haus?
253 1448 3598 1763 Rhil. Bin ich verrückt! Wo steht mir der Kopp?
3763 1625 6982 1894 rank. Ich war gerade im Garten, als er mich auf
231 1671 1431 1944 Hab ich geträumt?
3708 1780 7037 2062 mich zudrängend mich - - entführte. Aber auch un¬
253 1839 2955 2142 Schput. Die Polizei gibt nichts auf Träume.
6376 1902 7003 2104 held in this
3695 1940 6915 2210 Krkhur. Optime (Optime! Der gute Walk traunde
286 1982 3451 2298 Phil. Aber, - Dieser Herr war in meinem Hause¬
3678 2138 7058 2416 sichs jetzt wohl nicht in fernen Landen daß
244 2180 2820 2500 ichweis gar nicht - Mir schwindelt!
3641 2306 6797 2559 man jaar so mit fønden namen speelt.
227 2344 3384 2639 Franzk. Aber, lieber Papa, dieser Herr hat mich
3683 2454 6944 2774 Phil. Nun, meine Herren, Sie können Gott
227 2508 3439 2841 gar nicht entführt und eben sowenig dieser. Ich
3662 2626 6961 2997 danken, daß Sie meine Tochter nicht entfährt
269 2689 2795 3013 weiss gar nicht, was zu von mir willp!
3666 2841 4331 3102 haben!
261 2879 3186 3161 Rhil? Was - Wie kämst denn du daher?
3721 3009 6970 3308 Arthur. Größte dich, Franziska, wir sehen
261 3068 3342 3401 Auf (liche) Franziska; - das war ein gescheidter
3670 3194 4453 3422 Mrs noch!
269 3253 867 3497 Pürfall
3683 3321 7050 3645 Phil. Nun kann ich wenigstens meine Naturforschä¬
248 3405 3026 3704 Franzk: Ach man hat mich entführt.
1460 3561 1949 3716 alschen
3708 3510 6873 3843 fortsetzen, und du, meine theure Taster, hast
244 3573 3523 3880 arth. da es mit Kollegenkamen so schlecht abge¬
3051 3737 3569 3914 sagschen
3683 3666 6970 4003 nun wieder Hoffnung, den Herrn Trangel zu
227 3746 3582 4074 laufen ist, so nehmen wir jetzt andere Professi¬
3763 3885 7037 4179 heiraten. Du bist ja noch unschuldig. Du wirst
185 3935 2837 4200 Wennanten: Franziska, sagt Walks¬
3712 4032 6519 4402 vielleicht Herrn Frampel heiratin!
240 4099 3384 4453 Bhil. kein Kind, wer hat dich entführt u.
