7288 4808
4727 307 5516 640 2 Auftritt:
224 399 3564 764 wegen seiner Rauschheit und Reinheit Endesgefertigter
4461 498 6496 831 Philosophus-Nikolaus Cramques.
224 573 3439 939 bittet mit den flehendlichen Worten der Liebe um
3647 673 7003 1022 Phil. Mein lieber Nikolaus Crampus! Theeise forte Und
6139 822 6596 972 reife.
216 814 3572 1122 der töchterliche Hand. Endtsgefertigter schwebt
3630 881 6920 1205 zwar bleibe ich nicht hier - sondern gehe zu Fuß
233 997 3398 1279 in Angst und Sorgen, während er sich in der
3639 1080 5533 1371 in ferne Gegenden und Leute
299 1113 3464 1487 höchsten Achtung verhoorend verbleibt dero
3630 1213 6953 1537 Cramgus. Was - Herr Professor! Sie gehen sogar in
307 1321 3481 1686 unterthänigster deiner Theodor Friedrich August Wie¬
3672 1446 4918 1686 die Leute hinein.
291 1504 2102 1828 helm Victor Trampel.
3655 1437 7086 1869 Schil. Was hab ich gesagt? In die Leute - zu Leuten
357 1670 3605 1936 Der Trampel! Ein ganz guter Mensch. Aber ich kenne ihr
3689 1753 7012 2044 Weißt du - mein Kopf ist so voll und thut mir
299 1828 3630 2093 noch nicht genau! Noch gar nichst genau. Ich muß ihn
3647 1911 7036 2251 so weh, daß ich nicht weiß, wo wir der Kopf steht
299 2010 3547 2343 können lernen, viel besser kennen lerneen. Ich
3647 2102 7053 2426 Cramgus. Fragens nur mich immer, Herr Professor,
316 2218 3564 2525 hoffe, die Geschäfte wird sich machen. Übrigens
390 2334 5807 2692 habe ich jetzt keine Zeit, mich mit so unwichtigen ich werds ihnen schon sagen
3705 2434 7070 2758 Phil. Crangus, du mußt jetzt alles in Ordnung habe
3099 2476 3365 2633 wir
349 2542 3514 2866 Angelegenheiten abzugeben. Ich muß jetzt
3630 2592 7020 2866 wenn ich weg bin, meine Käfersammlung, meinen
324 2725 3531 2999 mir alles zusammenrichten zu meiner bevor¬
3680 2808 7012 3140 Nasmud zähne, meine Tochter, mein Herbarium
341 2899 3622 3215 stehenden Reise Halt - da fällt mir etwas ein¬
341 3007 6496 3348 Schbin neugierig, was der Trangel für ein Mensch meinen tietenfisch, - xxx Haus¬
3647 3132 7095 3448 Cramgus. Ja, Herr Professor, ich weiß nicht recht,
349 3257 3589 3572 ist! Ich nehme in ganz einfach auf die Reise mit
357 3365 7053 3664 da wird sechs zeigen. Doch jetzt muss ich da alles was ich eigentlich thun soll. Aufs ich den Tinten¬
2276 3497 5292 3896 Crancoas! Cramquus fisch täglich auskehren?
291 3630 1745 3929 in Ordnung bringen
3689 3680 7161 4004 Phil. Dummkopf! Du mußt täglich sehen, ob kein
3697 3855 7128 4179 Stück von allen meiner Kräparaten, die ich
3689 4096 5466 4478 dir genannt habe, fehlt.
