7400 4856
5531 210 5846 416 77
1890 273 2121 504 76
3856 601 7241 861 Trampel. Thut nichts, - ich heirate" sie doch! Wozu hätte
445 567 3759 911 Speoren Sie ihn nur ein! Der Kerl verdent nichts
3830 760 6061 1037 ich sonst eine Seltenheit gefunden!
412 815 3616 1096 andres. Und für sein Flucht-doppelte Strafe.
3902 907 7140 1235 Phil. Geh'r Sie mir jetzt zum Kukuk mit
454 1008 3759 1222 Trampel (komt gelaufen.) Herr Professor 1
3910 1088 7111 1390 Ihrem Soldaten Seltenheit. Ich habe andere Dinge
412 1121 2890 1361 St Eine Seltenheit! Eine Seltenheit!
449 1323 3751 1646 Arthur. Franziska, - es kann keine günstigen
3860 1310 4460 1592 im Kopf.
3956 1436 7211 1764 Trampel. Sie, Walk - à propos - Sie haben
382 1495 3545 1802 Gelegenheit geben. Jetzt kommst du mit wir,
3927 1646 7161 1919 noch meine sämmtlicher Werke! Her damit!
420 1701 1470 1982 oder es ist aus
3919 1789 7111 2096 Sphil. Aber - wo ist dieser Schmölker -? Alle
487 1861 2680 2138 Fryk. Ich sehe es selbst ein!
3944 1987 6283 2247 Wetter... Wo ist dieser Schmolks
1361 2041 2957 2314 (Beide im Gewichl ab.)
3940 2129 7241 2470 Volk. Sehen Sie jetzt ein, daß ich Ihre Tochter nicht
3482 2213 3641 2415 ?
508 2197 3091 2428 Trampel. Und Sie da, Herr Welt¬
3860 2327 5107 2659 entführt habe?
483 2381 3637 2650 Se? Und - - O Herr Professor, hier
4649 2470 6884 2776 Augendreh und eine Stiege Rentein
470 2520 3776 2864 ist eine Seltenheit! Me Ihre Tochter ist meine
4381 2663 6376 2902 mit Arthur u. Franziska.
491 2772 949 2969 Frau!
3906 2856 7237 3146 Augendorf. Wir haben mal diese chottlosen Leute
521 2894 3734 3196 Phil. Mein Tochter, zum Teufel, wo ist
3889 3011 7207 3272 einsefonchen und übercheben so mal dem
458 3074 3755 3373 das Nädel!? Schon wieder fert! Bin ich dann
3944 3200 5750 3478 Vater zur Bestrafung.
407 3268 1168 3507 verrückt?
3986 3352 6552 3675 Traungel. Ah - Collega Tiefenlieb.
491 3461 3557 3709 Schgut. Da kenne sich ein Mensch aus!
3956 3545 5351 3835 Phil. Tiefenlieb?
563 3591 3713 3914 Jchil. Ja meine Töchter- u. der Herr Gendker¬
3944 3721 5695 4024 Arbh. (¼) Mich schwindelt.“
470 3767 2495 4070 Wieder auf und davon?!
4003 3864 7283 4150 Strompel. Nun wir denn? Wie kommst du daher,
1655 3944 3751 4246 Ein großer Auflauf von Leiden)
4011 4095 4880 4372 Stiefenlüb.
483 4179 3818 4444 Pfil. Da meine Tochter ist ja schon wieder beim Teufel
