7208 4744
248 198 6892 726 Cramquis. Es war ein Herr Dienißen und läßt sich anmelden geehrtester Herr Professor Philosophus  - — zwei
3656 479 6851 784 kurz gesagt - denn unterthänigste bemerkt
297 636 1676 883 da ist seine Visitkarte.
3632 718 7016 1098 bin ich kam Freund von vielen Worten noch
281 776 3541 1106 Phil. (Cust) „ Theodor Friedrich August Wilhelm Victor
1032 933 1618 1098 absolachter
3623 875 5018 1164 bui ganz depravert!
264 966 3574 1230 Exempel, Studiosus der Naturkunde ander Univer¬
3623 1040 5373 1337 Philos. Sie sind Herr Trampel?
305 1098 3425 1453 sität zu Schmipsowitz. Höle ihn herein! Ich bin
3590 1073 6983 1461 trangel. In ergebenster Hochachtung verbleibe ich den o
272 1304 3087 1626 sehr neugierig ihn kennen zu lernen.
3623 1378 6950 1634 tief ergebener Theodor Friederich August Wilhelm
322 1502 1279 1775 Crampus (ab.)
3665 1568 4985 1824 Victor Trangel.
297 1527 3574 2014 Pfil. Ob er wohlwerth ist, meine Tochter zu besitzen.
3665 1775 5208 2039 Phil. Sie kommen wegen
3632 1874 7016 2195 Trampel. Mögen Dero Hochwohlgeboren den Namen
1585 2006 2542 2286 3. Auftritt.
3640 2055 6900 2352 dieser heikeln und delicaten Sache - was sage
1296 2162 2905 2443 Philosophus. Grampel.
3673 2220 6900 2559 ich heikalte und delicaten Sache, dieser um
264 2311 3574 2633 Trampel (verbeugt sich unzählige Mal.) Ich habe wohl
3648 2377 7040 2707 mich in Pönsie auszudrücken. - Denn ich wege
272 2526 3557 2831 die unschätzbare Ehre, den Professor Franz - Jakob
3681 2567 6941 2897 es mit dem tiefsten Erröthen zu gesteh'n,
264 2649 3615 2980 Joseph-Jakob-Joseph - verzeihen Herr Professor¬
3673 2633 7016 3054 daß ich mich von kindheit auf immer und
272 2864 3574 3178 ich bin ganz depravirt, dass ich die übrigen Namen
3640 2914 6603 3235 immer mit der Dichtkunst beschäftigte
281 3029 3590 3310 nicht behalten habe – geehrtester Herr Professor
3656 3095 6950 3450 um mich also in prätischer Art und Weise
355 3202 3632 3508 Philosophus - es ist mir das allerhöchste Vergnügen
3681 3285 7016 3582 aus zudrücken - der süßesten Angelegen¬
347 3392 3615 3698 den zweiten Varwin- was sage ich - den zweiter
3681 3450 7040 3788 heit meines Lebens - - verzeihen Hochwohl¬
314 3590 3508 3879 dacum - den ersten Philosophus mit dem für
3681 3623 7007 3995 geboren - ich habe den Anfang des Satzes
355 3780 3442 4061 eigenen Augen zu sehen. - Wie gesagt
3673 3846 7007 4193 unterthänigst vergessen — ich bin ganz
347 3978 3557 4251 ich bin ganz verlegen ich eröthe — das
3772 3987 7123 4383 verlegen ich eröte, das Blut steigt mir in
338 4119 3640 4432 blatt steigt und in den Kopf — — kann, höchst
