7224 4792
1922 294 2158 488 42
1460 480 2225 740 10. Auftritt.
1127 660 2932 984 Vorige. Frl. Malzhopfen.
223 799 3415 1186 Arthur. O zum Teufel (Wie bringen wir die jetzt hinaus¬
223 1001 3243 1396 Fol. Malch. A guten Tag! In schöner Gesellschaft.
261 1241 2187 1565 Kloggs. A., Fräulein Malzhopfen
240 1363 3470 1720 Arthur. Der kennt sie das kann jetzt schön werden.
223 1573 3403 1926 Frl. Malgh. Das Fräulein Franziska schickt mich herüber,
244 1821 631 2036 Cum
294 1868 3445 2313 Arthur. Ja, ihr weiß schon Ich werde ihr selbst hinunter
257 2162 1207 2398 kommen, um
278 2263 3558 2608 Frl. Malgh. Nun, das wird sie ja sehr freuen. Sie vergeht
332 2431 2599 2793 ja schon beinahe vor Sehnsuch nach¬
311 2583 3596 2965 Art. Ihrem Gelde; ja, dasweis ich schon. Ich werde
240 2827 2162 3125 2/2 ihr gleich die Kaffee bezahlen,
240 2957 3580 3323 St. Malz. Der Kaffee? Bezahlen? Aber das Fräuleik ist
320 3289 589 3500 ja
358 3285 3542 3659 Arth. da sie ist viel; drum braucht sie das Geld. (Gebt
286 3525 1005 3853 ihr Geld.)
294 3697 1830 3950 Fr. Malzf. Was? Geld?
299 3849 3500 4181 Arthlicht behalte sie sich das Geld aber halte Sie
336 3992 3655 4303 reinen Mund. Jetzt schaue Sie, daß Sie weiterkommt.
349 4181 3521 4572 Fr. Malzh. a ich verstehe. Überhaupt verstehen
5329 181 5548 374 43
3643 303 6520 719 ich alles, wenn man mir Geld gibt. (26)
4799 534 5603 795 11. Auftritt
4488 690 7041 1052 Vorige ohne Fr. Malzhopfen. (Dann kommen
3668 946 4749 1224 die Spätererwähnten)
3706 1056 6978 1392 Arther. Das hat mich gerettet. Es wäre gleich alles
3718 1304 5094 1586 verplauscht gewesen.
3718 1401 6991 1762 Morg. Ein wahres Glück, daß es so gut abgelaufen
3710 1661 4042 1943 ist.
4215 1746 6726 2099 Philosophus. Die beidenriectives.
3756 1947 5645 2292 Philosophus. Min, da wäre ich!
3786 2116 6940 2435 Tropps. Da ist der Herr Professor und allhier
3756 2288 6928 2599 zugleichlich die beiden Herren Directions aus
3706 2477 5868 2793 unserer wohlbenamseten Residenz.
3790 2654 6907 3016 Philosophus. Nun, da haben wir den saubera
3731 2801 6276 3142 Herrn Schmolkes! (Faßt den Tieferlieb
3752 2999 7041 3323 Trepps. Mit allerunterthänigstem Verlaub zu reden
3710 3159 7008 3516 irren sich der Herr Professor auf gar beklagens¬
3693 3323 7079 3643 werte Art und Weise, sintemal auf dieser Stelle
3710 3554 5388 3870 der deliquiert stehet.
3819 3580 7134 4042 Philosophus Erlauben Sumis, ich werde doch wissen
3765 3840 6953 4210 wer der Moriz Schmolkes ist. Da steht er?
3819 4030 7163 4425 Tropps Es stehet aber vermerkt in dem Buche, das
