7432 4904
5345 232 5619 443 79.
2145 333 2428 611 78
3844 518 7111 889 Phil. also - das ist die Seltenheit! Geh'r Sie wir
337 603 3726 1007 Schil. Tiefenlieb!? Buch näörisch! Schmolkes heißt
3848 801 5142 1071 Daniel zum Teufel.
3848 936 6892 1151 Trangel. O- das war ein entschiedenes Unglück!
316 1003 632 1146 er.
3874 1054 6967 1404 Pfil. Was ist in dieser Geschichte anzufangen
375 1066 2230 1357 Trangel. Tiefenlieb hsößler.
379 1189 3237 1560 Schil. Sagen Sie selber, wie heißen Sie!
3945 1218 7216 1597 Orth. Ich - bin der Schuldige ich der Entführer. Werk
464 1408 3035 1720 Lieferl. (resigniert.) Ist mir schon ganz egal!
3920 1492 4915 1775 ist - unschuldig
455 1572 3090 1901 Sesput. Ich bin die Polizei! Wie heißen Sie!
3933 1614 6972 1926 Wolk (Meine geliebte Friederik (Umarmung.)
472 1732 3659 2082 Tufenl. Es hilft ja schon alles nichts — ich bin
3975 1829 5066 2082 Sespel. Und Sie!
451 1926 1960 2226 der Arthur Tiefenlieb¬
3983 1989 5387 2272 Tiefenlieb. Schuldig!
481 2112 3756 2390 Pfil. Da haben wir's! Sie Schwiedler, Sie Betrüge
3907 2116 7275 2445 Phil. Ha - dieser Mensch - sollte zu lebenslänglich
485 2289 2677 2575 Sie Diebhaber meiner Tochter!
3882 2301 6795 2601 ichte Todesstrafe verurtheilt werden.
485 2428 3760 2778 Trangel. Wenn ich nur was von der ganzen Sache
3962 2495 6192 2782 Sesput. Da Fryk. I mein Vater.
468 2664 1256 2917 verstünde!
3907 2719 5248 2963 Phel. Allo Marsch!
472 2795 3747 3115 Aigenscharf (zu Trangel.) Sie, zeigen Summe einmal
3916 2832 6942 3165 Schput. Abgeführt, Augenscharf! In die Residenz!
502 3010 1656 3300 diese Seltenheit.
4611 3014 6474 3300 (die Directives mit Arthur ab.)
3987 3216 6049 3494 Jchst. Ich bin noch ganz wir¬
518 3208 1576 3498 Trampel. da!
1644 3296 3747 3566 — können Sie nicht lesen!
3996 3385 7296 3675 Trangel. Ich wird's zeitlebens bleiben! Und meine
472 3355 1589 3625 Augenscharf. Sie
472 3473 3722 3794 "Wer diesen Stein findet, sollssin der Ansiden, Holm
3996 3545 5922 3806 Seltenheit - und ihre Tochter.
2639 3646 3697 3928 der ist ja das
3975 3726 7229 4034 Phil. Suchen Sie die Seltenheit — dann kriegen
510 3688 2550 4017 straße 9 auferheim lassen.
561 3827 3604 4160 Nurrenhaus. Eine Töggerei ist das Ganze!
3971 3857 7043 4173 Sie meine Tochter! Wir reifen noch heute
641 3992 3785 4354 Strampel. Es war beinahe, das beste was ich
3933 4004 7326 4384 Abend wieder. Wir werden ja zum Stadtgespräch¬
624 4274 1564 4523 then könnte.
