7256 4728
1990 199 2235 406 28
127 427 1800 756 Sr. Und wie mich verstecken?
148 583 3456 913 Arth. Nur keine Furcht; hoffentlich wird uns mein Freund
173 769 2548 1103 ein Zimmer zur Verfügung stellen.
169 938 3283 1200 Fr. Und wenn wirst du für deine Frau ausgeben
169 1128 2590 1415 Arth. Meine Fau? 1 Was ist da zu thun?
1470 1293 2193 1551 2. Auftritt
389 1483 2979 1766 (der Morgen dämmert heran) Vorige t Nachtwächter.
186 1682 3536 1918 Artf. Lüber kann, könten sie nur nicht sagen, wo
232 1842 1394 2151 da die Goldgasse ist?
156 1994 3372 2311 Magtwe. Sohn's dann nicht? Sie sind Sie ja schon in der
224 2201 946 2480 Zoldgaffin!
258 2353 2053 2632 Arth. Und wie ist die Mimmer 27?
215 2514 2235 2831 Nachter da vor ihrer Nasen! (Als)
1445 2793 2256 3122 J. Auftritt.
1445 3017 3541 3342 Verige ohne Nachbar-ster- Später Schnolkes¬
169 3224 1800 3528 Franzk. Ein grober Mensch!
203 3367 3532 3684 Arth. Jetzt werde ich am Hausthor anläufen. (Thäses)
258 3553 3507 3874 Nau sieht aus dem oben erwähnten erleuchteten Saal vorla
232 3764 1373 4077 Seite herau gehen.)
177 3921 3481 4284 Franzk:  Ich wäre so gern bei diesem Rönnzehen gewe¬
194 4183 532 4394 ser!
5391 169 5611 397 29
3621 346 6984 613 Orth. Die Leute wollen da nicht aufmachen! (Krutet noch einmal)
3625 490 6992 820 Frank Gott sei dank, jetzt wirdes wenigstens Lühl¬
3595 676 7001 972 Arth- Heute wird der Tag noch schön. - Aber die Leute
3655 853 5839 1162 machen nicht auf: (Lautet, wieder wr)
4664 997 6143 1255 boriz Schmolkes kommt.
3625 1191 6042 1500 Moriz. Was seh' ach! Wie!! Sich' ich recht!
3633 1348 6278 1635 arth. Mein lieber, guter Schmolkes!
3638 1534 6899 1825 Morn. Mein lieber, guter Tiefentieb! Woher
3650 1703 6811 2045 kommst du in so später nacht, oder vielmehr
3642 1901 5015 2167 in so früher Frühe.
3621 2036 6819 2345 Arth. Laß die erzählen! Seit gestern bin ich
3672 2231 6363 2548 um ein hübsches Abenteuerchen reicher.
3672 2400 7030 2704 Mönig. Sollte vielleicht dieses Fräulein den
3726 2573 5771 2881 subsches Abenteuerungen sein?
3731 2759 7026 2962 Arth. Meine geliebte Franziska! Die Tochter
3710 2941 6988 3177 des Professors Philosophus! Aber jetzt höre,
3714 3198 4145 3376 höre.
3710 3287 5454 3570 Morig. Nun, erzählenur!
6629 3443 6967 3672 Wie
3697 3439 6574 3777 Orth. Seit ungefähr 1 Monat kenne ich Franziska¬
3693 3655 7068 3887 liebten uns - und wir lieben uns nachjetzt. Wir kalmen
3697 3794 6519 4094 ins Geheim zu sammen und waren recht glücklich!
3752 4005 6566 4348 Marie. Nachtglücklich! Nun, das freut mich.
