7336 4984
5214 248 5496 523 67
1984 379 2225 654 66
3761 434 7080 875 Laly. Sie irren, meine liebes Herr! Das ist mein Briefe
1274 558 3568 1006 Auf einem Berg. Eine Eremitenhäuschen.
3781 778 6412 1068 Trangel. (Sieht es an) Da könten Sie recht haben.
1439 882 2032 1150 4. Auftritt.
3788 950 6736 1240 Lord (jucht sich mit seinem Fernrohr die Gegendac.)
1350 1047 2121 1302 Trampel (kommt)
3788 1095 7135 1350 Laly. Thieres Kanterbackly! Neinbroche ist gefunden.
241 1143 3650 1563 Eine Seltenheit! (Sucht herum.) Es ist eigentlich eine einsenhaft Dummheit.
3767 1226 6543 1577 Lord. Yess! Laß mich sehe nur anlie Gegend.
220 1364 3609 1722 Ober- was ist zu thun! Ich muß suchen! Zum Teufel, was sich
3774 1453 6481 1743 Trampel. Ja, das ist vielleicht eine Breche.
241 1481 3471 1887 ich! Ha! Ein Kafer! Ein versteinerter Käfer! Das
3774 1653 5744 1942 Fady. Mein Brothe, mein Broche!
317 1660 3547 2101 seltenste, was auf dieser Welt zu finden ist. Ich
3802 1770 7177 2073 Trangel. Eren ist menschlich! Es war aber da seine Ehelei¬
351 1894 2631 2280 habs gefunden. Eine Seltenheit:
3809 2066 4360 2252 von mir
1550 2080 2314 2328 5. Auftritt
3829 2108 7067 2397 Lady. Ich bedanke Sie sehr, liebes deutscher Herr,
902 2252 2741 2569 Trampel. Lord u. Lady kommen.
337 2383 5882 2769 tady. Meine Herr haben Sie gefunden ein Strafe hier vielleicht daß Sie war ein eheliches Frieder.
3823 2507 6943 2755 Tramgel. (2/0) Sa, wenn ich das gewußt hätte
331 2569 3547 2886 Trampel. Hochverehrteste Dank, - daß ich nicht wusete!
3823 2659 7053 2982 Laag. Zugleich habe ich die Ehr vorzustellen in mich
5551 2796 6440 2955 geborene Dadeley
351 2789 2845 3134 Lady. Aber Sie hab da etuas in die Hand.
3823 2858 7149 3113 Lady Amine Vanterbackly, sine des meinntheures
393 2969 2294 3292 Transpel. Sa, das ist richtig.
3829 3017 5476 3313 Raun Lord/Kanter backly.
413 3154 1577 3499 Lady. Ni! Ui!
3823 3182 7135 3485 Trampel. Und ich bin Srampel, geborner Österreicher,
489 3292 3030 3609 Loro. Was ist dir, mein theures Lady.
3795 3320 7149 3630 in Scheippswitz Fahrmannsstraße Nr 76, 4. Hof, 3. Stiege
4573 3540 4952 3671 wem
413 3478 2390 3809 Lacly. Dieser ist mein broeß
3754 3506 6440 3836 Tod Thür links, vor man von unten kommt!
461 3657 3678 4002 Trangel. Ich sollte ihre Broche sein, gnädige Damen
3850 3733 4801 4029 Lord. Schumpfehl
503 3795 2838 4153 Laag. Was sie da haben in Ihr jaar
3878 3891 5358 4208 Lady. Schimpfehl auch!
496 3836 3823 4277 Krampol. O das ist eine sehr große Selten heute Und das
5000 4050 5724 4270 Beide ab.
475 4119 3664 4560 geb' ich nicht her! Das ist ein verstein ertes Kafes
