7288 4840
3652 280 7007 733 zu zeigen, gebrauchte ich verschiedene französische und
3635 551 6960 915 latenische Wörter. Er blieb äußerlich trocken.
364 491 1949 813 Arthur, Armer Trampel!
3664 724 6977 1046 Ich muß mit ihm eine Reise machen und – eine Selten¬
339 699 1576 974 Trampel. Schliebe!
3711 873 7032 1178 Zeit entdecken, - dann bin ich die Frau seiner Tochter¬
436 860 1775 1114 Arthur — Diliebst —
428 996 3656 1288 Trampel. Franziska, die Tochter dieses Naturforschers.
3686 1025 7036 1360 nem - das Nageich - diese Mann seiner Tochter!
3719 1165 6952 1512 Ah - ich herr Schritte - das ist der Professor
428 1220 1241 1491 Philosophus
479 1330 3630 1652 Arthur. Ah - - du mußt nur doch die Geschichte
3736 1432 5431 1745 betheilt. Lebe wohl!
407 1517 2610 1834 erzählen, - die ganze Geschichte.
3724 1618 5071 1902 Tramg. Wohin
458 1669 3652 2004 Trampel. Höre. Vor einer Woche ungefährgehe
3741 1720 6655 2131 Arth. Ich will mich nicht sehen lassen.
428 1864 3571 2203 ich auf den Ball. Ich Sie sehen mit ihm lieben.
3741 1987 5316 2224 Tramp. Warum?
453 2050 2330 2321 Arthur War ein b. Weiter:
4317 2080 7024 2427 Ich - ih - ich habe einen Verhältnis
3808 2156 4207 2368 arth
4232 2224 6952 2521 mit der Köchin da - man mit
462 2216 3715 2546 krämpel. Endlich entschloss ich mich zu ihrem Vater
3702 2334 4156 2618 mit.
4190 2377 7121 2766 Stubenmädchen — mit dem Bediente
453 2398 2804 2707 zuchen und um sie zuwerben.
3724 2546 4130 2771 dem.
491 2554 3652 2859 Arthur. Und du sprächst sie früher gar nicht?
3741 2538 7049 2999 wollt' ich sagen. Abends. (Schnell fort.)
483 2711 3601 3029 trampel. Schfand keine Gelegenheit. Heute
4973 2804 5884 3109 9 Auftritt.
4300 2843 4529 3050 18/4
4423 2902 7019 3220 Trompel. Philosophus Franziska. Crampus.
411 2965 3736 3224 werbe ich also — es sind kaum zehn Kunuten¬
445 3063 3601 3334 um ihre Hand; früher hatte ich ihren Vater
3817 3152 5842 3516 Philosophus. Geliebte Töchter!
474 3245 3652 3580 schon davon brenfrid tige. Ich mußte in
3834 3258 7193 3597 Trämpel. O Königin meines Herzens! Vergeben
3808 3444 7070 3804 Sie mir. Ich bin der unglücklichste Mensch, den diese
500 3419 3664 3728 Schrift und Worten die niederträchtigste Persa¬
3800 3669 7163 4041 Erde trägt! - Eine unglückliche Verwechslung - Hier
513 3626 3550 3931 gebrauchen, z. E. Endesgefertigter; einer
3804 3813 7214 4257 ist das Gedicht, welches ich Ihnen widme. - Hier¬
542 3779 3686 4118 Hochwohlgeboren, hochgeschätztir ergebene
432 3978 3677 4300 ich hoffe; es hat kann gutem Eindruf von
3847 3991 7197 4406 Philosophus. Schon genug. - Wissen Sie - nebenbei
407 4160 3601 4482 nur bekommen; dann um eine Feldung
