7320 4872
1892 329 2173 585 22
4835 321 5765 673 15. Auftritt
281 473 505 714 24/1
401 409 2974 818 zu reisen. In welcher Straße ist ihre Wohnung?
4690 545 5941 834 Sorige ohne Phil.
401 673 3680 1026 Arth. Meine Straße? In welcher Wohnung? - Wirklich
3616 569 7023 1130 Franzisk. Gott im Himmel, - was fast du angerichtet,
361 834 3367 1163 ich bin - leider ist - die Wohnung - die Straße
425 914 5869 1267 Es sind in am Hause soviel Höfe, Riegen, Stöckn und der Namen Schmalbückel?
4923 1058 5733 1219 Schmalkes
3648 1034 6951 1403 Arth. Einer weiner einigen Collegen¬
329 1227 3504 1483 Thürenummern, daß ich gar nicht weiss - Ich
3648 1211 6791 1563 aber jetzt Franziska! Wie entführ ich doch?
401 1379 6847 1852 theil. Nun, so lesen Sie es aus chonni Notaris. Wie entlich mich E. Erst schon dunkel draußen.
417 1363 3063 1708 habe alles in meinem Notizbauf¬
401 1716 4947 2044 Arth. Ta, meine Wohnung ist in memiele Notigtug komme, mit mir
3752 1740 6342 2117 Franzisk. Arthur, was fällt dir ein?
369 1892 3696 2245 mein Notizbuch ist aber im Rock - und mein
3696 1804 6935 2269 Orth. Keine Widerrede! Fürchte nichts für
385 2060 3568 2357 Rock ist im Zimmer- und mein Zimmer
3744 2077 6991 2397 drün Ehre. In meine Wohnung mußt du! Du
3744 2261 7079 2614 mußt! Wir müssen einen Place fassen oder
369 2285 1387 2534 ist im Hotel
3720 2397 6919 2830 hier haben wir keine Ruhe. Übrigens –
481 2317 3119 2742 Phil: Wann reisen Sie dann fort?
3744 2606 6951 2999 muß ich dich ja so entführen! Stimm’ Hut,
473 2614 3239 2886 Rarth. Morgen mit dem 11 Uhr - Train.
481 2678 3624 3095 Phil. Ich reise leider um G Uhr. A propos; um
3696 2782 5652 3167 Martel und komme.
457 2918 2590 3255 Nuhr geht gar kein Frau
4843 2958 5861 3295 16 Auftritt
4730 3119 7112 3472 Vorige " Phil "Cramgus" mit "Langer"
425 3143 2566 3440 Arth. Am die Zeit herum.
5901 3247 7095 3456 er geht wieder ab.
3752 3135 7144 3704 Ausführt da jetzt in wir wieder am Rücken
489 3247 3440 3616 Phil. Und - wie ist der verte Name?
2181 3431 3391 3608 Korn Schmolkes,
505 3472 3544 3768 Arth. Mein Name-Alford Schmalbuckel In-
3784 3472 7176 3913 Pfid. Ja wisftig, Sie wollten doch meine Sammlungen
481 3688 3472 3985 Phil. Nun, ich werde beim Bürgermeisteramt
3784 3792 4354 4041 sehen?
3792 3784 7112 4241 Arth. Ihre Sammlungen - ja - die Sammlunngen
465 3856 3632 4177 in Knorpshein um ihre Wohnung fragen.
3808 4033 7120 4498 Phet. Sehen Sie, hier diese Käfersammlung!
441 4057 3704 4394 Leben Sie wohl. Auf baldiges Wiedersehen
449 4241 826 4506 (Ab)
