7432 4888
5548 253 5730 452 91
2061 270 2335 519 90
5050 549 6026 790 6e Auftrückt.
486 616 2863 1001 Schput. das ist Wochebeleid ipaz!
4632 747 6579 1043 Trampel: Philosophes.
1436 857 2664 1094 (Dhil bezahlt sie
3952 933 6600 1241 Phil. G. Mit wenn habe ich die Ehre?
507 1035 3585 1275 Schput. Hrn! Es war doch eigentlich ken¬
3906 1073 7208 1398 Trampel. Mit - dem Rittmeister Ladislaus
566 1212 1879 1503 Nachsteleidigung.
3973 1305 4953 1588 Früherr von G.
583 1372 2660 1655 Äyff. Ganz und gar nicht.
3927 1461 5814 1740 Jahil (verdützt) Sen. G.?!!
583 1541 3479 1849 Schput. Wir empfehlen uns zu Gnaden!
3961 1609 7258 1921 Trompel. Nun haben Sie das erschwirgenden Wollen
625 1778 1947 2018 Aussch. Zu Gnaden!
3880 1833 5460 2111 und Romann gelesen?
790 1883 3370 2196 (Gehen mit tiefer Verbeugung ab.)
3885 1930 7288 2272 Schil (macht zu den Zuschauern eine Rantominie, indem
1740 2052 2563 2356 5. Auftritt.
3864 2124 7174 2424 er die Hand auf den Kopf legt, was bedeutet, er hält
777 2234 3268 2521 Philosophus geht von einer andern Seite ab.
3889 2352 5671 2626 der Frau G. für verrückt.)
545 2419 3631 2745 Transpel (als Rittmeister verkleidet, kommt. Er
3982 2474 5447 2791 Phil. Und Hr Wunsch!
528 2593 3678 2850 sieht zum Todtlachen aus). Sommeß es gehen!
3982 2686 7301 2952 Tramgel (lächelt dumm verlegen.) Ja mein Wunsch damit
562 2774 3564 3061 So kann ich in ihrer Nähe sein! in Grer¬
4045 2888 5519 3108 hat es - gute wege
549 2926 3682 3209 Nähe! O_o - o - o.. Aber ich darf nach mir nicht
3978 3015 7275 3285 Phil. Nur gerade heraus; keine Umwege, - in
642 3116 3690 3408 verraten. Ich muss mich sehr militärisch seel.
3914 3230 4995 3500 einem Satz -!
536 3298 3661 3619 Und ganz einfach sagen Ich bin der Graf anherr
1837 3462 3606 3602 wir das  in Romanen sich
3944 3386 6072 3690 Transpel (dumm) ohne Nebensatze?"
557 3496 3703 3737 Ladislaus von Gouverain und welche kann hieher,
3999 3560 5797 3855 sästl. (ärgerlich.) Zur Sache!
456 3686 3762 3944 um - nein wozu dann - um Fränzchen zu geräten
3956 3699 7170 4041 Trangel (räispert.) Ich hätte ich wünschte Sie
507 3830 2648 4104 Ah. - er kommt - er -
3931 3965 4573 4176 wissen¬
3108 4007 3551 4201 Votre ami
4007 4037 7288 4383 Schil. gar nichts weiß ich. Und ich bitte, auch
2187 4155 3015 4404 d'un autre nouvelle
