7352 4776
5188 120 5450 322 57
3708 382 5922 674 Pfil. Gehen Sie nur — gehn Sie mir.
3652 549 6956 893 Trangel. Es wäre die höchste Arvor Nervoyen von mir¬
227 489 987 755 walk. Nein!
253 691 1914 948 Phil. Sie wagen zu läugnen:
3678 738 5832 1021 Pgel. Mio also! (Mit Franziskaab.)
257 807 3171 1094 Walk. Wer – wurde dieses Fräulein nicht kennen!
3690 931 7033 1206 Twampel. Ja - eine Seltenheit! - eines Seltenheits Und zugleich
296 1004 3600 1296 Klil. Er gesteht! Ergekeht! Meine Herrenûtectuärs; —
3751 1099 7038 1373 ein Theaterstück, eine Gedichtsammlung seinen Schuld aus.
133 1154 3587 1519 ni 14 Tagen nach Vollendung meiner naturhistorischen
3712 1257 6965 1541 in Formeln zugleich! Wahrhaftig, um alle diese Aus¬
236 1317 3459 1674 Neife auf Wiederschen bei der Gerichtsverhandlung!
3751 1420 6978 1768 gaben zu lösen, hraucht es eines Genies (selbstbe¬
236 1528 3527 1841 Eine hohe Belohnung wartet Ihrer. Wir sehen uns noch,
3729 1614 6458 1953 wußt sich auf die Brust schlagend. wie ich!
300 1725 2699 2025 ehr seine Gerichtsdrieu von Raorgeheim a¬
313 1914 3583 2210 Schgut. Eine hohe Belohnungwartet ihrer unsrer Schrei¬
4708 1918 5948 2283 Vorhang fällt.
300 2068 1485 2416 ben die Augenscharf!
1506 2236 2450 2528 18. Auftritt.
1296 2403 3347 2682 Philosophes-Trampel-Franziska.
330 2566 2982 2892 Forsk. Da hat Arthur etwas schönes angerichtet!
335 2725 3502 3081 Phil. Und Sie, - lieber Herr Trangel! Wie steht es mit
318 2974 1313 3240 Ihrer Seltenheit?
343 3154 2000 3373 Trangel. Meine Seltenheit
330 3304 2553 3609 gehil. Nach gar nicht dran gedacht?
391 3463 3643 3755 Trangel. Wahrhäftig - ich - zu verlegen – ich erwöh¬
416 3618 3695 3931 Das Blut steigt mir in den Hoek – in den Kopf vollt'rich
391 3845 1412 4137 sagen - Ich bin
399 3999 3055 4317 Rhel. Kommen Sie nur, gehen Sie daraus!
356 4150 2506 4506 Trampal. Ich ditte, Herr Professor
