7432 4936
5592 242 5877 454 95
2102 348 2301 603 94
5023 510 6000 798 8. Auftritt.
263 658 3507 1019 k.k. Kriegspericht darauf Rücksichtnehmen,
4123 726 6132 1057 Schilosophus. Arthur.
306 845 3720 1138 und das Urtheil würde auf die Todesstrafe
3826 866 7146 1172 Arthur, Sie haben eine reizende Tochter. Ich
3834 1096 7078 1414 habe mich ganz vertraft in ihre Augen, ich
284 1130 972 1384 lauten!
416 1253 3690 1571 Tvangel. (schreit auf und werft sich immer
3839 1261 6178 1575 bin in Seligkeit geschwommen!
3898 1414 7070 1754 Pfil (geschneifelt.) Eu gütig! zu gutig.
399 1482 994 1724 Schsel)
386 1529 3414 1902 Quanreich. Also Sie heiße. Sie sind.
3890 1618 7219 1890 (F. J.) Am Ende hat er gar Absichter,
437 1698 3707 2110 Trämpel (schlüchzend.) Ich heiße Theodor Fredich
3881 1826 7163 2025 das wäre mir recht angenehm.
3877 1958 7227 2242 Arthur. Dich bereide den Glücklichen, der
348 1915 3091 2225 August Wilhelm Victor. Trampel.
463 2093 2217 2420 Schil. A - Trämgel!
3817 2149 6263 2391 an ihrer Seite leben kann.
463 2221 3669 2620 Schnauzbart. Also, kommen Sie, wir mich für Sie
4476 2255 7244 2607 O dann haben Sie keine Ursache
3881 2352 4335 2637 Phil
412 2416 3732 2730 anietiren. – Sie verzeihen Herr profeso¬
3851 2488 7257 2769 zum Neid. denn sie ist noch nicht krank
437 2628 2620 2909 wir störten doch nicht?
3822 2658 7236 2960 Arth. Und sie sollte noch nicht selbst gewust
463 2777 3707 3142 schil. Wie mans nimmt. Denn ichfahr
3885 2887 4773 3180 haben?
454 2964 3681 3274 einen Schweden zu Gaße, den ein Buch
4543 2968 7159 3287 O - daran kehr' ich mich nicht
3919 3049 4357 3299 Schil
365 3151 3694 3422 über mich und meine Sammlungen schon,
3919 3176 6034 3499 Arthur. Trefflicher Vater
382 3363 3754 3635 ben muß will’ im Auftrage eines Fürsten
3932 3329 6548 3669 kjil. (f. h.) wenn er nur anfängt!
429 3486 3669 3783 Und die Herr Trangel - lassen sich nicht
3890 3516 7168 3839 Arthur. O- ach wege es - verzeichen Sie
382 3669 3754 3970 mehr vor mir blicken - oder es ergeht
3885 3673 7291 3924 meine Ruhnheit. geben Sie sie nur vertraut
480 3864 2004 4183 Ihnen schlecht!
3941 3856 7223 4170 Schil. Mit Freude, Herr Klingsor von
522 4000 3715 4352 tragel. O ich bin, vorige mich wäre,
3941 4132 4909 4374 ehenstehen.
552 4170 3749 4535 (man hört ihn von Deich) das Bln
628 4352 2943 4684 steist, was in die Recht.
