7448 4952
317 659 3678 1042 Arthur (mit tafes Nunn) Ich stehe vor Professor Philosophus?
342 917 3565 1205 Schil. sowohl, mein Herr? Franziska, Meine Tüchter,
379 1138 1088 1426 geh' smanus
329 1234 3340 1572 Arthur (vergisst. sich) o Franziska konnte dablieben.
363 1401 3690 1726 Rf.b. Woherwissen Sie denn den Namen immer
392 1664 1097 1918 Tochter!
396 1726 3645 2102 Arthur (verlz) O in Verbindung mit Ihrem
363 1939 2790 2285 naum, Herr Professor. (Fr. geht)
413 2160 2385 2444 Schil. also - Ihr Wunsch?
450 2264 3732 2602 Arthur. Und Sie fragen noch! Ihre welt berühmten
492 2556 1247 2836 Sammlungen
442 2669 3178 3011 K(il Egeschmeichelt) Sie haben davon gehört.
467 2844 3753 3115 Arthur. Gehört? Gelesen! Und ich beabsichtigedar¬
442 3032 2364 3349 rüber ein Buch zu schreiten.
480 3173 2990 3499 Pfil. Wofer sind Sie, mein Herr!
496 3399 2314 3686 Arthur. Aus-Schweden?
1068 3532 3073 3820 Und kam ein hieher -
475 3657 967 3874 Phil.
1322 3695 3040 4003 Ihretwegen, mein Herr.
492 3770 1059 3991 Arthur
1130 3853 3645 4187 Ihr käme. Geehrtestes
513 3978 947 4153 Khil.
1172 4037 3811 4349 Meine Name-Kriegser von Hochwesen.
513 4112 1009 4337 Arthur
646 4228 3766 4562 Schil. Und sind sie auf eigenen Antrieb ziehen
5342 284 5621 542 85
3807 626 4629 926 gekommen?
3870 801 7102 1122 Arthur Ich hatte schon längst den Plan
3841 926 7147 1276 gefasst, hicherzukommen. Aber hören Sie, was den
3853 1113 7177 1439 Ausschlag gab. - Eines Tages kommt Fürst Jünholt
3832 1322 5888 1639 von K Wjöbspruchon zu mir
5563 1418 7122 1710 i Fürst!! Jünself.
3886 1510 5025 1772 Pfil. Fürst.
3866 1635 7043 1956 Arthur. Ganz richtig. Fürst fünfels von
3861 1772 7110 2131 Wjøbstjomson. Der sagte mir, der belgische
3895 1989 6272 2319 Graf Xaver de Montsonson f
3903 2164 6555 2485 arthek. Graf Xaverde Mo.
3945 2381 7160 2644 Arthur. Graf Xaver de Montsöson habe von
3907 2506 7131 2781 Lord William Schulps Du Continuy gehört,
3941 2685 7235 3036 daß der Professor Philosophus solche Sämmungen
6701 2790 7127 2927 Fürst
3982 2902 6751 3173 habe. (Rhil ist gaff) Ja, mein Herr, J
6760 2902 7214 3107 Lany
3945 3032 7185 3328 von Wjøbsthinsen hörte es vom Grefen al¬
3886 3215 7139 3474 Montsow dem es tord William Conting
3891 3440 5058 3720 erzählt hatte!
5217 3544 6451 3845 Graf - Lord. -
3978 3611 5142 3857 Pfil. Fürst
3995 3707 7243 4037 Arthm. Der Fürst sprach in einer Abendge¬
3987 3878 7210 4258 sellschaft, wo beter andere der polinsche
4037 4024 7260 4466 Graf Niewoninsky, und anderersehen
