7464 4904
5496 215 5740 484 89
2227 351 2463 628 88
3864 570 4430 864 Pfil. nur?
430 641 3752 1017 Sesput. Es ist etwas - Unberechnbare Verhält¬
3876 765 6029 1083 Schpüt. O wenn wir das wussten!
376 946 810 1157 niße.
3843 905 6186 1277 Augenscharf. Ja wenn wir das wüste!
397 1037 2992 1372 Augenscharf. Ganz unberechenbar
3905 1108 5546 1405 Phil. Sogehen Sie zum Teufel!
442 1219 2727 1512 besput! Sind eingetreten
3918 1310 5579 1599 Schput.. Erlauben nochet was
463 1393 3554 1694 Pfil. Nun. Was wollen Sie eigentlich!
3951 1479 4926 1769 Jafil. nun was 5!
492 1525 3794 1872 kurz - Ich bin beschäftigt – Ist einig yperrt!
3938 1645 7211 1901 Pesput. Hat der Herr von Tiefenlieb sei seiner Entführung
3942 1798 7005 2041 auch einen Raut verübt. Hat er etwas gestohlen
467 1806 1533 2054 ja oder nein?
467 1917 2112 2236 Sesput (fasst Mut.) Nein!
3971 2017 7153 2302 Rhil. Gestohlen? Ha! Ha! Ha! Was fällt Ihnen ein!
463 2079 3389 2401 Augenscharf (fasst noch größere mit) Nein!
3988 2137 7182 2442 Sesput. So hat er als zweits andres gemacht, als
521 2273 2529 2541 Daschil (sehr erstaunt) nein?!
3959 2314 6430 2624 daß er mit Ihrer Tochter herumgereist ist?
4306 2504 5141 2670 Rkl. - ein!
500 2492 1521 2765 Schput. Christ.
4013 2496 6364 2810 Sehre. Ja geht uns denn das etwas an?
2504 2583 2988 2794 I am
3037 2455 3401 2806 xx
492 2653 2137 2951 Augenschärf. Ja - er ist
3975 2670 6240 2975 Angels. Geht das die Polizeian
517 2789 2351 3066 Pfil. Nun! Was ist es?
4050 2876 5943 3157 Resput. Nicht im Geringstr.
533 2930 3806 3294 Sisput (fasst fürchterlichen Mut) Uns - Davong Daugfart
4058 3017 5876 3331 Gang und gar nicht
521 3116 3839 3451 Augenschluß. (fasst noch einen bei weitern fürchterlicher
4071 3091 7323 3480 Schput. Also bitten wir um die Bezahlung; und dann
554 3331 2670 3566 Mit.) Sehr davon gelaufen!
4066 3447 4525 3641 ado!
574 3471 2504 3785 Khil. A! Was Sie nicht sagen!
4062 3442 7273 3835 Khil. Hol' Sie der Trefel! Gut, daß fiele er
1752 3690 2351 3909 (paufe)
4079 3699 7116 3967 Schwede zu mir gekommen ist, und ein doch
574 3860 1926 4149 Pfil. Und wohin?
4141 3947 7145 4207 aber nicht schreiben will, sonst hatt ich
574 4042 1922 4302 Sepput. (seuf ist tief)
4054 4066 6017 4451 Sie längst hinausgeworfen,
616 4178 3294 4546 Augenschau (seufzt noch tiefes.)
