7240 4744
1745 241 1956 444 50
3710 237 6795 664 Welk. Ausland? Ich glaube, Schiller hat das gesagt.
237 401 3546 810 obwohl sie ein kleines Nalheure im Gefolge hatte!
3688 543 6980 823 Trangel. Nun ja, - Schiller, in atürlich, ganz richtig. Der große
250 599 3602 995 letzt - zur Abkühlung einen kleinen Schaziergang
3675 715 6877 1004 Schiller. Wie können Sie nur zweifeln? Aus jedem Worte
3714 905 7079 1168 erkannt man den großen Schiller. Nicht? Natürlich. Ein Italiener
340 879 1250 1168 (Beide ab.)
1685 1000 2525 1284 Verwandlung.
3723 1090 6235 1392 kann nicht so heldenmäßige Worte sprechen!
672 1142 3309 1512 Gast = Zimmer im Hotel zum blauen Hasen.
241 1112 526 1439 5/2
3693 1280 4817 1538 Wolk - Naturlich 1
1758 1353 2680 1581 15. Auftritt
3697 1439 5593 1741 Trampel - Z. B. Torquatus Cassäus?
1491 1508 3529 1797 Trangel d. Walk bei einem Tische¬
3718 1611 5795 1917 Walk. Torgnato Josse, glaube ich.
276 1728 2098 2034 beide mit dem Rücken gegen die Thüre.
3757 1762 7217 2060 Trompel. Der so ein schönes Drama über sich selber geschrieben
310 1887 3602 2206 Transpel. Es freut mich unendlich, einen Mann wie sie gefun¬
3731 1939 7122 2288 hat. Torquatus Cassius - Iorquato lasso wollt ich sagen¬
297 2141 1224 2361 den zu haben.
3740 2124 5769 2447 Wolk. Das ist von Götte, glaub ich
332 2223 3593 2538 Valk. Es freut mich unendlich, einen spöckschwann in
3718 2271 7135 2585 Grampel. Das sagte ich nicht? Es ist wohl möglich sich dacht
293 2404 2904 2650 einer so pösisteeren Zeit getroffen zu haben.
3723 2478 7053 2792 soeben an Gothe, und vermischten sich beide Gefühle im
340 2581 2266 2887 Trampel - In diese Zeit, dieser Zeit!
3727 2671 7097 2964 Oude Gedanken: & Sie wissen wohl, was ich sagen will. Ich kann
323 2775 3581 3003 Walk. Alles so aufs praktische gewendet; keine Ideale;
3718 2831 7127 3111 mich nicht das ausdrücken Es geht in meines Seele gesproßer
315 2973 3632 3206 es ist alles eine Reine. Die ganzen Schale immer ferner
3736 2973 7097 3352 haft herum; so etwas dealisches - nachoben und
310 3120 3645 3430 kralischen Zut sind zusammengesunken zu Schuld und Asche.
3787 3167 7092 3503 noch unter - etwas ganz u. bestimmtes - hin und her
366 3283 2715 3589 Trogélagen Schuttund Asche und so weiter.
3774 3309 7032 3619 wandelt es — so eine Art unverm Realismus
358 3464 3624 3693 Tramgel. Ja; ganz richtig. Troja lager Schutt und Bsche,
3766 3525 7036 3861 Ich fühle so tief – und die Mandvermög es nicht
366 3654 3611 3964 Sie sind soweit in der Literatur vorgeschritten, daß sie so¬
3809 3697 6976 4007 zu sagen. Sie kennen das Gefühl? Nicht? Es ist
332 3843 3688 4154 gar das Ausland kennen? Dieser Satz von jenem italien,
3762 3891 7170 4179 protwas - um mich mathematisch auszudrücken — es gibt für
306 3986 3650 4330 schon Classiker, den Sie sauber ausgesprochen ist wunder,
3766 4042 6463 4434 jedes Gesuchtene mathematische Formel.
2559 4201 3253 4373 xxx xxx
353 4205 784 4434 bar.
