7224 4696
1880 179 2077 427 48
278 363 2530 735 Franzk. Wenn er eine Seltenheit findet!
248 560 3440 885 Kropps Nunmehro stehet es fest, dass nicht der
321 765 3406 1090 Herr Moriz Schmolkes, bis jetzt wohlbeleumun.
252 936 3393 1248 deter ehrsamer Bürger aufrer lieben Stadt
239 1115 3445 1376 Kriegshein die Entführung an Franziska, das
209 1308 3376 1611 Tochter des Professor Philosophus begangen,
235 1517 3261 1804 sondern daß ein sicherer Mor Fritzt Walk
261 1667 3543 1957 der Angeklagete ist, sintemal dies aus dem
274 1816 2778 2056 Aussagen der Entführten erhellet.
295 2043 3543 2308 Rhil. Also, àpropos, wer ist von ihnen des Morz
303 2192 1158 2440 Schecolkes?
346 2385 1077 2654 Mar 9th
325 2551 1039 2825 Arth. Sch.
312 2752 3329 3000 Mor. Wir beide heißenzufällig gleich; wir
372 2859 3453 3158 stammen nämlich aus derselben Geschlechte.
329 3043 3607 3325 Phil (zu Artl) Also, Sr. Morin Schmolkes Nr. 2 haben
346 3248 3492 3517 gesagt, Sie hätten eine Frau. Könten wir
269 3402 2150 3697 die nicht vielleicht besuchen
350 3564 1851 3885 Arth. 0 zum kaufel.
346 3791 1201 4013 Ksil. Nun?
321 3936 3423 4210 Roth. Meine Frau - meine Trau ist
359 4120 1133 4436 verreist.
5351 132 5573 406 49
3740 303 6052 684 Phl. verreiset Och ſo? Wohin demi?
3757 534 6261 855 Arth. Nach- nach - nach Hissenscheipf
3705 735 7060 1039 Rhil. nun, das trifft sich ja gut; dahin will ich eben
3684 910 5676 1205 auch. Reisen Sie gleich und
3727 1043 7030 1376 Arth. Mitreffen? - Ist mir leider Anmöglich
3727 1231 6611 1543 mich halten wichtige Geschäfte hier zurück.
3769 1410 6889 1714 Schil. Nun, also - auf Wiedersehen. Ich hoffe
3748 1594 5949 1829 Sie doch einmal wiederzusehen.
3744 1731 7176 2094 Orth. Ich hoffe auch. Es kst wäre mein höchstes
3740 1949 4761 2210 Lebensglüsk.
3782 2103 5419 2415 Fransk. Ich hoffe auch!
3744 2291 7077 2590 Schgut. 12 Uhr. Redirchen nach Fritz Walk beginnen.
3722 2440 6530 2782 Schreiben Sie, Augenscharf. (Alle ab.)
5099 2633 6197 2919 14. Aufleilt.
4829 2829 5834 3060 Arthur. Morz
4876 2987 6718 3244 (Sie falle sich um den Hs.)
3714 3184 6902 3483 Arth. Fürs erste gerettet! Letzt muss ich mir
3705 3308 7069 3650 meiner Franziska nachreisen und sie nötigen
3710 3504 5748 3872 falls noch einmal entfehren.
3714 3688 6898 4017 Morn. Gerettet. Das Wasser nichts uns
3722 3872 5304 4188 schon bis zum Halse!
3752 4034 7086 4393 Arth. Ich danke die für deine paßliche Aufnahme
