7336 4952
2059 288 2280 538 70
1576 623 2322 936 9. Auftritt
1559 809 3004 1131 Sehgut. Augenscharf.
292 996 3657 1284 Sehgut. Suchen! Walk entflohen! Hinunter nach Hiesen¬
347 1127 3653 1487 schüpf, in allen Häusern suchen! Allons! Doch zuerst
331 1390 2687 1670 hier ist ein Häuschen! Auf 1 Auf!
407 1509 3632 1839 Erweit (kommt) Was wollet ihr da, sündhaft Sterb¬
331 1771 754 1937 liche?
331 1873 3661 2170 Rchput. Habt Ihr kommen Mann vorüberfliehe gesehen?
415 2064 3632 2365 Erennt. Einer ist mal einchführt bei mir. Oberselbiger
377 2242 2572 2458 wollte mal Pfarrer werden.
356 2403 3496 2708 Schput. Vielleicht ist's der Delinquent. Zeigen!
436 2610 3538 2882 Eremit. Aber was soll er mal ehetsahm haben?
458 2759 3543 3072 Schput. Ein unbescholten Mädchen haben entsichert
466 2911 3602 3233 Eremit. Heiliges Himmel! Ich sterbe! Wankt.
496 3106 2890 3386 Schpr. hinein! Hinein! Herausholen!
441 3284 3678 3551 Eremit. Aber Sie dürfen nur nichts sachen, wenn
394 3458 2873 3750 ich drin todt zu sammenhinise! (06.)
394 3623 2318 3958 Schput. kein Zweifel! Es ist es!
1585 3801 2373 4021 10. Auftritt
2390 3882 2835 4102 zöpferrer)
1140 3979 2954 4288 vorige. Walt Eremd.
369 4195 1852 4479 Walk (siehl immer zur Erde)
5411 233 5640 470 71
3729 538 5687 894 Schput. Aufgesehn! Kopf herauf!
3729 754 4475 1030 Welk (Oleibl.)
3784 924 6352 1233 Sesput (reißt ihm gewaltsam den Kopf hinauf.)
3801 1098 5949 1411 walk (hat einen falschen Bart an)
3788 1254 6788 1576 Eremit (/ihr erstaunt) aber – seilicher Blasius.
3873 1445 6437 1759 Walk (tritt ihm heftig auf den Fuß.)
3835 1682 4665 1932 Eremit. Au.
3814 1754 7157 2089 Schput. Min, das ist er nicht! Vorwärts, Augenschap,
3826 1970 5441 2301 nach der andern Seite!
4576 2136 6038 2411 (die Detectives ab.)
3771 2314 7187 2619 Eremit. Aber, wie csommen So mal zu diesem Dort
3848 2487 7170 2805 Walk. Er ist dem gelegen. Sie wechseln wahrschein¬
3826 2691 4856 2979 lich Ihre Bärte
3801 2818 6305 3132 Eremit. Wollen Se mal schweichen!
3843 2987 7187 3309 Malk (reißt dem Ermeiten seinen Bart hinunter.) Ehe
3839 3182 7077 3500 Eremit. Wolbe Sie mir das nicht übelauslichen.
3860 3373 7149 3653 Sch thures nur, - um mal ehrwürdicher auszu¬
3801 3564 5636 3852 sehen! Wollen Sr mal!
3856 3695 7153 4021 Malk. Nun, so lassen Sie mir hier diesen Anzug
3835 3839 7022 4212 bes auf Weiteres, wenn nicht Ihr ganzes
3784 4026 7136 4441 Bartgeheimnis ausgeplaudert werden soll, gottge¬
