7240 4744
2133 106 2419 400 12
3644 204 6986 695 geschickt aber - das muß ich ihm doch sagen. (Ab)
417 311 2272 637 Transv. Ihr Victor liebt heiß!
400 547 2500 825 Franzisk. Aber Herr Trangel
4895 588 5802 948 7. Auftritt.
425 711 3653 1005 Trang. Ihr - Theodor Friedrich Aug ist Wilhelm
4625 842 5867 1144 Tramgel (allein.)
474 874 3211 1185 Pieter Trangel flügt in Ihre Arme
4004 915 4282 1193 144
400 997 6978 1299 Franzisk. Und Franziska-fliegt hinaus (Entläufe Dich unglückseligster aller Dichter! Ich sech vogel
3693 1168 6937 1544 Vergieb mir, Königin Pörsie diesen prosaïschen
400 1242 907 1520 ism.)
3702 1356 7019 1626 Ausdruck! Ich gebe der Gebieteren meines Herzes
376 1324 3636 1642 Transp. Sie ist fort. War ich vielleicht unge¬
3693 1504 7027 1863 die Rechnung von meinem Schuster-Stattmeines
441 1569 3505 1904 schickt - - Mein Gericht wird sie ver¬
3644 1716 7011 2018 liebenspründen Gedichtes! Ich unglückseliger!
474 1757 1618 2059 söhnen (Ab.)
3677 1871 7003 2133 Was wird sie von mir denken (Lau Etwesoll
1553 1879 2500 2214 6. Auftritt.
3718 2043 7035 2394 herum u. nimmt ein Popper aus der Tasche) Herr ist
1397 2067 2623 2402 Franziska (allein.)
3685 2247 7076 2517 es! Man Ardicht! Sr gegonneten, Portavatern.
376 2321 3612 2549 Mir ist in meinem Leben kein so dummer Mensch
3669 2402 6251 2778 decimotern. - Ich unglückpliger Dichter.
425 2435 3554 2697 vorgekommen. Will mich gleich umarmen. Sie
4960 2590 5753 2893 §. Auftritt.
376 2623 3554 2860 Umarmungen, die ich zu vergeben habe, gehören
4625 2631 6521 3097 Trampel. Arthur Tiefenlieb.
368 2786 3514 3081 einen andern! Aber er hat mir ja da ein
417 2966 3644 3211 Papier in die Hand gedrückt! Ich muß das doch
3734 2991 4470 3260 Arthur. Ah¬
368 3146 3677 3399 lesen! – Wie — ein paar Stufletten 6 Gulden
3751 3162 4739 3448 Trampel. Wie.
3767 3326 5042 3620 Arthur. Trampel!
417 3318 3456 3644 Soldirt. Achtungsvoll Herr kann Trugowitz
3751 3465 5924 3751 Braung. tiefenlieb! Allege!
384 3497 3628 3791 am 4. April - ja - soll ich ihm das vielleicht
3775 3628 7035 3988 Fortsur. Wie lange habe ich dich nicht geheh'n, wie
343 3734 3579 3988 zahlen — Es ist mir über haupt unbegreif¬
3767 3873 5483 4151 geht es der Dichtkunst?
376 3865 3636 4192 lich. Zwar hat mich mein gestrengen
3775 3890 7134 4437 Transpf Du Endeß mich in der kläglichsten Situation
425 4045 3587 4412 Herr Papa zu meinem Forrer Her herein
