<?xml version="1.0" encoding="UTF-8" standalone="yes"?>
<PcGts xmlns="http://schema.primaresearch.org/PAGE/gts/pagecontent/2013-07-15" xmlns:xsi="http://www.w3.org/2001/XMLSchema-instance" xsi:schemaLocation="http://schema.primaresearch.org/PAGE/gts/pagecontent/2013-07-15 http://schema.primaresearch.org/PAGE/gts/pagecontent/2013-07-15/pagecontent.xsd">
    <Metadata>
        <Creator>prov=READ-COOP:name=TrHtr:version=2.1.0:model_id=51170:date=01_08_2023_02:57</Creator>
        <Created>2023-05-10T11:36:12.439+02:00</Created>
        <LastChange>2023-08-01T02:57:05.543+02:00</LastChange>
        <TranskribusMetadata docId="1428165" pageId="55388855" pageNr="8" tsid="131648365" status="IN_PROGRESS" userId="64420" imgUrl="https://files.transkribus.eu/Get?id=GUHIRGXKJMASRGYQMPOYUOFK&amp;fileType=view" xmlUrl="https://files.transkribus.eu/Get?id=QOUEFKEGHCLRAJKYOQPFATKQ" imageId="44663745"/>
    </Metadata>
    <Page imageFilename="1428165_0008.jpg" imageWidth="7208" imageHeight="4728">
        <ReadingOrder>
            <OrderedGroup id="ro_1711818608526" caption="Regions reading order">
                <RegionRefIndexed index="0" regionRef="tr_1"/>
                <RegionRefIndexed index="1" regionRef="tr_2"/>
                <RegionRefIndexed index="2" regionRef="tr_3"/>
            </OrderedGroup>
        </ReadingOrder>
        <TextRegion id="tr_1" custom="readingOrder {index:0;}">
            <Coords points="376,212 3671,212 3671,4224 376,4224"/>
            <TextLine id="tr_1_tl_1" custom="readingOrder {index:0;}">
                <Coords points="2152,343 2186,348 2203,339 2207,352 2232,368 2257,356 2299,373 2312,364 2332,368 2345,209 2324,205 2307,188 2282,193 2261,168 2236,176 2215,197 2198,184 2161,184"/>
                <Baseline points="2178,274 2256,268 2346,262"/>
                <TextEquiv>
                    <Unicode>10</Unicode>
                </TextEquiv>
            </TextLine>
            <TextLine id="tr_1_tl_2" custom="readingOrder {index:1;}">
                <Coords points="444,536 2320,657 3584,536 3584,335 3149,473 2433,322 1248,452 444,373"/>
                <Baseline points="465,519 555,519 644,513 734,519 823,519 913,519 1002,525 1092,525 1182,525 1271,525 1361,525 1450,525 1540,525 1629,525 1719,525 1808,519 1898,519 1987,519 2077,519 2167,519 2256,519 2346,513 2435,513 2525,507 2614,507 2704,501 2793,501 2883,501 2972,501 3062,507 3152,501 3241,501 3331,501 3420,507 3510,507 3593,519"/>
                <TextEquiv>
                    <Unicode>Sie machen mit mir natürlich die Reise, Leben</Unicode>
                </TextEquiv>
            </TextLine>
            <TextLine id="tr_1_tl_3" custom="readingOrder {index:2;}">
                <Coords points="452,754 754,699 917,796 1126,708 1461,754 1600,720 1595,544 1231,540 1143,578 448,536"/>
                <Baseline points="477,680 567,674 656,680 746,680 835,680 925,680 1014,686 1104,692 1193,692 1283,686 1373,686 1462,692 1552,692 1605,698"/>
                <TextEquiv>
                    <Unicode>Sie wohl! (Ab.)</Unicode>
                </TextEquiv>
            </TextLine>
            <TextLine id="tr_1_tl_4" custom="readingOrder {index:3;}">
                <Coords points="1240,967 1951,967 2090,879 2228,976 2466,892 2580,951 2831,879 3178,930 3178,712 2651,745 2567,808 2416,708 2211,787 2014,720 1625,796 1495,724 1244,750"/>
                <Baseline points="1265,865 1307,865 1396,865 1486,871 1576,871 1665,871 1755,865 1844,859 1934,853 2023,853 2113,853 2202,853 2292,853 2381,859 2471,847 2561,847 2650,847 2740,847 2829,841 2919,841 3008,841 3098,847 3187,853"/>
                <TextEquiv>
                    <Unicode>Ich empfehle mich zu Gnaden¬</Unicode>
                </TextEquiv>
            </TextLine>
            <TextLine id="tr_1_tl_5" custom="readingOrder {index:4;}">
                <Coords points="448,942 645,959 695,921 863,997 1047,963 1156,984 1156,708 1126,704 1022,800 951,770 900,791 842,741 729,779 616,708 448,750"/>
                <Baseline points="471,853 561,859 650,859 740,865 829,859 919,853 1008,853 1098,859 1164,865"/>
                <TextEquiv>
                    <Unicode>Transpel</Unicode>
                </TextEquiv>
            </TextLine>
            <TextLine id="tr_1_tl_6" custom="readingOrder {index:5;}">
                <Coords points="1692,1315 1905,1277 2035,1319 2148,1223 2634,1231 2634,1106 2521,1064 2378,1085 2219,1043 2106,1080 2039,1043 1834,1034 1692,1080"/>
                <Baseline points="1713,1199 1802,1199 1892,1199 1981,1199 2071,1199 2161,1193 2250,1187 2340,1187 2429,1187 2519,1193 2608,1199 2644,1199"/>
                <TextEquiv>
                    <Unicode>4 Auftritt.</Unicode>
                </TextEquiv>
            </TextLine>
            <TextLine id="tr_1_tl_7" custom="readingOrder {index:6;}">
                <Coords points="1554,1403 1788,1403 1889,1499 2219,1474 2328,1394 2408,1432 2512,1386 2709,1487 2835,1415 2835,1319 2521,1214 2131,1227 2035,1319 1830,1298 1704,1223 1642,1269 1554,1244"/>
                <Baseline points="1576,1373 1665,1367 1755,1373 1844,1379 1934,1379 2023,1379 2113,1373 2202,1379 2292,1373 2381,1373 2471,1373 2561,1373 2650,1373 2740,1384 2829,1379 2847,1373"/>
                <TextEquiv>
                    <Unicode>Trangel (allein.)</Unicode>
                </TextEquiv>
            </TextLine>
            <TextLine id="tr_1_tl_8" custom="readingOrder {index:7;}">
                <Coords points="406,1558 1403,1675 2378,1549 2617,1688 2864,1566 3057,1675 3564,1579 3564,1453 3044,1382 1905,1503 1734,1394 1256,1495 406,1445"/>
                <Baseline points="429,1534 435,1534 525,1540 614,1540 704,1540 793,1546 883,1546 973,1546 1062,1546 1152,1546 1241,1552 1331,1546 1420,1546 1510,1546 1599,1540 1689,1540 1778,1540 1868,1540 1958,1540 2047,1540 2137,1540 2226,1540 2316,1540 2405,1540 2495,1540 2584,1540 2674,1540 2763,1534 2853,1534 2943,1522 3032,1522 3122,1516 3211,1516 3301,1516 3390,1510 3480,1516 3569,1528"/>
                <TextEquiv>
                    <Unicode>V. o - o - ich bin ein unglückselig er</Unicode>
                </TextEquiv>
            </TextLine>
            <TextLine id="tr_1_tl_9" custom="readingOrder {index:8;}">
                <Coords points="419,1734 616,1847 997,1734 1616,1738 1750,1855 1905,1738 2157,1834 2642,1729 3254,1851 3584,1780 3584,1574 3057,1675 2877,1566 2630,1692 2383,1562 1428,1679 892,1574 419,1633"/>
                <Baseline points="441,1713 531,1713 620,1713 710,1713 799,1713 889,1719 979,1725 1068,1719 1158,1725 1247,1725 1337,1719 1426,1725 1516,1719 1605,1719 1695,1719 1784,1719 1874,1719 1964,1719 2053,1719 2143,1719 2232,1725 2322,1719 2411,1725 2501,1725 2590,1725 2680,1725 2769,1725 2859,1719 2949,1719 3038,1713 3128,1713 3217,1713 3307,1713 3396,1713 3486,1719 3575,1731 3593,1731"/>
                <TextEquiv>
                    <Unicode>Mensch- o- o - unglückselig. Zwei verschie¬</Unicode>
                </TextEquiv>
            </TextLine>
            <TextLine id="tr_1_tl_10" custom="readingOrder {index:9;}">
                <Coords points="402,1943 804,2039 1436,1897 3635,1956 3442,1771 2927,1863 2454,1759 1750,1855 1508,1742 402,1805"/>
                <Baseline points="423,1916 513,1904 602,1904 692,1898 782,1898 871,1898 961,1898 1050,1898 1140,1892 1229,1892 1319,1892 1408,1892 1498,1898 1587,1892 1677,1898 1767,1898 1856,1898 1946,1898 2035,1898 2125,1898 2214,1898 2304,1898 2393,1898 2483,1904 2572,1904 2662,1898 2752,1898 2841,1898 2931,1898 3020,1892 3110,1892 3199,1892 3289,1886 3378,1892 3468,1898 3557,1910 3647,1916"/>
                <TextEquiv>
                    <Unicode>dene Geister leben in meines Herrn innerstein</Unicode>
                </TextEquiv>
            </TextLine>
            <TextLine id="tr_1_tl_11" custom="readingOrder {index:10;}">
                <Coords points="465,2094 687,2182 1537,2090 1847,2203 2152,2119 2295,2198 2462,2085 2969,2182 3191,2085 3446,2186 3656,2123 3656,1968 2600,1914 1972,2018 1436,1897 1210,2018 796,2039 657,1922 465,2010"/>
                <Baseline points="489,2071 579,2065 668,2071 758,2065 847,2065 937,2065 1026,2071 1116,2071 1205,2077 1295,2071 1384,2071 1474,2071 1564,2077 1653,2083 1743,2077 1832,2077 1922,2071 2011,2071 2101,2077 2190,2071 2280,2077 2369,2077 2459,2077 2549,2077 2638,2077 2728,2077 2817,2071 2907,2071 2996,2071 3086,2071 3175,2071 3265,2071 3354,2071 3444,2071 3534,2077 3623,2089 3665,2095"/>
                <TextEquiv>
                    <Unicode>Innerm. Bald bin ich pötlisch-bald persölsch¬</Unicode>
                </TextEquiv>
            </TextLine>
            <TextLine id="tr_1_tl_12" custom="readingOrder {index:11;}">
                <Coords points="436,2278 1457,2257 1608,2378 2098,2249 2797,2366 3551,2295 3551,2127 3191,2094 2642,2190 2504,2102 2399,2203 2152,2119 1968,2215 1554,2102 1374,2198 436,2144"/>
                <Baseline points="459,2244 519,2244 608,2244 698,2244 788,2244 877,2244 967,2244 1056,2244 1146,2244 1235,2244 1325,2250 1414,2244 1504,2244 1593,2244 1683,2244 1773,2244 1862,2244 1952,2244 2041,2244 2131,2244 2220,2244 2310,2244 2399,2244 2489,2244 2578,2244 2668,2238 2758,2244 2847,2244 2937,2244 3026,2238 3116,2238 3205,2244 3295,2244 3384,2238 3474,2238 3563,2238"/>
                <TextEquiv>
                    <Unicode>in meinen Briefen schreibe ich hochgeehrt</Unicode>
                </TextEquiv>
            </TextLine>
            <TextLine id="tr_1_tl_13" custom="readingOrder {index:12;}">
                <Coords points="381,2492 1223,2542 1386,2429 2031,2429 2291,2533 3136,2420 3417,2525 3614,2466 3614,2286 3212,2383 2575,2270 2299,2358 2115,2244 1616,2378 1457,2257 381,2299"/>
                <Baseline points="405,2417 495,2411 585,2417 674,2411 764,2411 853,2411 943,2411 1032,2411 1122,2411 1211,2411 1301,2411 1390,2417 1480,2417 1570,2411 1659,2411 1749,2411 1838,2411 1928,2411 2017,2405 2107,2411 2196,2411 2286,2411 2375,2405 2465,2405 2555,2411 2644,2405 2734,2411 2823,2411 2913,2411 3002,2411 3092,2411 3181,2411 3271,2417 3360,2417 3450,2423 3540,2423 3623,2429"/>
                <TextEquiv>
                    <Unicode>und hochgeschätz - ist das nicht sehr großeisch¬</Unicode>
                </TextEquiv>
            </TextLine>
            <TextLine id="tr_1_tl_14" custom="readingOrder {index:13;}">
                <Coords points="360,2646 1801,2588 2575,2718 3053,2596 3580,2693 3584,2479 3141,2420 2680,2529 2559,2425 2291,2533 1688,2416 1223,2542 364,2492"/>
                <Baseline points="382,2584 459,2584 549,2584 638,2584 728,2584 817,2590 907,2584 996,2578 1086,2578 1176,2578 1265,2584 1355,2578 1444,2578 1534,2572 1623,2572 1713,2572 1802,2572 1892,2572 1981,2572 2071,2578 2161,2578 2250,2572 2340,2572 2429,2578 2519,2578 2608,2572 2698,2572 2787,2572 2877,2578 2966,2578 3056,2578 3146,2584 3235,2584 3325,2578 3414,2578 3504,2572 3593,2566"/>
                <TextEquiv>
                    <Unicode>nem - nein! Das war nicht ist! Ich weiss</Unicode>
                </TextEquiv>
            </TextLine>
            <TextLine id="tr_1_tl_15" custom="readingOrder {index:14;}">
                <Coords points="373,2806 850,2764 1164,2889 1503,2776 2349,2768 2471,2889 2672,2772 3564,2822 3492,2659 3057,2600 2232,2730 1729,2605 1319,2718 997,2592 373,2684"/>
                <Baseline points="394,2758 483,2758 573,2752 662,2752 752,2752 841,2752 931,2752 1020,2758 1110,2752 1199,2752 1289,2752 1379,2752 1468,2758 1558,2752 1647,2752 1737,2752 1826,2746 1916,2752 2005,2752 2095,2752 2184,2758 2274,2758 2364,2758 2453,2752 2543,2752 2632,2752 2722,2752 2811,2758 2901,2758 2990,2763 3080,2763 3169,2763 3259,2763 3349,2763 3438,2763 3528,2763 3575,2763"/>
                <TextEquiv>
                    <Unicode>was mich dazu getrieben - in diesem Stil zu</Unicode>
                </TextEquiv>
            </TextLine>
            <TextLine id="tr_1_tl_16" custom="readingOrder {index:15;}">
                <Coords points="402,3069 733,2944 3559,2969 3559,2822 3241,2919 2885,2801 2471,2889 2362,2780 1738,2881 1503,2776 1168,2894 817,2776 402,2814"/>
                <Baseline points="423,2931 513,2931 602,2931 692,2931 782,2931 871,2925 961,2931 1050,2931 1140,2937 1229,2931 1319,2931 1408,2931 1498,2937 1587,2931 1677,2931 1767,2931 1856,2925 1946,2931 2035,2931 2125,2931 2214,2931 2304,2931 2393,2931 2483,2931 2572,2937 2662,2937 2752,2937 2841,2943 2931,2943 3020,2949 3110,2949 3199,2949 3289,2943 3378,2937 3468,2943 3557,2955 3569,2960"/>
                <TextEquiv>
                    <Unicode>schreiben und manchmal zu reden - es</Unicode>
                </TextEquiv>
            </TextLine>
            <TextLine id="tr_1_tl_17" custom="readingOrder {index:16;}">
                <Coords points="465,3174 1801,3128 1964,3224 2211,3120 2605,3266 2873,3124 3635,3157 3635,3048 1181,2935 465,3061"/>
                <Baseline points="489,3128 579,3116 668,3110 758,3110 847,3104 937,3098 1026,3098 1116,3098 1205,3098 1295,3098 1384,3098 1474,3104 1564,3098 1653,3104 1743,3104 1832,3098 1922,3092 2011,3092 2101,3098 2190,3104 2280,3104 2369,3110 2459,3110 2549,3116 2638,3116 2728,3110 2817,3110 2907,3110 2996,3110 3086,3110 3175,3116 3265,3110 3354,3116 3444,3116 3534,3128 3623,3140 3647,3134"/>
                <TextEquiv>
                    <Unicode>ist die Lute zu Franziska - ich will ihren</Unicode>
                </TextEquiv>
            </TextLine>
            <TextLine id="tr_1_tl_18" custom="readingOrder {index:17;}">
                <Coords points="394,3333 1164,3287 1348,3396 1683,3283 1868,3388 2056,3279 3325,3400 3551,3308 3551,3157 2856,3128 2621,3258 2236,3136 1411,3216 582,3111 394,3199"/>
                <Baseline points="417,3283 507,3289 596,3277 686,3277 776,3277 865,3277 955,3277 1044,3271 1134,3265 1223,3271 1313,3265 1402,3277 1492,3271 1581,3271 1671,3277 1761,3277 1850,3277 1940,3277 2029,3277 2119,3277 2208,3277 2298,3283 2387,3283 2477,3289 2566,3289 2656,3283 2746,3283 2835,3283 2925,3289 3014,3283 3104,3283 3193,3283 3283,3283 3372,3283 3462,3283 3551,3289 3557,3289"/>
                <TextEquiv>
                    <Unicode>Vater mir günstig können. Die Päusie ist</Unicode>
                </TextEquiv>
            </TextLine>
            <TextLine id="tr_1_tl_19" custom="readingOrder {index:18;}">
                <Coords points="381,3513 1009,3471 1273,3580 1440,3488 1621,3580 1742,3488 1926,3576 2726,3480 3028,3589 3664,3509 3660,3392 3480,3325 3337,3409 2048,3287 1872,3396 1683,3279 1240,3404 377,3325"/>
                <Baseline points="405,3462 495,3462 585,3462 674,3462 764,3456 853,3456 943,3450 1032,3450 1122,3450 1211,3456 1301,3456 1390,3456 1480,3456 1570,3456 1659,3456 1749,3456 1838,3462 1928,3462 2017,3462 2107,3462 2196,3462 2286,3462 2375,3468 2465,3468 2555,3468 2644,3468 2734,3468 2823,3462 2913,3462 3002,3462 3092,3462 3181,3462 3271,3468 3360,3468 3450,3468 3540,3480 3629,3486 3671,3486"/>
                <TextEquiv>
                    <Unicode>die Motivirung dieser Prosa – mein eigentliche</Unicode>
                </TextEquiv>
            </TextLine>
            <TextLine id="tr_1_tl_20" custom="readingOrder {index:19;}">
                <Coords points="389,3652 607,3790 850,3647 1089,3773 1348,3656 1524,3794 2056,3664 2228,3748 2408,3664 3568,3702 3564,3547 3262,3497 2910,3605 2178,3471 1679,3589 1432,3484 1273,3576 1005,3467 385,3505"/>
                <Baseline points="411,3641 501,3641 591,3635 680,3635 770,3629 859,3635 949,3635 1038,3635 1128,3629 1217,3629 1307,3635 1396,3635 1486,3635 1576,3635 1665,3641 1755,3641 1844,3635 1934,3641 2023,3641 2113,3635 2202,3635 2292,3641 2381,3647 2471,3647 2561,3647 2650,3647 2740,3647 2829,3647 2919,3647 3008,3653 3098,3653 3187,3653 3277,3653 3366,3653 3456,3653 3546,3659 3575,3659"/>
                <TextEquiv>
                    <Unicode>Ich ist Räufers doch jetzt - schnell mein Gedicht</Unicode>
                </TextEquiv>
            </TextLine>
            <TextLine id="tr_1_tl_21" custom="readingOrder {index:20;}">
                <Coords points="352,3840 1294,3978 1570,3836 2119,3827 2462,3957 2726,3852 3534,3915 3530,3756 3212,3689 2496,3685 2148,3802 2002,3714 1080,3769 934,3647 590,3790 352,3685"/>
                <Baseline points="376,3820 465,3820 555,3820 644,3820 734,3820 823,3820 913,3820 1002,3820 1092,3820 1182,3820 1271,3814 1361,3820 1450,3826 1540,3820 1629,3820 1719,3820 1808,3820 1898,3826 1987,3826 2077,3826 2167,3832 2256,3826 2346,3826 2435,3832 2525,3832 2614,3832 2704,3832 2793,3832 2883,3832 2972,3838 3062,3832 3152,3838 3241,3838 3331,3838 3420,3844 3510,3856 3540,3850"/>
                <TextEquiv>
                    <Unicode>an Franziska heraus - ich höre Schritte¬</Unicode>
                </TextEquiv>
            </TextLine>
            <TextLine id="tr_1_tl_22" custom="readingOrder {index:21;}">
                <Coords points="398,4129 1260,4016 2023,4150 2512,4033 3028,4045 3224,4175 3660,4079 3656,3790 3262,3978 2701,3865 2462,3957 2127,3827 1294,3978 833,3840 394,3924"/>
                <Baseline points="417,4005 507,4005 596,3999 686,4005 776,4005 865,4005 955,3999 1044,3999 1134,4005 1223,4011 1313,4011 1402,4005 1492,3999 1581,4005 1671,4005 1761,4005 1850,4005 1940,4005 2029,4005 2119,4011 2208,4011 2298,4011 2387,4011 2477,4011 2566,4017 2656,4017 2746,4023 2835,4023 2925,4029 3014,4029 3104,4029 3193,4029 3283,4035 3372,4035 3462,4041 3551,4047 3641,4053 3671,4053"/>
                <TextEquiv>
                    <Unicode>sie ist es - ich würde verlegen als werde</Unicode>
                </TextEquiv>
            </TextLine>
            <TextLine id="tr_1_tl_23" custom="readingOrder {index:22;}">
                <Coords points="402,4238 1093,4355 1432,4359 1868,4208 3002,4296 3002,4087 2776,4058 2655,4141 2140,4062 2023,4150 1717,4024 1508,4083 1411,4016 1286,4108 741,4020 402,4133"/>
                <Baseline points="423,4190 513,4190 602,4184 692,4184 782,4190 871,4184 961,4184 1050,4184 1140,4178 1229,4184 1319,4178 1408,4178 1498,4184 1587,4184 1677,4184 1767,4190 1856,4190 1946,4190 2035,4190 2125,4196 2214,4190 2304,4196 2393,4196 2483,4196 2572,4202 2662,4208 2752,4208 2841,4214 2931,4214 3014,4214"/>
                <TextEquiv>
                    <Unicode>Das Blut steigt mir in den Kopf</Unicode>
                </TextEquiv>
            </TextLine>
        </TextRegion>
        <TextRegion id="tr_2" custom="readingOrder {index:1;}">
            <Coords points="3677,206 7038,206 7038,2129 3677,2129"/>
            <TextLine id="tr_2_tl_1" custom="readingOrder {index:0;}">
                <Coords points="5176,327 5201,331 5234,297 5247,302 5280,276 5289,289 5322,264 5364,264 5364,155 5331,159 5301,130 5268,155 5264,147 5255,151 5226,180 5180,188"/>
                <Baseline points="5205,262 5283,256 5372,256"/>
                <TextEquiv>
                    <Unicode>11</Unicode>
                </TextEquiv>
            </TextLine>
            <TextLine id="tr_2_tl_2" custom="readingOrder {index:1;}">
                <Coords points="4820,561 4941,586 5008,553 5142,632 5234,544 5314,578 5402,536 5456,561 5641,523 5645,368 5419,381 5326,343 5046,406 4954,343 4828,364"/>
                <Baseline points="4841,543 4847,543 4936,537 5026,537 5116,531 5205,525 5295,519 5384,519 5474,513 5563,513 5653,507"/>
                <TextEquiv>
                    <Unicode>5. Auftritt</Unicode>
                </TextEquiv>
            </TextLine>
            <TextLine id="tr_2_tl_3" custom="readingOrder {index:2;}">
                <Coords points="4615,737 4782,720 5017,821 5126,754 5276,817 5402,754 5519,804 5934,758 5988,800 6084,775 6089,565 5628,519 5142,632 4987,636 4786,553 4619,611"/>
                <Baseline points="4638,710 4668,704 4757,698 4847,698 4936,704 5026,704 5116,698 5205,698 5295,692 5384,686 5474,680 5563,674 5653,674 5742,674 5832,668 5921,668 6011,662 6101,674"/>
                <TextEquiv>
                    <Unicode>Trangel. Franziska.</Unicode>
                </TextEquiv>
            </TextLine>
            <TextLine id="tr_2_tl_4" custom="readingOrder {index:3;}">
                <Coords points="3664,1030 3731,992 3873,1005 4108,938 4208,1013 4405,930 4401,754 4242,791 4104,750 3953,812 3861,754 3660,787"/>
                <Baseline points="3689,889 3778,895 3868,901 3957,901 4047,907 4137,907 4226,901 4316,901 4405,901 4417,901"/>
                <TextEquiv>
                    <Unicode>Franzs. Ah</Unicode>
                </TextEquiv>
            </TextLine>
            <TextLine id="tr_2_tl_5" custom="readingOrder {index:4;}">
                <Coords points="3660,1164 4238,1198 4418,1089 4644,1210 5699,1038 6332,1122 6466,1018 6633,1110 7022,1059 7027,884 4711,892 3664,1030"/>
                <Baseline points="3689,1080 3725,1074 3814,1074 3904,1074 3993,1074 4083,1080 4172,1074 4262,1068 4351,1062 4441,1062 4531,1056 4620,1056 4710,1050 4799,1044 4889,1044 4978,1038 5068,1038 5157,1032 5247,1032 5336,1026 5426,1020 5516,1020 5605,1014 5695,1014 5784,1014 5874,1014 5963,1014 6053,1008 6142,1008 6232,1008 6321,1002 6411,1002 6501,996 6590,996 6680,985 6769,990 6859,985 6948,985 7038,996"/>
                <TextEquiv>
                    <Unicode>rampel (nähert sich mit sicher Mann und überreicht ihr</Unicode>
                </TextEquiv>
            </TextLine>
            <TextLine id="tr_2_tl_6" custom="readingOrder {index:5;}">
                <Coords points="3656,1273 3731,1306 3773,1281 3978,1357 4108,1281 4234,1340 4430,1281 4430,1118 4338,1126 4238,1198 3961,1135 3873,1189 3656,1193"/>
                <Baseline points="3677,1247 3725,1253 3814,1247 3904,1241 3993,1241 4083,1241 4172,1241 4262,1241 4351,1235 4441,1235"/>
                <TextEquiv>
                    <Unicode>ein Papier.)</Unicode>
                </TextEquiv>
            </TextLine>
            <TextLine id="tr_2_tl_7" custom="readingOrder {index:6;}">
                <Coords points="3685,1520 4439,1407 4941,1524 5025,1457 5297,1487 5590,1390 5590,1311 5498,1269 5352,1306 5025,1240 4238,1340 4079,1294 3982,1361 3689,1290"/>
                <Baseline points="3707,1420 3719,1420 3808,1414 3898,1414 3987,1414 4077,1414 4166,1414 4256,1408 4345,1408 4435,1402 4525,1402 4614,1402 4704,1402 4793,1402 4883,1396 4972,1396 5062,1396 5151,1396 5241,1384 5330,1379 5420,1379 5510,1373 5599,1367"/>
                <TextEquiv>
                    <Unicode>Franzisk. Unzweifelhaft Herr</Unicode>
                </TextEquiv>
            </TextLine>
            <TextLine id="tr_2_tl_8" custom="readingOrder {index:7;}">
                <Coords points="3693,1621 6151,1637 7014,1528 7018,1399 5460,1386 4941,1524 4435,1407 3907,1528 3702,1440"/>
                <Baseline points="3719,1593 3802,1587 3892,1587 3981,1581 4071,1581 4160,1576 4250,1576 4339,1576 4429,1570 4519,1570 4608,1564 4698,1558 4787,1558 4877,1558 4966,1558 5056,1552 5145,1546 5235,1546 5324,1546 5414,1546 5504,1540 5593,1534 5683,1540 5772,1534 5862,1540 5951,1534 6041,1528 6130,1528 6220,1522 6309,1516 6399,1510 6489,1510 6578,1510 6668,1504 6757,1498 6847,1498 6936,1498 7026,1504"/>
                <TextEquiv>
                    <Unicode>Trampel. Theodor Friedrich August Wilhelm Victor</Unicode>
                </TextEquiv>
            </TextLine>
            <TextLine id="tr_2_tl_9" custom="readingOrder {index:8;}">
                <Coords points="3723,1859 5347,1738 5569,1868 5917,1734 6884,1755 6914,1608 3731,1608"/>
                <Baseline points="3748,1761 3790,1761 3880,1761 3969,1761 4059,1761 4148,1761 4238,1761 4328,1761 4417,1755 4507,1755 4596,1749 4686,1749 4775,1743 4865,1737 4954,1743 5044,1737 5133,1737 5223,1731 5313,1725 5402,1719 5492,1725 5581,1713 5671,1719 5760,1713 5850,1707 5939,1707 6029,1707 6118,1701 6208,1701 6298,1701 6387,1695 6477,1689 6566,1689 6656,1689 6745,1683 6835,1677 6924,1683"/>
                <TextEquiv>
                    <Unicode>Trampel, der Sie - - liebt. Ich sinke auf die Knie</Unicode>
                </TextEquiv>
            </TextLine>
            <TextLine id="tr_2_tl_10" custom="readingOrder {index:9;}">
                <Coords points="3723,1997 3827,2031 3936,1964 4091,1976 4137,1951 4234,2010 4305,2010 4309,1817 4192,1838 4104,1822 4054,1863 3966,1817 3886,1847 3827,1809 3781,1847 3727,1842"/>
                <Baseline points="3748,1946 3778,1946 3868,1946 3957,1946 4047,1940 4137,1940 4226,1940 4316,1934"/>
                <TextEquiv>
                    <Unicode>(Thut es.)</Unicode>
                </TextEquiv>
            </TextLine>
            <TextLine id="tr_2_tl_11" custom="readingOrder {index:10;}">
                <Coords points="3781,2215 4878,2224 5754,2085 6947,2157 7010,1968 6424,1884 5934,2002 5565,1914 3786,2023"/>
                <Baseline points="3808,2119 3886,2113 3975,2113 4065,2113 4154,2107 4244,2107 4334,2101 4423,2107 4513,2107 4602,2101 4692,2101 4781,2095 4871,2095 4960,2089 5050,2089 5139,2083 5229,2083 5319,2077 5408,2077 5498,2077 5587,2071 5677,2071 5766,2071 5856,2065 5945,2059 6035,2059 6124,2053 6214,2059 6304,2059 6393,2047 6483,2041 6572,2041 6662,2035 6751,2029 6841,2029 6930,2023 7020,2035"/>
                <TextEquiv>
                    <Unicode>Franzisk. Es ist noch naß. Gestern ist erst war</Unicode>
                </TextEquiv>
            </TextLine>
        </TextRegion>
        <TextRegion id="tr_3" custom="readingOrder {index:2;}">
            <Coords points="3754,2182 7127,2182 7127,4272 3754,4272"/>
            <TextLine id="tr_3_tl_1" custom="readingOrder {index:0;}">
                <Coords points="3731,2316 5636,2282 5641,2161 5109,2140 4891,2224 4761,2178 4481,2236 4188,2165 3945,2240 3735,2194"/>
                <Baseline points="3754,2298 3766,2298 3856,2298 3945,2298 4035,2292 4125,2286 4214,2280 4304,2280 4393,2280 4483,2274 4572,2274 4662,2274 4751,2268 4841,2262 4930,2262 5020,2256 5110,2250 5199,2250 5289,2244 5378,2244 5468,2238 5557,2232 5647,2238"/>
                <TextEquiv>
                    <Unicode>erst der Zimmerputzer da</Unicode>
                </TextEquiv>
            </TextLine>
            <TextLine id="tr_3_tl_2" custom="readingOrder {index:1;}">
                <Coords points="3756,2525 4066,2580 4527,2454 4728,2563 5289,2433 5494,2554 5942,2446 6156,2533 6960,2404 7014,2278 4644,2278 4167,2387 3765,2307"/>
                <Baseline points="3784,2471 3796,2465 3886,2465 3975,2459 4065,2453 4154,2447 4244,2441 4334,2435 4423,2441 4513,2441 4602,2441 4692,2435 4781,2435 4871,2429 4960,2423 5050,2417 5139,2417 5229,2411 5319,2411 5408,2405 5498,2405 5587,2405 5677,2405 5766,2405 5856,2405 5945,2399 6035,2393 6124,2393 6214,2387 6304,2393 6393,2387 6483,2381 6572,2381 6662,2375 6751,2369 6841,2364 6930,2364 7020,2369"/>
                <TextEquiv>
                    <Unicode>Trampel. Ihr Theodors Gefühle befehligt kam</Unicode>
                </TextEquiv>
            </TextLine>
            <TextLine id="tr_3_tl_3" custom="readingOrder {index:2;}">
                <Coords points="3765,2734 3978,2638 4074,2672 4158,2638 4296,2722 4426,2663 4510,2734 4648,2655 4845,2638 4853,2433 4652,2521 4510,2458 4254,2550 4162,2525 4070,2580 3978,2521 3773,2529"/>
                <Baseline points="3790,2644 3874,2638 3963,2632 4053,2626 4142,2620 4232,2614 4322,2614 4411,2614 4501,2608 4590,2602 4680,2602 4769,2602 4859,2596"/>
                <TextEquiv>
                    <Unicode>Zimmerputzer</Unicode>
                </TextEquiv>
            </TextLine>
            <TextLine id="tr_3_tl_4" custom="readingOrder {index:3;}">
                <Coords points="3790,2822 3915,2827 4054,2914 4204,2856 4460,2860 4548,2810 4979,2831 4983,2646 4912,2680 4656,2659 4510,2734 4380,2667 4309,2709 4129,2705 4033,2646 3790,2714"/>
                <Baseline points="3814,2811 3826,2811 3916,2805 4005,2799 4095,2793 4184,2787 4274,2787 4363,2787 4453,2793 4542,2793 4632,2793 4722,2787 4811,2781 4901,2775 4990,2775"/>
                <TextEquiv>
                    <Unicode>Franziska Ober¬</Unicode>
                </TextEquiv>
            </TextLine>
            <TextLine id="tr_3_tl_5" custom="readingOrder {index:4;}">
                <Coords points="3752,3069 5063,2965 5406,3069 5854,2944 6034,3044 6495,2919 6939,3011 7085,2977 7089,2743 6579,2856 5749,2760 3756,2881"/>
                <Baseline points="3778,2990 3784,2984 3874,2978 3963,2978 4053,2972 4142,2972 4232,2966 4322,2966 4411,2966 4501,2960 4590,2960 4680,2960 4769,2955 4859,2955 4948,2949 5038,2943 5127,2943 5217,2943 5307,2937 5396,2931 5486,2931 5575,2931 5665,2931 5754,2925 5844,2925 5933,2925 6023,2925 6112,2919 6202,2919 6292,2919 6381,2907 6471,2907 6560,2907 6650,2907 6739,2907 6829,2895 6918,2895 7008,2895 7097,2907"/>
                <TextEquiv>
                    <Unicode>Crampel. Ihres Friederichs Lübe ist unermesslich.</Unicode>
                </TextEquiv>
            </TextLine>
            <TextLine id="tr_3_tl_6" custom="readingOrder {index:5;}">
                <Coords points="3769,3195 5347,3116 5519,3237 5804,3111 6118,3220 6323,3166 6327,3057 5812,2948 5410,3069 5159,2977 4824,3082 4648,3015 3773,3082"/>
                <Baseline points="3790,3152 3832,3146 3922,3152 4011,3152 4101,3146 4190,3146 4280,3146 4369,3146 4459,3152 4548,3140 4638,3140 4728,3134 4817,3134 4907,3128 4996,3128 5086,3122 5175,3122 5265,3116 5354,3110 5444,3110 5533,3110 5623,3104 5713,3098 5802,3098 5892,3098 5981,3098 6071,3092 6160,3092 6250,3092 6339,3092"/>
                <TextEquiv>
                    <Unicode>Franziska. Sie machen sich schmutzig!</Unicode>
                </TextEquiv>
            </TextLine>
            <TextLine id="tr_3_tl_7" custom="readingOrder {index:6;}">
                <Coords points="3806,3379 4610,3425 4782,3321 5406,3438 6595,3279 6968,3379 7077,3346 7081,3095 6419,3216 5862,3120 5515,3237 4887,3141 3811,3208"/>
                <Baseline points="3832,3319 3862,3325 3951,3325 4041,3325 4131,3325 4220,3325 4310,3319 4399,3319 4489,3325 4578,3313 4668,3301 4757,3301 4847,3301 4936,3301 5026,3301 5116,3295 5205,3295 5295,3295 5384,3289 5474,3283 5563,3277 5653,3277 5742,3277 5832,3277 5921,3277 6011,3271 6101,3265 6190,3265 6280,3259 6369,3253 6459,3253 6548,3247 6638,3253 6727,3247 6817,3247 6906,3253 6996,3259 7086,3259"/>
                <TextEquiv>
                    <Unicode>Frampel. Ihr August achtet keinen Schwutz¬</Unicode>
                </TextEquiv>
            </TextLine>
            <TextLine id="tr_3_tl_8" custom="readingOrder {index:7;}">
                <Coords points="3773,3597 3865,3597 3953,3530 4104,3584 4221,3518 4707,3543 4786,3518 4799,3342 4656,3421 4539,3396 4342,3446 4196,3337 3794,3375"/>
                <Baseline points="3802,3540 3814,3534 3904,3522 3993,3516 4083,3510 4172,3504 4262,3492 4351,3486 4441,3474 4531,3468 4620,3468 4710,3450 4799,3456"/>
                <TextEquiv>
                    <Unicode>bei Ihnen</Unicode>
                </TextEquiv>
            </TextLine>
            <TextLine id="tr_3_tl_9" custom="readingOrder {index:8;}">
                <Coords points="3811,3777 4146,3811 4573,3693 5343,3656 5465,3752 5804,3652 5967,3693 5971,3576 4937,3505 3819,3593"/>
                <Baseline points="3838,3689 3922,3683 4011,3683 4101,3683 4190,3683 4280,3677 4369,3671 4459,3677 4548,3677 4638,3671 4728,3671 4817,3665 4907,3665 4996,3659 5086,3659 5175,3653 5265,3647 5354,3647 5444,3635 5533,3635 5623,3635 5713,3629 5802,3629 5892,3629 5981,3629"/>
                <TextEquiv>
                    <Unicode>Franzisk. Sie sind ungestum.</Unicode>
                </TextEquiv>
            </TextLine>
            <TextLine id="tr_3_tl_10" custom="readingOrder {index:9;}">
                <Coords points="3852,3986 4711,3865 5079,3978 5414,3852 6960,3832 6964,3652 3861,3773"/>
                <Baseline points="3880,3874 3928,3874 4017,3874 4107,3868 4196,3868 4286,3862 4375,3862 4465,3856 4554,3868 4644,3856 4733,3856 4823,3850 4913,3850 5002,3850 5092,3844 5181,3844 5271,3838 5360,3838 5450,3832 5539,3826 5629,3826 5718,3820 5808,3814 5898,3814 5987,3814 6077,3814 6166,3808 6256,3808 6345,3802 6435,3802 6524,3796 6614,3790 6703,3784 6793,3784 6883,3778 6972,3790"/>
                <TextEquiv>
                    <Unicode>Trämpel. Ihr Wilhelm liebt mit der Glut</Unicode>
                </TextEquiv>
            </TextLine>
            <TextLine id="tr_3_tl_11" custom="readingOrder {index:10;}">
                <Coords points="4795,4091 5117,4045 5502,4162 5691,4024 5950,4087 6114,4020 6361,4129 6662,4003 7119,4033 7123,3827 6386,3840 6235,3920 5674,3844 5486,3924 5352,3852 5092,3982 4987,3911 4799,3953"/>
                <Baseline points="4817,4041 4889,4041 4978,4035 5068,4029 5157,4029 5247,4029 5336,4023 5426,4017 5516,4017 5605,4017 5695,4011 5784,4011 5874,4005 5963,4005 6053,4005 6142,3999 6232,3999 6321,3993 6411,3987 6501,3981 6590,3981 6680,3975 6769,3975 6859,3981 6948,3987 7038,3999 7127,4017"/>
                <TextEquiv>
                    <Unicode>mit der Glut eines Gottentotten</Unicode>
                </TextEquiv>
            </TextLine>
            <TextLine id="tr_3_tl_12" custom="readingOrder {index:11;}">
                <Coords points="3731,4112 3827,4150 3915,4083 4083,4074 4326,4158 4460,4091 4665,4070 4669,3920 4581,3894 4355,3970 4292,3940 4204,3986 4141,3932 4104,3966 4041,3940 3915,3995 3735,3995"/>
                <Baseline points="3760,4071 3778,4077 3868,4071 3957,4071 4047,4071 4137,4065 4226,4065 4316,4065 4405,4059 4495,4053 4584,4047 4674,4053"/>
                <TextEquiv>
                    <Unicode>mit der Glut</Unicode>
                </TextEquiv>
            </TextLine>
            <TextLine id="tr_3_tl_13" custom="readingOrder {index:12;}">
                <Coords points="4569,4280 4677,4305 4728,4275 4799,4334 4866,4305 4920,4342 4987,4309 5029,4334 5180,4322 5226,4305 5234,4091 5197,4095 5121,4045 5071,4066 5025,4049 4975,4083 4895,4058 4799,4116 4728,4100 4577,4133"/>
                <Baseline points="4596,4226 4614,4226 4704,4226 4793,4220 4883,4220 4972,4214 5062,4208 5151,4202 5241,4208"/>
                <TextEquiv>
                    <Unicode>O-ans!</Unicode>
                </TextEquiv>
            </TextLine>
            <TextLine id="tr_3_tl_14" custom="readingOrder {index:13;}">
                <Coords points="3848,4334 3903,4351 3978,4317 4058,4363 4129,4368 4179,4338 4217,4351 4301,4296 4397,4334 4485,4313 4497,4108 4456,4091 4326,4158 4263,4125 4171,4162 4066,4079 3978,4079 3903,4137 3857,4116"/>
                <Baseline points="3874,4262 3963,4250 4053,4244 4142,4244 4232,4238 4322,4238 4411,4226 4501,4226"/>
                <TextEquiv>
                    <Unicode>Franzisk.</Unicode>
                </TextEquiv>
            </TextLine>
        </TextRegion>
    </Page>
</PcGts>
