7272 4904
1840 395 2083 580 321.
244 588 2209 1004 sei entsteht!  seinerheiratet
244 718 3486 1088 Mivi. Deine Frau ist ganz einfach verreist!
252 874 3230 1336 Arth. Schmolkes, du bist im Göttermansch!
290 1084 3482 1529 Morny! Aber du wirst müd sein, lieber Urtheilieb,
273 1302 3179 1688 und auch sie, mein Fräulein und kommt beide
260 1441 3469 1869 zu mir hinauf! Durch das mittlerweile grösse
248 1688 2272 2054 mete Thor abmit den ändern.)
1541 1865 2373 2138 4 Auftritt.
1075 2003 3331 2302 Tropps. Klopps. Andre Gerichtsdienes.
277 2155 3507 2545 Troggs. Hier steht es deutelich und ebenso leserlich
361 2285 3356 2722 geschrieben. Höret noch einmal zu, ihr
382 2474 3570 2881 Bürger von Knoryshin! (Liestosciner Rolle)
672 2659 3570 3083 Es kommet uns aus der Residenz die Nachricht
391 2848 3591 3259 zu, daß dem Professur Franz Jakob Joseph Philipp
391 3007 3410 3423 Christian Blasius Philosophus seine Tochter
437 3196 3566 3587 verloren gegangen ist und sie ohne Zweifel
445 3394 3620 3776 von Moriz Schmolkes nach Knorgsheum ent¬
462 3566 3625 3944 führet worden ist. Wannenhero unverwähnter
458 3717 3570 4158 Mern Schmolkes in derhaft zu nehmen ist!
475 3898 3625 4255 Für dem Gerichtsrat von Knorpheim Pafizius Luchs.
403 4112 3545 4481 Klopps. Wir sind Holdgasse Nr 27. Da wähnt Morry
500 4351 1239 4708 Schwelkes.
5187 185 5401 437 33
3641 311 7014 718 droggs. So kommet dem Fierin, und haltet ihn gefangen.
3662 563 6964 920 Heute hat er Ruhenarreste. Morgen erst ist große
3700 752 6896 1121 Gerichtsverhandelung. Ehrsam Bürger von
3700 907 7031 1268 Knorgshine, kommet nun in des Moriz Schenckes
3738 1138 5489 1491 Gehäuse! (Alle ab.)
4922 1407 6132 1739 Verwandlung.
4095 1579 6901 1978 Bahnhofin der Residenz & Locomotion u
3881 1806 6964 2100 Waggons auf den Schunnen. Conducteure
3814 2029 5620 2331 und andre Bahnbedienstete
5032 2138 6056 2394 6. Auftritt
4355 2327 7140 2621 Trampel u ligst mit Gachteln und Koffern
3759 2428 7140 2856 Trampel. Endlich die? Conducteur! Ist schon der letzte
3780 2722 4595 3062 zug fort?
3805 2822 6182 3184 Conducteur. Der letzte Zug? Natürlich!
3830 2990 7106 3326 Grampel. O Himmel. Und ist nicht ein gewisser
3814 3230 5401 3515 Herr mitgefährig?
5174 3343 6712 3578 riele gewisse Herren:
5170 3528 6271 3688 Es war er gewi¬
3814 3385 5103 3679 Conducteur. Ihr
3835 3587 6451 3851 strampel. Gott kommen Uhr ist jetzt?
3843 3692 6821 4057 Conclusus 10 Minuten über Acht!
3872 3868 7123 4347 Krampl. ist also der Gühr, Geg noch nicht fort
4322 4078 5569 4448 Naturlich nicht
3826 4154 4246 4439 Concl.
