7240 4744
5355 153 5568 387 45
3659 421 4709 727 Arth. Niemand.
242 378 3460 727 da lieget bei dem hochlöblichen Bürgermeisteramte von
3676 540 7038 850 Troggs. Mir will es benah bedunken, als ob mir
221 663 3583 901 unsrer außerordentlich ehrbaren und zu verehrenden
3693 710 7021 1050 Jäheres Fräulein Malzhopfen dort oben ihr Hausliches
225 795 3498 1135 Stadt Kriegshein, daß allhier in diesem Hause ein
3659 939 5453 1224 Herr aufgeschlagen hatte,
234 1003 3396 1250 Korn, Schmolkes wohnt, und dieser Herr ist
3680 1109 6243 1428 Philos. Also, Fräulein Malzhopfen. (Ab)
268 1190 3353 1428 allgemein bekannt, Moriz Schmolkes zu heißen
4972 1271 5852 1488 12. Auftritt.
225 1364 1921 1572 und also genannt zu werden.
4140 1432 6604 1742 Sorige ohne den Professor Trangel
314 1556 3481 1815 Philosophus. Meine Herren Intektives. Ich werde
3680 1619 5784 1930 Arthur. O weh, wie wird mir.
234 1742 3528 2032 doch besser wissen, wer der Herr Morz Schmolker
3693 1819 5304 2095 Körz. Sei nur furchtlos
280 1930 582 2159 P.
3719 1951 7030 2270 Arthur. La! Furchtlos! Jetzt kommt alles heraus.
310 2048 2550 2304 Schgut. Fragen Sie! Unterrichten Sie sich!
3736 2155 7076 2448 Es war doch eine gelinde Dummheit von mir, deinen
336 2210 3413 2524 Philosophus. Nicht wahr, Sie heißen nicht Moritz
3693 2329 5002 2635 Mauren anzunehmen,
276 2448 1118 2648 Schmolkes?
3693 2503 6277 2724 Mornz. Nun, ein kleines Abenteuer
344 2563 2605 2848 Schwein. Oja. ich heiße Schmolkes¬
3200 2618 3540 2818 unth
3706 2712 6957 2975 Arthur. Schöne Reihe das! Ich freute mich schon,
344 2737 3578 3013 Philosophus". Schmurde doch besser wissen, wie Sie Neußen.
3680 2864 6439 3170 Ausflüge in die Berge zu machen - und
340 2894 3515 3230 Meine Herren detectieres? Was soll ich jetzt thun?
3714 3030 6086 3336 Morig. Das Dauerwetter bricht los.
387 3086 2172 3362 Schgut. Wir brauchen Zeugen.
4849 3188 5844 3417 B. Auftritt
340 3243 3578 3574 Philosophus. Zeugen? Nun, war in diesem Hauswohn
4403 3302 7119 3668 Sorige. Philosophus Frl. Malzhopfen. Franziska
340 3430 3447 3774 wird den Herrn wohl kennen. Ich gehe in den 1.
3732 3519 7157 3889 Phil. Nun, da haben wir die Bescherung! Nun, meine
280 3625 812 3855 Tork.
3736 3736 7110 4033 Tochter, wenn ist da der Herr Morz Schmolkes
310 3698 3625 4106 Rath. O zum Teufel. Jetzt ist um mich geschehe.
3719 3868 7144 4233 Franzk. Nun, ich denke, dieser E. Herr. (Auf vorn Schmöler
280 3978 3094 4280 Er geht zur Malzkopfen Mime Franziskal
3698 4131 4505 4378 während.)
323 4135 2503 4446 Pfilos. Wer wohnt im! Wock
