7160 4648
3624 267 7006 626 4/3 Cramgus (kommt zurück.) Ich hab auch schon ein Bissen
326 242 3223 635 Crampul. Ist ihre Tochter auch ein Apparat?
401 543 3507 735 Phil. Dummkopf! Du mußt sehen, obvon allen
3632 543 5127 752 davon getrunken.
3691 660 6989 985 ¾ sel. Dummkopf! Vom Spiritus? (Sicht die Flasse)
284 735 3465 969 meinen Sammlungen alle Stärke da sind. Auf
3666 877 6772 1077 Crampus! Das ist ja Wein! Und Himmel
259 852 3515 1102 einige mußt du besonders Acht geben, zum Beispiel
3649 1019 6772 1286 das ist ja die Zuckerbüchse! Geh' zurück und
267 1019 3499 1303 auf diese unsistorischen Todtenkopfe. - Was
3582 1177 7014 1445 merk“ es dir. Botanisirbuchse und Spiritusflosse.
301 1194 1386 1478 hab ich gesagt.
267 1378 2814 1653 Crampus. Archistorische Todtenköpfe.
3632 1394 4542 1662 Cramgus (ab)
3707 1561 6964 1854 schil. Wo hab ich denn nur mein Notizbuch
284 1595 3549 1854 Rhel. Das war nur ein drückfestes. Es soll vorhisto¬
3699 1695 7014 2012 Ah das Schmuss mir doch wieder einmal alle
292 1728 1219 2004 risch heißen.
6129 1862 6338 1979 Dein
3674 1879 7031 2179 keine Objekte durchlesen. (Kraft.) 1. Zwei menschliche
242 1904 3549 2213 Crampus. Und das Casserot da, das steht schon
3657 2029 7014 2313 Todtenköpfe, aus der Zeit von Adam und Eva.
250 2104 3524 2338 einen halben Magat da, und wird nicht ausgeputze
276 2238 3490 2538 Phil. dumkopf! Das ist im Expariment, da
3582 2246 7031 2472 2. Ein Nahmüdzahn aus dem eisernen Zeitalter,
292 2413 3465 2714 sind Linsen drin! Ich bin neugierig was in
3632 2413 7056 2680 gefunden neben den Kukuruzfeld des Grafen
3649 2622 6814 2864 Labsal im vorigen Jahrhundert. 3. Fünfzig
234 2580 2831 2831 einigen Jahren damit geschehen wird.
3632 2747 7014 3031 kubikomtimenter 40 jährige Luft gefunden in
259 2764 3565 3031 Cravegus. Was - in dem Exprimant sind tiefer dreie
3632 2922 7056 3173 einer Folterkammer, die seit 400 Jahrsunderle
276 2922 3524 3231 Wils jetzt ja kein Experment; das ist ja ein
3649 3098 7081 3365 nicht geöffnet worden. 4. Jän Tintenfisch fand
259 3123 852 3332 Assenol
284 3290 6997 3557 Schil. Schweig! Das verstehst du nicht' Jetzt geh und einem Glas, in welchen er enthalten ist. 5. Eine
3632 3449 7014 3699 Violine aus der Zeit des Nebukadengar. 6. Ein
292 3457 3565 3766 hole mir die Botanisirbüchse. Dann meine Spiritus¬
317 3632 3565 3966 flasche! (Cvangulab.) Ich hoffe, daß mir diese Reihe
3657 3624 6663 3924 Gulden so. V. aus der Zeit des Claudub Nerv.
359 3833 3507 4167 zu nenden Entdeckungen und Erfindungen Anlaß
3674 3841 5770 4150 Gramgus (kommt mit dem Verlangten)
376 3991 1086 4275 geben wird
3682 4033 4501 4342 Phil. Gudlich
