7256 4808
1751 235 1961 466 40
223 504 2335 848 (Es und zum 3. Mal gelautet.)
244 684 3367 1016 Transpel (kommt gelaufen.) Ha. schon alles zu¬
269 857 3430 1213 Herr Professor - in welchem Augen¬
294 1041 3309 1365 Sind sie da! Mein! Und da! Nein, auch
197 1197 3380 1533 nicht! Da! Ja, Herr Professor, ma¬
218 1381 3338 1747 chen Sie auf! (Man öffnet das Congén.)
281 1596 3254 1931 Es warüber die höchste Zeit! Gab ich nun
235 1726 3409 2053 meine Karte? Ja! (Man sieht ihn nicht
227 1873 3493 2263 mehr.) So jetzt bin ich beanzügt. Sicht zum
336 2083 3346 2414 Fenster hinaus. Es pfeift. Der Zug
311 2259 3569 2612 fährt ab.) So, Herr Professore beliebt etwas
344 2507 1155 2712 Sigeeuer?
302 2599 3569 2927 Schgul (während der Zug geht, im Augen) Lignau
424 2759 3451 3086 Schreiben Sie, Augenschärf! (der Zuggeht
378 3040 1222 3304 schaller)
382 3107 3460 3464 Trampel (ebenso) O zum reufel! Ich sob
491 3283 3577 3598 eine Schachtel am Bahnhof vergessen (Sach
323 3456 3015 3875 zum Seister. heraus.) O zum Teufel!
1171 3653 2733 4018 (der Zug ist Fort.)
4682 332 5433 676 Verwandlung.
4459 554 6349 878 Zimmer des Moriz Schmolkes.
4862 739 5664 1041 9. Auftritt.
3884 831 4161 1050 1/2
4635 920 6105 1234 Arthur, Moriz.
4018 1079 6202 1411 Tropps, Klopp’s, Gerichtsdiener
3640 1222 6928 1537 Tropps. St. allhero wird geweilet, biswannen die
3707 1449 6932 1797 höchlich zu lobenden Herren Detectives aus der Residenz
3661 1612 6978 1864 anhero kommen, wie auf dieselbige Weise ebenso auch
3682 1772 7062 2112 Herr Professor Franz Jakob Joseph Philipp Christian Blasius
3712 2036 4577 2305 Philosophes.
3712 2125 6567 2469 Mortz. Ja, aber was hab ich denn gethan.
3766 2280 7104 2553 Tropps. Sie stehen in dem Verdachte, die Ihrlan Tochter
3737 2460 6957 2830 des Herrn Professor Philosophus hieherge und
3737 2708 5202 3011 verführet zu haben.
3695 2838 5677 3191 Morn. Ich war es aber nicht!
3737 2994 7029 3275 Troppes. Das müssen wir besser wissen. Sie müssten die
3733 3199 5542 3540 Tungfraue verstecket haben.
3783 3384 6214 3674 Mörn. Sie haben sie ja nicht gefunden.
3787 3510 7016 3888 Arthur ist in glücklicher Einfall, daß wir Franziska
3766 3754 6441 4064 am Fraulein Malzhopfen versteckt haben.
3779 3863 7129 4203 Troppt. Wir verbieten hiermit von Rechtswegen
3741 4048 6693 4455 daß der Angeklagete mit jemanden spünsel
