<?xml version="1.0" encoding="UTF-8" standalone="yes"?>
<PcGts xmlns="http://schema.primaresearch.org/PAGE/gts/pagecontent/2013-07-15" xmlns:xsi="http://www.w3.org/2001/XMLSchema-instance" xsi:schemaLocation="http://schema.primaresearch.org/PAGE/gts/pagecontent/2013-07-15 http://schema.primaresearch.org/PAGE/gts/pagecontent/2013-07-15/pagecontent.xsd">
    <Metadata>
        <Creator>prov=READ-COOP:name=TrHtr:version=2.1.0:model_id=51170:date=01_08_2023_02:57</Creator>
        <Created>2023-05-10T11:36:11.519+02:00</Created>
        <LastChange>2023-08-01T02:57:03.958+02:00</LastChange>
        <TranskribusMetadata docId="1428165" pageId="55388826" pageNr="3" tsid="131648360" status="IN_PROGRESS" userId="64420" imgUrl="https://files.transkribus.eu/Get?id=PCGQFNWZDWBJUEINWBFFDUDO&amp;fileType=view" xmlUrl="https://files.transkribus.eu/Get?id=PROIHVGVUUYEPKUQZCJZPHRO" imageId="44663716"/>
    </Metadata>
    <Page imageFilename="1428165_0003.jpg" imageWidth="7176" imageHeight="4664">
        <ReadingOrder>
            <OrderedGroup id="ro_1711818598620" caption="Regions reading order">
                <RegionRefIndexed index="0" regionRef="tr_2"/>
                <RegionRefIndexed index="1" regionRef="tr_1"/>
            </OrderedGroup>
        </ReadingOrder>
        <TextRegion id="tr_2" custom="readingOrder {index:0;}">
            <Coords points="3684,338 7010,338 7010,1556 3684,1556"/>
            <TextLine id="tr_2_tl_1" custom="readingOrder {index:0;}">
                <Coords points="3716,466 3880,445 3923,466 3967,432 4010,445 4100,397 4169,406 4191,220 4165,216 4062,272 3962,242 3798,311 3729,306"/>
                <Baseline points="3738,435 3827,429 3917,418 4007,412 4096,406 4186,388"/>
                <TextEquiv>
                    <Unicode>846.</Unicode>
                </TextEquiv>
            </TextLine>
            <TextLine id="tr_2_tl_2" custom="readingOrder {index:1;}">
                <Coords points="4640,470 4739,470 4908,578 5227,587 5369,540 5568,591 5723,552 5723,414 5607,371 5533,410 5318,393 5223,449 4864,341 4640,380"/>
                <Baseline points="4664,507 4747,501 4837,507 4926,513 5016,519 5105,519 5195,519 5285,513 5374,513 5464,513 5553,507 5643,501 5732,501"/>
                <TextEquiv>
                    <Unicode>Erster Akt.</Unicode>
                </TextEquiv>
            </TextLine>
            <TextLine id="tr_2_tl_3" custom="readingOrder {index:2;}">
                <Coords points="4105,665 4135,656 4169,669 4195,652 4217,673 4239,673 4260,652 4286,673 4325,673 4329,492 4204,458 4157,501 4109,501"/>
                <Baseline points="4132,603 4162,603 4251,609 4341,597"/>
                <TextEquiv>
                    <Unicode>191</Unicode>
                </TextEquiv>
            </TextLine>
            <TextLine id="tr_2_tl_4" custom="readingOrder {index:3;}">
                <Coords points="4705,747 4782,777 4895,751 5033,816 5197,725 5339,751 5581,725 5615,716 5611,578 5344,626 4834,540 4700,578"/>
                <Baseline points="4729,633 4819,656 4908,662 4998,680 5088,680 5177,680 5267,686 5356,680 5446,680 5535,674 5625,668"/>
                <TextEquiv>
                    <Unicode>Ein Zimmer</Unicode>
                </TextEquiv>
            </TextLine>
            <TextLine id="tr_2_tl_5" custom="readingOrder {index:4;}">
                <Coords points="5041,881 5085,876 5205,967 5300,889 5365,872 5577,915 5581,742 5529,751 5490,721 5361,755 5188,729 5046,799"/>
                <Baseline points="5064,853 5141,853 5231,848 5320,848 5410,842 5500,842 5589,842"/>
                <TextEquiv>
                    <Unicode>1. Auftritt.</Unicode>
                </TextEquiv>
            </TextLine>
            <TextLine id="tr_2_tl_6" custom="readingOrder {index:5;}">
                <Coords points="4821,1075 5339,1057 5421,1109 5943,1023 6362,1139 6436,1070 6651,1079 6656,881 6535,846 6030,971 5905,893 5702,971 5464,893 5162,980 5007,885 4826,924"/>
                <Baseline points="4843,1021 4873,1027 4962,1027 5052,1027 5141,1021 5231,1021 5320,1015 5410,1015 5500,1015 5589,1009 5679,1009 5768,1009 5858,1009 5947,1015 6037,1015 6127,1015 6216,1009 6306,1009 6395,1009 6485,1003 6574,1003 6664,1009"/>
                <TextEquiv>
                    <Unicode>Philosophus fallein, mit einem Brief.)</Unicode>
                </TextEquiv>
            </TextLine>
            <TextLine id="tr_2_tl_7" custom="readingOrder {index:6;}">
                <Coords points="3660,1295 6876,1200 6690,1040 4584,1174 3660,1096"/>
                <Baseline points="3684,1206 3750,1212 3839,1218 3929,1218 4019,1224 4108,1218 4198,1212 4287,1206 4377,1206 4466,1212 4556,1212 4646,1206 4735,1206 4825,1206 4914,1206 5004,1206 5093,1200 5183,1200 5273,1200 5362,1200 5452,1194 5541,1194 5631,1194 5721,1188 5810,1182 5900,1188 5989,1182 6079,1182 6168,1176 6258,1176 6348,1176 6437,1182 6527,1182 6616,1182 6706,1182 6795,1182 6885,1182"/>
                <TextEquiv>
                    <Unicode>Hrn! Hrn! Müssen es uns bedenken,- müssen er uns Bedenken.</Unicode>
                </TextEquiv>
            </TextLine>
            <TextLine id="tr_2_tl_8" custom="readingOrder {index:7;}">
                <Coords points="3664,1498 4562,1420 4899,1511 5266,1386 6453,1502 7005,1411 7010,1295 6755,1191 6561,1295 3669,1299"/>
                <Baseline points="3690,1367 3696,1367 3786,1379 3875,1385 3965,1391 4054,1391 4144,1385 4234,1385 4323,1379 4413,1379 4502,1379 4592,1379 4681,1379 4771,1379 4861,1379 4950,1373 5040,1373 5129,1373 5219,1373 5308,1373 5398,1367 5488,1373 5577,1367 5667,1367 5756,1361 5846,1361 5936,1361 6025,1355 6115,1355 6204,1349 6294,1355 6383,1355 6473,1355 6563,1355 6652,1349 6742,1355 6831,1355 6921,1355 7010,1361"/>
                <TextEquiv>
                    <Unicode>Ich will mir den Briefwoch einmal laut vor die Ohren führen.</Unicode>
                </TextEquiv>
            </TextLine>
            <TextLine id="tr_2_tl_9" custom="readingOrder {index:8;}">
                <Coords points="4955,1593 5067,1593 5119,1636 5141,1614 5175,1632 5257,1575 5296,1571 5339,1593 5352,1407 5296,1416 5253,1386 5128,1390 5072,1429 5020,1420 4985,1455 4964,1450"/>
                <Baseline points="4980,1546 4998,1540 5088,1540 5177,1534 5267,1534 5356,1510"/>
                <TextEquiv>
                    <Unicode>(Liest.)</Unicode>
                </TextEquiv>
            </TextLine>
        </TextRegion>
        <TextRegion id="tr_1" custom="readingOrder {index:1;}">
            <Coords points="3606,1640 7070,1640 7070,4250 3606,4250"/>
            <TextLine id="tr_1_tl_1" custom="readingOrder {index:0;}">
                <Coords points="3643,1752 3954,1843 4545,1748 4851,1873 5115,1739 5318,1847 6043,1701 6280,1830 6617,1709 6962,1765 6962,1593 3643,1614"/>
                <Baseline points="3666,1725 3750,1731 3839,1731 3929,1737 4019,1737 4108,1731 4198,1725 4287,1725 4377,1725 4466,1725 4556,1725 4646,1719 4735,1719 4825,1719 4914,1719 5004,1719 5093,1713 5183,1713 5273,1719 5362,1713 5452,1713 5541,1713 5631,1713 5721,1707 5810,1707 5900,1707 5989,1701 6079,1701 6168,1701 6258,1696 6348,1696 6437,1696 6527,1690 6616,1690 6706,1696 6795,1696 6885,1701 6975,1701"/>
                <TextEquiv>
                    <Unicode>Ew. Hochwohlgeboren, höchst geehrtester Herr Professor Franz</Unicode>
                </TextEquiv>
            </TextLine>
            <TextLine id="tr_1_tl_2" custom="readingOrder {index:1;}">
                <Coords points="3647,1929 4221,1908 4618,2046 5197,1903 6401,2003 6526,1891 6802,1912 6802,1757 6272,1834 5667,1744 5296,1852 5115,1735 4782,1869 4502,1752 3647,1865"/>
                <Baseline points="3672,1893 3678,1899 3768,1910 3857,1910 3947,1910 4036,1910 4126,1910 4216,1905 4305,1899 4395,1899 4484,1899 4574,1905 4664,1899 4753,1899 4843,1893 4932,1899 5022,1893 5111,1887 5201,1893 5291,1893 5380,1893 5470,1893 5559,1893 5649,1893 5738,1893 5828,1893 5918,1887 6007,1881 6097,1881 6186,1881 6276,1875 6365,1881 6455,1881 6545,1875 6634,1875 6724,1863 6813,1869"/>
                <TextEquiv>
                    <Unicode>Jakob Josef Philipp Christian Blasius Philosophus!</Unicode>
                </TextEquiv>
            </TextLine>
            <TextLine id="tr_1_tl_3" custom="readingOrder {index:2;}">
                <Coords points="3647,2193 3941,2085 4877,2210 5257,2089 6220,2072 6436,2180 6945,2102 6949,1934 4640,2046 4221,1908 3647,1973"/>
                <Baseline points="3672,2078 3732,2078 3821,2084 3911,2084 4001,2084 4090,2084 4180,2084 4269,2078 4359,2078 4449,2072 4538,2072 4628,2072 4717,2078 4807,2072 4896,2072 4986,2072 5076,2072 5165,2072 5255,2066 5344,2066 5434,2066 5523,2066 5613,2066 5703,2066 5792,2060 5882,2060 5971,2060 6061,2060 6150,2054 6240,2060 6330,2054 6419,2054 6509,2054 6598,2048 6688,2048 6778,2048 6867,2042 6957,2036"/>
                <TextEquiv>
                    <Unicode>Dero sich im Staube kugelnder, in Anbetung vorgehender,</Unicode>
                </TextEquiv>
            </TextLine>
            <TextLine id="tr_1_tl_4" custom="readingOrder {index:3;}">
                <Coords points="3595,2275 3975,2365 4480,2253 5028,2378 5637,2249 6297,2357 6440,2253 7010,2279 7010,2154 5210,2098 4873,2214 4075,2098 3941,2227 3595,2206"/>
                <Baseline points="3618,2257 3708,2257 3798,2257 3887,2257 3977,2257 4066,2251 4156,2257 4245,2251 4335,2245 4425,2251 4514,2245 4604,2245 4693,2251 4783,2251 4873,2245 4962,2245 5052,2239 5141,2239 5231,2239 5320,2233 5410,2233 5500,2233 5589,2233 5679,2233 5768,2227 5858,2227 5947,2227 6037,2227 6127,2227 6216,2227 6306,2227 6395,2221 6485,2221 6574,2215 6664,2215 6754,2215 6843,2221 6933,2215 7022,2215"/>
                <TextEquiv>
                    <Unicode>in tiefster Verehrung zerschmelzender zu Ende dieser Zeilen</Unicode>
                </TextEquiv>
            </TextLine>
            <TextLine id="tr_1_tl_5" custom="readingOrder {index:4;}">
                <Coords points="3626,2512 4653,2426 5028,2542 6021,2408 6233,2516 6871,2439 6936,2331 6474,2244 6297,2357 6051,2275 4459,2387 4139,2270 3626,2352"/>
                <Baseline points="3648,2424 3720,2424 3810,2430 3899,2430 3989,2424 4078,2424 4168,2424 4257,2424 4347,2418 4437,2418 4526,2412 4616,2412 4705,2418 4795,2418 4884,2424 4974,2418 5064,2412 5153,2412 5243,2406 5332,2412 5422,2412 5512,2412 5601,2412 5691,2412 5780,2406 5870,2406 5959,2400 6049,2400 6139,2400 6228,2400 6318,2394 6407,2400 6497,2400 6586,2394 6676,2400 6766,2394 6855,2394 6945,2388"/>
                <TextEquiv>
                    <Unicode>Unterfertigter erfrucht sich, seinen weisen, hohen, im</Unicode>
                </TextEquiv>
            </TextLine>
            <TextLine id="tr_1_tl_6" custom="readingOrder {index:5;}">
                <Coords points="3617,2633 3880,2728 4774,2585 5205,2732 5456,2611 6941,2611 6971,2460 3617,2499"/>
                <Baseline points="3642,2579 3666,2585 3756,2597 3845,2597 3935,2591 4025,2591 4114,2585 4204,2591 4293,2585 4383,2585 4472,2579 4562,2579 4652,2585 4741,2585 4831,2585 4920,2585 5010,2579 5099,2579 5189,2579 5279,2573 5368,2579 5458,2579 5547,2579 5637,2573 5726,2573 5816,2561 5906,2561 5995,2555 6085,2561 6174,2561 6264,2555 6354,2555 6443,2555 6533,2561 6622,2555 6712,2555 6801,2555 6891,2549 6981,2544"/>
                <TextEquiv>
                    <Unicode>allerhöchsten Grädi verehrungswürdigsten Lehrer, mit</Unicode>
                </TextEquiv>
            </TextLine>
            <TextLine id="tr_1_tl_7" custom="readingOrder {index:6;}">
                <Coords points="3582,2844 6738,2836 6902,2780 6906,2637 3587,2680"/>
                <Baseline points="3606,2770 3690,2776 3780,2776 3869,2776 3959,2770 4048,2770 4138,2770 4228,2764 4317,2764 4407,2764 4496,2764 4586,2758 4675,2764 4765,2758 4855,2758 4944,2758 5034,2758 5123,2753 5213,2753 5302,2758 5392,2758 5482,2758 5571,2753 5661,2753 5750,2747 5840,2747 5930,2747 6019,2747 6109,2747 6198,2747 6288,2741 6377,2735 6467,2735 6557,2741 6646,2741 6736,2741 6825,2735 6915,2735"/>
                <TextEquiv>
                    <Unicode>einer Bitte zu behelligen, auf deren Erfüllung er mit schla¬</Unicode>
                </TextEquiv>
            </TextLine>
            <TextLine id="tr_1_tl_8" custom="readingOrder {index:7;}">
                <Coords points="3587,3039 4804,2961 5732,3077 5874,2939 6190,3056 6604,2939 6867,3043 7027,3008 7031,2836 5292,2905 4174,2797 3591,2905"/>
                <Baseline points="3612,2962 3636,2962 3726,2962 3816,2962 3905,2956 3995,2956 4084,2950 4174,2950 4263,2950 4353,2944 4443,2944 4532,2938 4622,2944 4711,2944 4801,2944 4890,2938 4980,2938 5070,2932 5159,2938 5249,2938 5338,2938 5428,2938 5517,2932 5607,2932 5697,2932 5786,2932 5876,2926 5965,2926 6055,2926 6145,2926 6234,2926 6324,2926 6413,2920 6503,2920 6592,2920 6682,2920 6772,2920 6861,2920 6951,2920 7040,2908"/>
                <TextEquiv>
                    <Unicode>gendem Herzen harret. Endes gefertigter wagt es nemlich</Unicode>
                </TextEquiv>
            </TextLine>
            <TextLine id="tr_1_tl_9" custom="readingOrder {index:8;}">
                <Coords points="3587,3159 4795,3237 5033,3134 7031,3112 6975,2991 6496,2961 6241,3056 3591,3043"/>
                <Baseline points="3612,3129 3636,3135 3726,3135 3816,3135 3905,3129 3995,3129 4084,3123 4174,3129 4263,3123 4353,3123 4443,3123 4532,3123 4622,3123 4711,3117 4801,3111 4890,3111 4980,3105 5070,3105 5159,3111 5249,3111 5338,3105 5428,3105 5517,3105 5607,3105 5697,3099 5786,3099 5876,3099 5965,3099 6055,3099 6145,3099 6234,3099 6324,3099 6413,3099 6503,3093 6592,3093 6682,3099 6772,3099 6861,3099 6951,3099 7040,3099"/>
                <TextEquiv>
                    <Unicode>in unverzeihlicher Kähnheit die Kühnste Bitte auszusprechen</Unicode>
                </TextEquiv>
            </TextLine>
            <TextLine id="tr_1_tl_10" custom="readingOrder {index:9;}">
                <Coords points="3613,3397 3863,3315 4239,3440 4592,3306 5059,3414 5184,3298 5404,3384 5581,3293 5909,3388 6159,3293 6461,3414 6932,3311 6936,3142 6177,3237 3613,3185"/>
                <Baseline points="3636,3302 3714,3308 3804,3308 3893,3302 3983,3302 4072,3302 4162,3302 4251,3296 4341,3296 4431,3296 4520,3296 4610,3296 4699,3296 4789,3290 4878,3290 4968,3284 5058,3278 5147,3284 5237,3284 5326,3284 5416,3278 5506,3278 5595,3278 5685,3278 5774,3272 5864,3272 5953,3272 6043,3272 6133,3278 6222,3272 6312,3278 6401,3278 6491,3272 6580,3272 6670,3272 6760,3272 6849,3272 6939,3272"/>
                <TextEquiv>
                    <Unicode>Endesgefertigter auch sichendlichentschließen, da Endesge¬</Unicode>
                </TextEquiv>
            </TextLine>
            <TextLine id="tr_1_tl_11" custom="readingOrder {index:10;}">
                <Coords points="3591,3604 4549,3488 7057,3531 7057,3336 5918,3406 5792,3298 4800,3427 4627,3306 4239,3444 3846,3311 3595,3457"/>
                <Baseline points="3618,3487 3666,3487 3756,3487 3845,3481 3935,3481 4025,3481 4114,3481 4204,3475 4293,3475 4383,3475 4472,3475 4562,3475 4652,3475 4741,3475 4831,3475 4920,3475 5010,3469 5099,3469 5189,3469 5279,3463 5368,3463 5458,3469 5547,3463 5637,3463 5726,3457 5816,3457 5906,3457 5995,3457 6085,3457 6174,3451 6264,3451 6354,3451 6443,3451 6533,3457 6622,3457 6712,3457 6801,3451 6891,3451 6981,3445 7070,3439"/>
                <TextEquiv>
                    <Unicode>fertigtes kein Freund von vielen Worten ist, seine Bitte</Unicode>
                </TextEquiv>
            </TextLine>
            <TextLine id="tr_1_tl_12" custom="readingOrder {index:11;}">
                <Coords points="3600,3747 4523,3798 4808,3664 4985,3790 5438,3660 6612,3764 7031,3738 7031,3582 4541,3492 4368,3608 4083,3518 3600,3608"/>
                <Baseline points="3624,3678 3636,3678 3726,3678 3816,3678 3905,3672 3995,3666 4084,3666 4174,3666 4263,3666 4353,3666 4443,3660 4532,3660 4622,3660 4711,3654 4801,3654 4890,3654 4980,3654 5070,3654 5159,3654 5249,3648 5338,3648 5428,3642 5517,3648 5607,3648 5697,3648 5786,3648 5876,3642 5965,3642 6055,3636 6145,3636 6234,3642 6324,3642 6413,3642 6503,3642 6592,3642 6682,3642 6772,3636 6861,3636 6951,3636 7040,3630"/>
                <TextEquiv>
                    <Unicode>anzubringen. Endesgefertigter habenmlich sine Augen</Unicode>
                </TextEquiv>
            </TextLine>
            <TextLine id="tr_1_tl_13" custom="readingOrder {index:12;}">
                <Coords points="3591,3885 4446,3863 4839,3980 5309,3846 6928,3898 6854,3738 6034,3686 5905,3781 5447,3660 5003,3781 4748,3699 4195,3807 3893,3699 3595,3785"/>
                <Baseline points="3618,3869 3624,3863 3714,3863 3804,3857 3893,3857 3983,3851 4072,3851 4162,3845 4251,3851 4341,3851 4431,3845 4520,3845 4610,3845 4699,3845 4789,3845 4878,3839 4968,3839 5058,3833 5147,3833 5237,3833 5326,3833 5416,3833 5506,3833 5595,3833 5685,3833 5774,3833 5864,3827 5953,3821 6043,3821 6133,3816 6222,3816 6312,3816 6401,3821 6491,3821 6580,3816 6670,3821 6760,3821 6849,3816 6939,3816"/>
                <TextEquiv>
                    <Unicode>auf dero Allerhöchstwohlgeboren höchsteigene in</Unicode>
                </TextEquiv>
            </TextLine>
            <TextLine id="tr_1_tl_14" custom="readingOrder {index:13;}">
                <Coords points="3634,4152 5059,4027 5249,4157 5408,4036 6436,4109 6988,3967 6168,3820 5874,3967 5624,3863 5387,3975 4726,3885 4588,3967 4441,3867 3634,4027"/>
                <Baseline points="3660,4060 3678,4054 3768,4048 3857,4048 3947,4048 4036,4042 4126,4036 4216,4036 4305,4036 4395,4036 4484,4036 4574,4030 4664,4025 4753,4030 4843,4030 4932,4030 5022,4030 5111,4025 5201,4025 5291,4025 5380,4019 5470,4019 5559,4025 5649,4019 5738,4019 5828,4019 5918,4013 6007,4013 6097,4007 6186,4001 6276,4001 6365,4001 6455,3995 6545,4001 6634,4007 6724,4007 6813,4007 6903,4007 6993,4013"/>
                <TextEquiv>
                    <Unicode>jungfräulicher Pracht prangendetochter Franziska¬</Unicode>
                </TextEquiv>
            </TextLine>
            <TextLine id="tr_1_tl_15" custom="readingOrder {index:14;}">
                <Coords points="3626,4299 4321,4260 4485,4377 4972,4221 5438,4385 6574,4204 6884,4273 6932,4131 5866,4027 5262,4157 5063,4027 4834,4161 3889,4053 3626,4187"/>
                <Baseline points="3648,4234 3714,4240 3804,4234 3893,4228 3983,4222 4072,4222 4162,4216 4251,4216 4341,4210 4431,4222 4520,4222 4610,4216 4699,4216 4789,4210 4878,4216 4968,4210 5058,4210 5147,4210 5237,4204 5326,4204 5416,4210 5506,4210 5595,4204 5685,4204 5774,4198 5864,4198 5953,4198 6043,4198 6133,4192 6222,4198 6312,4192 6401,4192 6491,4192 6580,4192 6670,4192 6760,4198 6849,4198 6939,4198"/>
                <TextEquiv>
                    <Unicode>geworfen, welche er aber nicht gesprochen hat von¬</Unicode>
                </TextEquiv>
            </TextLine>
        </TextRegion>
    </Page>
</PcGts>
