7352 4760
5435 74 5652 278 55
2149 243 2396 447 54
3712 369 6699 651 an die! Die! Das weibliche Geschlecht ist zum Alles?
829 430 2600 751 Die andern treten schnell vor.
3703 564 5895 820 walk. Erlauben Sie mir aber doch -
282 660 3560 916 Pfil. Rein Wortweiter. Ich erlaube nicht, dass Sie den
3716 699 5961 1033 Pfil. Schweigen Sie! Wir wissen alles!
252 838 3321 1129 Namen meiner Tochter auf solche Weise comprimittiren
3786 912 5665 1159 Walk - Aber es i/d ja einmöglich!
260 977 3542 1281 Valk. Wie - wann - was - das lag ja gar nicht in meiner
3733 1025 7233 1354 Jasil Alles zu wissen! Also haben Sie noch mehr gethan? Bey
287 1229 790 1480 Absorht
3712 1272 4580 1559 Unglückseliger.
304 1381 2644 1632 Phil. Sie wollten eine andre nennen?
3751 1433 6399 1702 Schgut. Fich! Mit uns! In die Residenz! Zum Gericht!
304 1528 3108 1845 Malk - Ganz - natürlich - Ich weiss gar nicht.
3773 1563 7211 1897 Phil. Meine Tochter haben Sie entführt und haben sie wieder ich
308 1667 3603 1971 Schle. Soviel Namen wissen Schalfe! War also meine
7081 1841 7263 2036 am
3729 1810 4597 2101 sitzen gelassen!
334 1849 3616 2188 kochter nicht die Einzige -! Nicht? Sehen Sie! Er fühlt
3746 1923 7063 2227 Arempel! Meine Braut in spe! Ach- so kann man sich für¬
282 2040 2844 2366 sich getroffen. - Ein Glück, Herrn Evangel
3746 2119 6911 2435 schen! Ich glaubte in Ihnen einen Wahren königfes für
356 2275 1298 2488 Volk Aber
3764 2270 6989 2618 das idralistische, erhabene zu finden - und! Ach! Ach! Ein
352 2405 3508 2722 Pfel. Ruhig. Die Glück für sie Herr Trampel, daß wir
3746 2457 7033 2787 wahres Trauerspiel! In fünf Akten und einem Verspiel.
369 2587 3525 2839 Sie nach rechtzeitig von dem Abgrund zurückhielten, in
3842 2653 4511 2813 Vuvertür¬
3807 2657 5887 2935 Zwischenaktsmusik von Klopstock.
300 2757 2331 3035 den Sie zu verfinken dreften.
3746 2817 7098 3121 Wolk-Achmême arme Friederike! Ich schrieb ihr, ich werde
339 2926 3603 3208 Wolk. Ich kann mich wahrhaftig nicht erschienen, dets
3738 2974 7063 3269 morgen zu ihr kommen mich ihren Landhaus ihm! Und jetzt
330 3078 3529 3430 ich je ein Abgrund gewesens seine Schlebe still für mich
3777 3160 7042 3486 Phil-Alß auch eine Friederike! Sie Don Jowan. Ach, wie
317 3291 2383 3595 und kümmern auch nicht u. wieder
3746 3295 7081 3673 wird meine Tochter sich freuen, daß Sie erwisscht, und
412 3464 3694 3720 Pfil Sehen Sie, meine Herren deteties! Er kummert
5209 3512 6039 3768 17. Auftritt
399 3647 3664 3968 sich nicht an die Unschuld gingen Mädchen. Eine lang¬
4784 3707 6173 3942 Sorige. Franziska
451 3807 2535 4107 jährige Kerkerhaft war übet Thver.
3729 3733 7133 4163 zahöli Ach, da kommt sie Liebe Tochter. Da ist dem Entführer
417 3985 2692 4211 Malk. Mas - oo wartet die -?
3751 4011 7154 4385 Nun, Wolk, schrecken Sie zusammen. Keinen Sie dieses Machtel
421 4146 3677 4467 theil. Die! Die! Er denkt an nichts andres als
