7336 4888
5154 201 5372 362 21.
3616 370 6250 781 ten. Man hat seinen Gott im Herzen,
314 467 3568 830 Phil, das fängt von Umständen ab Jützt komme mit mir,
4647 572 5557 862 14. Auftritt.
314 668 3503 1055 gehuell in mein Laboratorium. Ich muß dir
4478 717 5847 1055 Vorige Philosophus
1289 886 1949 1184 (Beideab)
370 910 1176 1192 viel sagen:
3656 934 5275 1224 Arthur. O - zum Teufel!
3640 926 7007 1434 Phil. Meine Tochter. Mit einem Manne män¬
1691 1007 2577 1272 13. Auftritt.
1619 1128 2867 1442 Franziska. Arthur
3648 1289 5187 1579 lichen Geschlechtes -!
3664 1345 6966 1780 Erth. O, wie ziehen auch aus der Affaire! - Ah
354 1289 3149 1691 Arth. Endlich, meine geliebte Französka!
346 1619 6822 2030 Arth. Wie Plan ist gefasst! Die Vater reist fort auf habs! — Herr Professor bräuchen keine
346 1554 2255 1860 Fr. Meins Diebter Arthur!
3673 1691 6830 2134 Furcht zu haben für die Ehre ihrer tochter!
370 1933 1595 2223 Schreise auch fort.
3689 1981 5187 2255 Ich bin verheiratet
3713 2013 6145 2489 theil. Was bringt Sie daher?
330 2102 1119 2416 Fr. Wie -
3761 2271 7079 2617 Arth. die Sucht, einen Mann zu sehen, von dem
370 2166 3399 2609 Arth. Natürlich mit dir! Schentführe dich!
3777 2408 7095 2762 die Welt mit größter Ehrerleitung redet.
387 2440 1965 2730 Sr. Gott! Wie schnell:
387 2489 3608 2980 Arth. Nur keine Faxen! Schweifs, es ist dir auch
3793 2569 6934 2964 Phil. So, Sie sind verheiratet. Ja, es ist
3793 2746 7087 3181 möglich; doch zur Vergewisserung kommen
370 2795 830 3036 recht.
3826 2940 7128 3294 Sie einmal sammt der Frau Gemahlin hieher!
403 2980 1377 3254 Tr. Nun, Ja-
3834 3093 7047 3519 Arth. (1) sein Teufel. — Herr Professor - ich
354 3109 2191 3471 Arth. keinen Widerspruch.
3801 3286 7047 3632 meine Frau - wir wohnen für gewöhnlich
362 3326 1176 3584 Sr. Aber
3705 3503 7023 3817 in Knorpsheim, - meine Frau ist eben dort.
411 3391 3745 3801 Orth. Sonst heiratest du Trangel! Entweder
3705 3697 6145 4067 ich kann sic als nicht bringen I
411 3753 813 3930 oder.
3769 3721 7136 4244 Pfel. Das trifft sich ja sehr gut! Ich habe
403 3769 2231 4148 Tr. Aber wie romantisch!
3793 4011 7192 4518 aber den Gutschluß gefasst, nach Zworpsheim
395 3898 3600 4252 Arth. Romautisch hin, womantisch her! Man braucht
443 4212 3713 4542 keine Kirche und kennentempel, um sich zu heirn
