7256 4744
5338 165 5585 359 25
1966 198 2173 417 24
3660 318 5990 694 schnell, sonst sind wir verloren!
426 409 3590 694 Arth. (Wie auf Nadeln.) Ja, die Käfersammlung. Sehr
4342 549 5342 830 /Mit ihr ab. /
421 636 1847 921 schön! Prachtvoll.
5015 694 5904 979 17. Auftritt.
492 768 2400 1062 Phil. dieser Brillantkäfer!
5015 868 6118 1132 Philosophus.
450 967 1818 1190 Arth. Wiederbar.
4726 925 5288 1186 Schmolke
3714 1012 6854 1330 A. Herr Schmalbuckel! Haben Sie vielleicht
487 1103 3528 1429 Schlaf. Leider habe ich aber noch keinen
3726 1194 6895 1516 ein Zündhölzchen! Nun! Nun? Nun! So ant¬
479 1305 1719 1586 Hercules käfer
3722 1372 6940 1669 worten Sie doch! Franziska! A, das ist gut!
508 1467 2743 1748 Arth. Reizend, ganz reizend.
3755 1557 6949 1859 Herr Schmalbuckel! Franziska! Na, wenn
467 1648 2784 1954 Phel. Und dieser Tödterkopf.
4400 1735 5086 1871 Schmolkes,
3735 1743 7002 2037 ich nur schon in Knorgsheim wäde.
512 1814 1900 2119 Arth. Sehr niedlich.
3759 1954 6990 2231 Aber jetzt! Wenn ich nur aus dem Zimmer
413 2037 3590 2309 Phil. Und dieser Schmetterling. Ein Pfausee¬
3801 2049 7044 2400 heraus komme. Zum chinesischen Teufel,
2619 2165 2896 2309 ein
409 2181 3669 2487 abge ist es. Haben Sie es schon gesehen? (Pausa.)
3826 2210 6940 2611 (Er stößt sich an.) au: (Er tappt weitere)
417 2347 3140 2648 Nom, ob Sie schon uns gesehn haben?
397 2524 2020 2813 Arth. Gesehn? - Ja!
4991 2574 6461 2859 Verwandlung.
467 2702 3545 2995 ehel. Welcher Körpertheil gefällt ihnen
4668 2756 6453 3065 Zimmer des Tiefenlieb.
467 2871 1809 3173 daran am besten?
5176 2929 6296 3160 18. Auftritt
450 3032 2359 3301 Arth. der - der - Schwain.
4937 3103 6701 3404 Tiefenlieb. Franziska.
459 3210 3607 3532 Schil. Der Schwang? Am Pfarrnauge¬
3805 3272 7106 3602 Tiefenl. Nun sind wir für den Augenblick sicher.
496 3388 3532 3702 arth. Ich - habe mich mir versprochen.
3813 3445 7064 3755 Morgen müssen wir nach Kuorpsheim. Fhier
454 3582 1363 3805 die - Flügel.
3826 3619 6974 3987 Vater ist wirklich im Stande und frag¬
479 3726 1905 4028 Phel. Ja; mir auch.
3809 3788 7135 4177 beim Bürgermeisteramte um Moriz Schmolkes¬
483 3933 3640 4230 Arth (Ech.) Es geht nicht anders 1/2 Es muss
3854 3991 6953 4404 doch sieh's da liegt ein Brief. Während
426 4102 3611 4458 sein. (Werfl die Lampe um) Jetzt, Franziska¬
