7384 4728
5416 209 5694 394 7?
2074 209 2387 585 72
348 498 1570 828 Fälliger Mann
3806 498 7252 828 Philosophus (ihm entgegen.) Ah. Herr Moriz, Schmolkes, so finde
417 741 5063 1031 Eremit. Oh – mit vercheuchen (Macht sich dankarten) ich Sie endlich hier
382 863 2694 1158 Falk. Also leben Gewohl! (Ab)
3927 898 5630 1182 Ostf. (sieht auf, erschickt.) Oh¬
417 1095 3667 1315 Eremit. O!O!O:O! Heilicher Pafuzius und alle
3829 1106 7241 1361 Philosophus. Und Sie sind gar nicht erfreut? Nun
400 1234 3667 1518 Ihr Heilichen v. 0.10! O! die Menschen werden
3835 1257 7252 1564 aber jetzt hoffe ich Ihr Weibchen sehen zu können.
342 1425 3638 1657 immer sündicher - bald sollte mal eine zweite Summe
3852 1425 7049 1726 Arth. (für sich) Ozum Teufel. - (Laut) O- meine Frau,
342 1587 3707 1807 flut heronbrechen und tödten Menschen und
3811 1628 6673 1912 du promicirt immer nur auf der Esplanade!
405 1755 2473 2056 Vieh! 0:0:0!0! (Gestab.)
3869 1773 6771 2085 Schil. Ach da fiel wir so eben Welche ist sie?
2103 1940 3174 2230 Verwandlung.
3898 1958 7229 2271 Arth. (tür sich) o- gimel und Hölle. (Land) Wo sie ist, dort
1668 2027 2937 2323 Die Esplanade.
3858 2143 4507 2410 gist sie
5375 2132 5642 2375 ns
261 2184 3672 2531 11. Auftr. Spaziergänger, darunter Philosophus, Franziska,
3916 2294 6117 2583 Piel. Ob so fuhren Sie sie doch hin¬
301 2444 2247 2734 Friederichte Stseheim. Holbein
3887 2497 7154 2786 Arth. Aber sie spricht sehr angelegentlich mit
330 2636 2948 2902 Gchilosoph. Vich langweile mich zu rade!
3817 2653 7252 2954 ihrer Freunde; - ich will sie durchaus nicht stören.
336 2821 3701 3128 Franzisk. Ja, leider hast du deine Sammlungen nicht da
3806 2833 7229 3093 Pfil. Sie sind mir ein Ehemann! Hie-Fuhren
342 3029 1402 3255 lieber Paga.
3817 3029 7223 3331 Sie uns nur hin! Meine Tochter ist so schöner¬
319 3163 3643 3458 Philosoph. O wenn du doch ein Schmetterberg wärst
3783 3192 7206 3493 lich dangweilig. Keine Widerrede, - sonst muß
330 3331 3551 3626 oder eine Elekterisirmaschen oder so etwas
3829 3336 6789 3620 ich glauben, Sie halten mich zum Naoren.
371 3522 3261 3811 Franzisk. Das geht für die Augenblick nicht.
3829 3551 7212 3748 Arth. (F. S.) auf Rodund Leben. (dt) Mai, so sei es der
261 3690 3719 3997 Ich Vieh! Sich! Sieh dag, - da kommt der Moriz Schmockes,
4153 3701 6644 4014 Friederike Holbein kommt gegangen:
307 3846 741 4078 Nr 2.
3823 3864 7194 4159 Phil. Vm, da 1/2 ja Ihre Frau. (Schrift für die)
417 4049 3296 4333 Arthur Tiefenlieb (kommt ahnungslos dahergegangen).
3869 4043 7241 4391 Es ist mir ein großes Vergnügen Sie kennen ja
736 4327 904 4507 --
6627 4292 6905 4553 -
