7384 4824
2052 281 2249 494 30
1445 553 3678 930 (die Leute zerstreuen sich allmählig.)
373 834 3636 1118 Transpel., Ich kann" mich gar nicht erholen. Beim!
335 955 3674 1278 Bum! Bum! Wie es einen Theaterstück kommt mir das
339 1164 591 1307 19/5
373 1127 3602 1449 ganze vor! Hrn, ein guter Entfall, wie, wenn ich das
323 1382 3607 1562 gearbeiten wurde? Hrn, - das war ein gemäler Gedanke.
327 1529 3569 1763 Wie viel Akte konnte das Stück haben? Nun, ich muß
381 1663 3648 1944 mich noch bedenken! And wie soll ich's schreiben? In Prosa?
348 1856 3703 2182 dazu bin ich viel zu poëtisch. Das bring ich gar nicht zusammen
377 2078 3560 2312 Also in 5 Fußigen Lamben. Zu abgeschmackt; da bin ich
293 2216 3607 2509 viel zu originell; - ha ich habsgefunden. Die Entführung.
377 2354 3732 2698 Ein Lustspiel von Tramgel in - - 25 Fußagen fordern.
364 2576 3699 2865 das ist originell. - schon steht Aus der Plan ganz
364 2760 3707 3049 vor Gegen - ich bin begeistert - aber - ach habe weder
423 2928 3690 3192 Pogno noch Bließift! O, - ich bin unglücklich. Ich habe
394 3075 3644 3389 Rech! - Und die Nachwelt soll nichts erfahren von
323 3271 3619 3548 meiner Begeisterung, von meinen Gedanken? Ich soll
381 3439 3707 3736 ruhmlos untergehen. Berühmt muß ich werden. Ich muß
390 3640 3594 3841 meine sämmtliche Werke herausgeben! - Aber jetzt
406 3787 3694 4101 ins Hotel. Wenn mich dieser Professor umsicht
410 3958 3699 4273 som Schweizismus fragt. - Einen so genalen
515 4138 3694 4453 Mann wie mich mit derlei Dingen zu plogen xxx)
5383 222 5621 482 81
3845 540 7217 888 Das Genie verachtet die Kleinigkeiten! (Ab mit selbst
3820 792 6053 1085 bewußter Mien)
6065 934 6811 1169 &c. &c.
4985 942 5701 1164 Aufgenommen von xxx
4721 1081 6116 1412 Der Vorhang fällt
