7368 4744
2023 209 2244 430 74
345 503 3637 826 lernen! The Mann hat die Freundlichkeit gehabt, Sie
311 771 2291 1039 mir schon von ferne zu zeigen.
353 937 2027 1175 Friedrik. Mein Mann?
353 1124 3637 1397 Gesil. Im ja! Und was Sie für liebenswürdiger
400 1248 3709 1563 Mann haben! Er wollte sie nicht einmal poren,
383 1439 3335 1750 als Sie in ein Gespräch vertrift waren!
383 1618 1891 1865 Friedercke. Wie? Mrs?
362 1784 3684 2104 Pfil. Nun, Sie bemerken ja Thom Mann gar
366 2014 865 2236 mist!
443 2151 2019 2423 Friedercke. Mein Herr
430 2321 3671 2628 Schil. Aber, mein lieber Schmolke, warum
473 2534 3641 2798 sprechen Sie denn gar nicht mit Ihrer Frau.
430 2670 3731 2973 Arthur (mit bitterfüster kam.) keine geliebte Frau!
400 2883 3122 3139 (zu Phil.) Sie ist vielleicht mißeläumt
447 3024 3535 3258 Friederike. Mollten Sie mir nicht erklären -
439 3198 3692 3496 Schil. Nun, ich sehe schon, Sie sind heute schlecht ge¬
392 3356 2419 3675 laut (küßt ihr die Hand)
447 3577 3731 3841 Valk (kommt athemlos) m Pfarrersnock u. Bart.)
447 3756 3705 3978 Was seh' ich, meine Braut! Friederike; — was
439 3901 1542 4169 soll das sein?
515 4080 3454 4408 Friederik. Tost heute die Welt verrückt.
5426 192 5711 456 75
3880 511 5519 835 Phil. Herr-Einsiedler
3846 715 7227 1014 Malk zum Teufel, uf Einsiedber (Reißt sich
3833 873 5255 1175 Bart u. Kock herunter.)
3841 1065 6955 1367 Phil. Ha- der Entführer meiner Tochter!
3871 1239 6060 1537 Fredrik. Mein geliebter Franz.
3795 1431 6052 1712 Arth. Himmel, was seh' ich!
3867 1610 5472 1878 Frangk. Alles ist aus!
3905 1755 7206 2023 Jahil. Sie Don Jouan! Was soll das bedeuten
3884 1942 6226 2227 Sie sind entspringen entflohe.
3867 2112 7052 2406 Orth. Gott, was hab' ich da angerichtet.
5460 2266 5732 2385 der
3888 2342 7227 2547 Frangk. Scherzähle allein alles! Geliebten Arthur,
3901 2466 7095 2700 Wolk ist gefunden - ist Gefangen, dem
3829 2628 7253 2887 kläger Einfall hat eine schreckliche Verwicklung
3854 2802 5264 3088 herbeigeführt. xxx
3858 2985 4876 3279 A. Ich sehe es
4987 3156 6516 3394 die beiden Detailives.
3854 3390 7206 3650 Sesput. da ist er! Exist er! Franz Wolk
3867 3513 4821 3786 verhaftet!
3910 3692 7163 3978 Friederik. Du verhaftet, Franz! Träume
3901 3914 4387 4157 is.
3973 3939 6644 4323 Phil. da ist der saubre Patron!
