7208 4744
3660 258 5401 667 verlegen- ich erröthe.
340 367 1088 762 den Kopf —
3707 551 5143 823 Pfil. Ja - wo dann?
367 612 3129 884 Phil. Sie wollen meine Tochter-heiraten.
3680 667 6918 986 Krampel. Olassen sie mich aussprechen – das
415 789 3558 1082 Trampel. Heiraten! Welches Wort für diese
408 871 5871 1245 pätische Beziehung. Heiraten! Unterthänige Blut steigt mir in den Kopf
3660 1000 6952 1367 Phil. Das hab ich schon gewußt - doch seine Sie
340 1116 3367 1408 zu bemerken wagend - lieben ist ein
3680 1190 6918 1510 so gut – erlauben Sie, daß ich auch etwas sage.
401 1272 3408 1612 schön'rer Ausdruck - er ist so fliegend
3701 1347 7007 1680 Unter der Bedingung, daß Sie eine Seltenheit
381 1490 1360 1735 o dècoltée
3680 1531 6850 1871 in der Noturkunde entdecken, ist meine
476 1633 2156 1925 Phil. Decoltée -?
3701 1769 5177 2041 Tochter ihre Frau.
415 1714 3381 2102 Trangel. Sie müssen vergeben - ich - -
3667 1918 7007 2218 Trampel. Ich werde entdecken - ich wurde
497 1993 3599 2279 Pfel. kurz - die wollen meine Tochter heiraten
3687 2095 5401 2354 erfinden - ich werde.
490 2156 3517 2428 Trampel. Och-ach - ach - ich liebe sie -ach
3707 2258 6993 2551 Phil. Ja - sagen Sie mir - warum haben
442 2326 3483 2639 so innig - ach - sie ist so reizend - so
3748 2435 6340 2748 Sie eigentlich Noturkunde studiert?
354 2510 2034 2755 ay. So detestable!
3735 2558 7061 2871 Trauexal. O- ich liebte den Gegenstand. Wenn
449 2680 3565 2966 verfel. Ja - als so obenhin kann man doch
3653 2769 7007 3034 man den geheimen Webepfühl der Natur mit
435 2857 1701 3143 nicht heiraten.
3728 2918 7041 3211 Verständlichkeit betrachtet, da wird man
469 3034 3660 3326 Frampel- Heiraten-Oberhin-Unterhin
3769 3088 6884 3435 Gewahr, was für Pöusie – hochgeehrtester.
463 3190 3551 3496 in der Mitte – wie Sie wollen, faßer¬
3741 3286 7013 3605 unterthänigst in der Natur verborgen liegl.
429 3381 3551 3667 ehrtester – vergeben Sie - ich vergasse
3769 3456 6088 3796 Phil. Wie haben Sie studiert
449 3544 3537 3864 aller Ehrfurcht - ich komme ganz in
3748 3639 7088 3959 Tranz. Ich machte vor Lust und Liebe jedes
483 3735 3571 4047 die Poesie hinein - jedoch - wenn das Herz
3741 3843 5041 4143 Jahr drei Mal
510 3979 3435 4231 so complet ist - so muß es heraus¬
3864 4007 7068 4367 Rh. Hm! Hm. - Leben Sie einstweilen wohl -
524 4095 3599 4422 heraus- verzeihen Sie - ich bin ganz
