7352 4952
1994 386 2256 602 26
125 519 3141 985 ich abwesendwar, gekommen! (Erbricht ihn)
187 723 3420 1068 Knorpsheim, den 7. Juli. Theurer College. In
241 868 3386 1296 tiefer Sehnsucht nach dir sehe ich mich veran¬
532 976 814 1122 soßer
216 1109 3357 1475 lässt zu schreiben, daß ich selt kurzem in
274 1209 3486 1558 Knorys seien wohne und dich innigst bitte,
972 1392 3382 1733 dinoglicht zu besuchen. Dem
283 1517 877 1770 xx
968 1629 1745 1791 in Goldstraße etc?
299 1620 2518 1940 treuer Morin Schmölkes!
361 1733 3561 2140 Gott im Himmel! Was sollich thun? Jetzt
337 1920 3573 2343 fräg1 dem Vater beim Bürgermeisteramt
324 2136 3577 2485 und geht ze ihm! Geht zu Moriz Schwöke!
345 2294 2809 2676 Franziska. Was ist da zu thun?
366 2456 3577 2800 Tiefenl. keine Stieute ist zu verlieren!
370 2672 2605 2963 Mann geht der nächste Zug?
378 2796 2468 3162 Franziska. Um Mitternacht.
428 2958 3507 3324 Tiefenlieb. Es ist jetzt 1/4 12 Uhr 1. Rommel
436 3137 3553 3457 die Sache verwickelt sich ganz verflucht!
395 3353 3590 3607 Wir fahren mit dem Mitternachtstraße!
470 3511 3478 3868 Schell! Scheell! Franziska - das ist
478 3727 2318 4064 Stoff für eine tragödie.
486 3893 3602 4259 Franziska. Eine solche Hochzeitsreise
544 4072 3627 4425 hätte ich mir im tranchon lassen.
1508 4246 3046 4591 Vorhang fällt:
5293 212 5555 445 27
4654 399 5684 702 Zweiter Okt.
4666 561 6615 873 nacht. Eine Straße in Knorgsheim.
3914 644 4575 947 2.50 f 0.d 7/1
3706 723 6918 1068 Laternen. Etwas weiter abgelegen sieht man er¬
3744 868 6955 1222 brachteten Saal, woraus man Tanzmusik schallen
3744 1089 6158 1421 hört. Die Seren bleibt einige Zeit leer.
5032 1284 5701 1500 1. Auftritt
4679 1334 6390 1716 Arthur Franziska im Mantel.
3706 1625 5169 1957 Transk. die Nacht ist kühl!
3731 1745 7084 2132 Arth. Ja, im Waggon wars angenehmer! Bist du müde?
3740 1924 5854 2331 Franzk. Nur wenig: Wie viel Uhr ists?
3760 2061 7051 2460 Orth. Halb eine Uhr! Und von dort schallt noch immer die
3756 2281 6353 2622 Tanzmusik! Wie gefällt dir Knorpscheini¬
3818 2402 6985 2821 Franzk bei Nacht schaat es hier sehr finster aus,
3814 2676 4828 2946 kommt mir vor.
3827 2776 7076 3216 Arth. Es scheint aber ein freundliches Landpädtchen
3839 2958 6573 3378 zu sein. (Von fern bläß der Nachtwächter)
3872 3266 4699 3523 Franzk. Gott!
3893 3258 7151 3669 Arth. Was der 11 Fürchte dich nur nicht. Sobald der Nach¬
3818 3490 6623 3856 wächter kommt, fragen wir ihn, wo die Holdgasse ist.
3872 3698 6166 4018 Franzk. Aber, Arthur, was theuerin dann?
3926 3839 7159 4238 Arth. dann? Meinen Freund Moriz Schmolkes von allem
3868 4163 5019 4425 in Kenntnis setzen.
