7256 4840
1938 292 2180 543 38
3679 368 5634 718 Phib. von Morz Schewkrs
234 451 3475 869 verstehe! Man will eine Siegraphie über mich schreiben!
3675 560 7037 910 Trampel. Wie, von Morz Schmolkes, - von mei¬
3704 693 6991 977 nem Collegen?! Der ist hier in der Resiclen!
209 806 1299 1040 Ich bin berühret.
317 852 3512 1253 Phil. Schen Sie, meine Herren, erweib es Wohne
3750 923 7008 1186 das wußte ich gar nicht. Und er soll meine
3729 1040 6945 1357 Braut entführt haben? Skiftiges xx Mystisches
255 1103 1971 1441 Trangel wisten sie es?
3763 1211 7045 1604 dunkel herrscht in einem Kopf "Ihbe¬
301 1261 2393 1579 Trampel. Nun, ich dachte es!
359 1470 1942 1804 Schil. Nur gedacht!
3780 1449 5671 1787 greife nicht? (Es lautet)
351 1574 3583 1971 Trampel. Geehrtester Herr Professor, das jüngst
3780 1583 7079 1967 gehet. Das ist das erste Agnalzum Zug! Gehir
3792 1787 6916 2134 wir, gehen wird doch zuerst muß ich mein
326 1838 1741 2130 nur von Ihnen ab.
405 1959 3483 2318 Pfil. Ja, das hab ich auch Anfangs ge¬
3809 1929 7004 2293 Tagbuch begonnen u. (Schreibt.). Fort von der Hei¬
363 2096 3533 2493 wachten; aber sie hat mir nicht gefolgt!
3746 2138 6928 2447 mat. Suche meine Tochter und andres. Es lautet
3767 2314 6949 2656 eben. Zuhr geht der Zug ab. 2 defectives
405 2318 1921 2635 Trämpel: Wer sie?
3767 2431 7020 2740 mit mir, auch ein Bewerken um meine Tochter,
405 2493 2351 2886 Pfid. Nun, Franz iska!
405 2635 3496 2990 Trampel. Franziskaffikum, Sie haben es
3784 2660 7100 2944 namens Trampel. Witres folgt.t (Esleutet
3809 2873 5187 3203 zum zweiten Mal.)
384 2852 1733 3245 ja selbst gesagt.
3821 3019 6991 3320 Trämpel. Rhebin gleich wieder da. Ich sole
459 3044 1399 3349 Schul. Gst.
455 3212 3274 3487 trampel. Schweifs ja von gar nichts.
3821 3182 7141 3546 nur ein Fläschcher Schna- will sagen Lignau
518 3291 3558 3721 Sesgut. Er weis nichts? Schreiben Sie,
3805 3470 4155 3658 (all.)
3821 3537 7158 3921 Schgut. 9 Uhr die Rechichte beginnen. Schreiben
489 3592 1420 3913 Augerschwerf!
493 3675 3141 4018 Transpel. Ich sprach von unserer Reise!
3825 3675 6611 3972 Kr. Augenscherh. (Ab mit den andern)
539 3846 3600 4231 schil. Und anwissen nicht daß meine
3871 3855 7079 4197 Malk (kommt u. viele andere. Sie setzen sich,
535 4084 3274 4377 Totster wahrscheinlich entführt ist!
3830 4072 7100 4356 wie auch die andern in verschiedene Caugerl
3921 4256 7121 4473 Nun geht es nach dem itzt solle schon Kürzshung
2581 4235 3132 4452 de la riviere de ses
1324 4260 2213 4598 Entführt?
551 4327 1174 4531 Triagel
472 4531 651 4690 1758.
