7384 4792
1873 223 2118 438 62
137 541 3506 941 Trampel. Gott sei Dank (Kollner ab.) Obieses Schaffrak ist
176 799 3562 1113 saftig. Und diese Erdägfel. die sind von einem gewisen (nurmuth
163 975 1839 1267 betwas vor sich hin) erfunden.
215 1074 3407 1435 Phil. Kommen wir doch einmal zum Darwiesung
215 1216 3497 1603 Trauegel. Was ich sagen wollte ja wichtig – es liegt mir auf
206 1409 3562 1783 der Zünge i haben Sie das auch manchmal, man durch
193 1650 2771 1955 etwas und kann sich nicht ausdrücken.
245 1852 2256 2140 Phil. Also - der Darwismus
266 1839 3600 2311 Trampel schl. Gott, ist habe wir die Junge verbrannt 1 (F f) das
262 2178 2062 2449 was meine einzige Rettung
331 2350 2097 2659 Phil. Trinken Sie Wasser.
335 2492 2750 2827 Trangel. Es ist keines da! (Laufthinaus.)
314 2664 3527 3016 Phil¬ (hältche zurück.) Bleiben Sie nur, bleiben sie nur.
322 2874 2479 3145 trangel. Ich sterbe! Ich starbe! Kelt
344 3033 2079 3364 Pstl. Killner, Wasser
352 3188 3123 3514 Trampel. Mir wäre eigentlich Bier lieber,
361 3437 1461 3695 Kellner (mit Wassere)
357 3617 1336 3858 Trangel (toinkte)
378 3733 1925 4081 Pfil. daß ihren jetzt gut?
412 3944 1336 4202 Trampel. Ia!
425 4077 3626 4429 Phil. Ob sprechen Sie etwas über den Karwinusmus
5396 202 5680 438 63
3828 455 7261 786 Fraugel (Eise) Og um Teufel. (Laut) Aber es wird spät. Ich durch
3854 722 7278 988 ja meine Berggartin machen. und Sie müssen ein wenig
3828 868 5697 1126 auf der Esplanade gewonnen.
3824 1048 6354 1336 Phil. Promeniren, wollen Siesagen.
3871 1207 5654 1495 Trompel. Camahl, nämlich.
3901 1409 7205 1680 Schil. Sie haben eigentlich recht. Ich vergasse ganz
3841 1551 5091 1852 darauf. (Mit ihr ab.)
5125 1731 5959 2015 2. Auftritt
5070 1895 6221 2161 Trangel (allein)
3819 2075 7235 2298 Jetzt ist mir heiß geworden. Woher sollich etwas vom
3794 2260 7235 2518 Darwinismus wissen? Unsinn! – Gott was mir jetzt
3811 2475 7235 2715 einfällt. Dieser informe Entführer hat ja – meine
3802 2595 7226 2818 unsterblichen Werke - mein Gedicht - nein Drama.
3824 2754 7248 2986 Und in diesem Heft, worin mein Drama ist - habe ich
3819 2939 7265 3226 eine so wertvolle Sammlung von Penzagen aus den Classio¬
3824 3153 7192 3403 kam, - die mir oft zu Gute gekommen sind. Aber jetzt
3811 3282 7226 3583 muß ich fort – noch dieses Strafstrak schnell verzehrt
3802 3510 7149 3729 (isst es) und jetzt auf die Berge, die luftigen Höhe,
3794 3686 7213 3892 o hätt ich jetzt um die Lieder von Heim da, wie schnelle
3867 3798 7235 4103 hätte ich die prachtvollsten Ausdrucke für ein
3888 3974 7218 4292 Gedicht. Jetzt bin ich begeistert! Jetſt muß ich dichter
