7224 4776
1851 261 2083 465 36
3652 328 6989 739 Schgut. Das streichen Wegen wahrscheinlicher Entführung
195 444 3382 818 zurück dort hin. Da stand in Knorpsheim ein liebliches
3648 573 6437 830 einer Tochter! Schreiben Sie, Augens darf
174 652 3283 1013 zäuschen. Mein Geburtshaus! Ach und da wuchs
3681 730 6652 1050 Phil. Sie, werden Sie meine Tochter einfangen
154 838 3428 1137 eine Linde vor dem Thore, und vor den Fensten
3660 942 5121 1245 Schput. Unzweifelhaft.
195 1000 3399 1382 ein Apfelbaum! Und seitwärts im Misthaufen.
3727 1062 7043 1411 Phil. Ich kann auch also in freien Stunden meiner
170 1137 3328 1544 das war so ögllisch. Und die Kirche fang und
3685 1216 6910 1556 Wissenschaft und meiner Naturferscherei über¬
216 1336 3386 1697 in naistigall jang und id png. (vingt)
3694 1523 4262 1785 geben.
2282 1502 3395 1809 fête) Achtwin
261 1569 2013 1814 Salolalalala
3714 1602 6063 1959 Schput. Übergeben Sie sich nur!
245 1735 3362 1996 war das schön. Und jetzt fahre ich wieder
4901 1785 5777 2071 S. Auftritt.
278 1851 3494 2158 nach Knorpsheim! Nach der lieblichen, idyllischen,
4619 1951 5976 2237 Vorige Trangel.
261 2067 3494 2419 Knorgsheim. Ach, das wird reizend, irgend!
3735 2108 7026 2469 Transpel. Geehrtester Herr Professors (Ich stehe
1419 2249 2328 2469 7 Auftritt.
3777 2328 6964 2635 zu diensten. Es freut mich u endlich. Ich
270 2299 664 2598 (ab)
797 2390 3175 2751 Philosophus. Schgut u. Augschart.
4951 2552 5270 2727 Bouil
3768 2556 4577 2797 bingang.
282 2544 3498 2930 Phil. Es thut mir sehr leid, meine Herren¬
3752 2673 5968 2984 Phil. Wissen Sie schon alles?
286 2768 2490 3075 ich kann es aber nicht ändern!
3793 2872 5320 3125 Transpel. Somanges!
328 2913 3561 3279 Schaut. Verfolgt Morz Schmolkes wegen unerlaubter
3777 3042 5179 3345 Phil. Sincrissen?
270 3113 3420 3428 Entführung seiner Geliebten. Schreiben Sie, Augescharf!
3810 3179 6337 3494 Schgut. Schreiben Sie, Augenscharf!
349 3291 3615 3611 Khl. Seiner Geliebten? Woher wissen Sie das?
3793 3332 6881 3718 Schib. Also sind sie auf Knorgeheim.
336 3478 3486 3814 Schgut. Ausstreichen! Wegen Entführung seiner
3860 3557 5383 3860 Trampel. Ich denke!
299 3635 3154 3943 Ungeliebten Schreiben Sie, Augenschärf!
3851 3694 7146 3984 Sehgut. Er denkt? Schreiben Sie. Augenscharf
390 3826 3461 4167 Phil. Ungeliebst? Woher wissen Sie das?
3752 3913 7080 4200 beampel. Es was soll das sein! Über jedes mei¬
411 3992 3349 4333 Meine Tochterheitführt! Und das mag
3810 4067 7072 4445 ner Worte wird Protokoll geführt. Hoch
432 4204 1648 4548 nur wahrscheinlich
