7336 4856
5204 221 5471 480 69
1964 268 2130 561 68
3754 544 7168 867 jedem seine Samlungen zeigt, der verrückte Professoren
1781 625 2593 859 6. Auftritt.
3788 795 7176 1042 Welcher Norr das gefunden hat. Letzt kommt wacht
1624 808 3091 1076 Trampel (allein, seufzend.)
298 986 3699 1271 So muß ich wieder an eren anfangen. So geht's auf der Welti
3784 952 4396 1220 (Alle ab.)
5016 1093 5782 1365 S. Auftritt
298 1152 3703 1437 (Haut mit seinem Stock auf die Erde.) Ohr, da klingts anders.
4715 1284 7193 1530 Valk (kommt geraubt.) dann der Excell.
357 1309 3609 1577 (Er gräbt u findet einen großer Stimmen) Ah - am Ende
3784 1407 7185 1692 Entkommen 1) Entkomen! Entkomme! Aber wie mich
370 1471 3622 1769 ist das eine Seltenheit. Wenigstens ist es der einzige
3830 1598 7155 1926 jetzt schützen? Wie mich retten? Ach, dieser Reise
327 1649 3507 1964 Stein, der auf dieser Stelle liegt! Doch nun, - daran
1348 1807 3507 1981 O.G.O. R. und xxx noch eine Menge Ändert.
3813 1832 6845 2066 ist lang nicht so vöglligst, wie ich gehofft!
378 1862 3618 2143 steht etwas. x. Z. Osb. Weiß Gott wie lang das
3822 2007 7189 2189 Der Gemit (kommt) Wer stört mich mal in meiner
327 1985 3622 2317 da gelegen ist! Ein Nein mit Buchstaben. Eine
3818 2130 7129 2436 beschauerlichen Einsamheit! Mollen Se mal ent¬
357 2172 3639 2504 Seltenheit! Hierroh! Jetzt auf die Esplamade.
3818 2338 4426 2585 Fleuchend
425 2364 2160 2657 Zum Professor Philosophus.
3818 2495 7159 2780 Wath. Da schieht wir ein Gedanke durch den Kopf
1824 2546 2542 2768 7. Oeftritt.
459 2559 837 2806 25/2
3860 2657 6700 2959 Ew. Hochwurden, habt ihr noch so ein Kleid
468 2695 2636 2993 Die reisenden Sgoßoögel.    Lödy
3886 2836 7202 3108 Eremit. Ich habe es; doch wozu wollen. Sie dabey
315 2925 2861 3197 1. Spaßvögel Richtig, richtig, ich sagte es gleich.
3822 3006 7049 3265 Ehebrauchen? Zu einem Gottehefällichen Werch?
344 3065 1675 3354 2. Tg. Mtr, was ist?
3830 3137 7197 3461 Walk (aß?! From ist der Mensch. (Laut.) Ich bin arm
366 3239 1730 3520 1. Sp. Fort ist der Stein.
3771 3375 7163 3673 und möchte ein Pastor werden, aber nur fehlt das
340 3410 1764 3699 am Tg. köstlich! Kößlich!
3818 3520 7036 3822 Kleid. Und die fundhaften Menschen schon nur
344 3584 3461 3877 1.og. Ihr wiße doch, was ich drauf eingegraben habe.
3469 3631 3711 3822 Stoch,
3852 3724 4872 3941 aufs Äußern
370 3728 3737 4034 Der diesen Stein leidet, soll in der Residenz Holmstraße aufeinmalen
2938 3911 3703 4119 und aufnehmen
3881 3852 7163 4158 Eremit. Ich sehe mal, daß sie ein weiter
3341 3996 3724 4153 lassen
366 3928 2096 4217 D. Rf. Wer wohnt aber dort.
3920 4034 7202 4358 fromer Mensch sind. Wolle se mal mit mir sogarum
383 4102 3703 4375 1. Okt. Das wißt ihr nicht? Der Professor Philosophus. Der
2036 4247 3290 4468 das Irrenhaus so das
6037 4192 6840 4460 (Beide ab.)
