7320 4712
1708 265 1965 518 60
180 527 3297 903 letzten Zeit sehr viel von sich reden gehörte nacht.
188 664 3455 1062 Krampel (ruckt unruhig hin und her.) Ja, außerordentlich die
184 869 3485 1216 Phel. Was halten sie davon? Das ganze kommt mir so
214 1130 1468 1361 Merkwürdig vor.
184 1207 3005 1528 Krampel (F. o. 1) Mir auch. Sehr wiederbar!
210 1443 2201 1742 Phil. Nun, was halten sie davon?
231 1554 3630 1935 Transpel. Ganz richtig. Sie ist sehr schön, diese Thorin vom
210 1777 2676 2068 Herrn davonismus. Sehr eigentümlich.
257 1884 3446 2256 Phil. Von Herrn darwin. Sie haben sich versprochen.
253 2102 3399 2410 trangel. Natürlich, sehr richtig (7) Ich muß mir das
317 2256 3601 2612 Gespräch auf andre Dinge bringen. (Ein Kellner kommt)
317 2457 3583 2817 Gottfri vank, je, Kolbesot Ein Strafstrak mit
295 2710 1075 2958 Kartoffeln.
321 2804 2196 3112 Jahil. könnten Sie mir wohl
308 2984 2868 3288 Tramgel. Fuhlen Sie nicht auch Appetit?
330 3104 3464 3476 schil. Ich esse später. Also, was den darwaisen
347 3344 1062 3643 Auslaugh
390 3502 3630 3785 Transpol. Brugen Sie mir das Briefstrakschnell, stelle
441 3733 1254 4003 Kalluur (ab.)
548 3819 3639 4153 Phil. Aus einem Affen, sagt bekanntlich darum,
467 4029 2136 4371 ist der Mensch entfändnée
5651 64 5822 304 6
3789 441 7017 724 Trampel Aus einem Offen. Ja aus einem Affen¬
3776 668 5827 933 was ich sagen wollte,- Siewissen
3827 805 7175 1100 Phil- Könten Sie mir nicht einen -Vortrag über
3793 1002 5493 1250 den darwieismus halten?
3810 1194 7171 1438 Trangel. Einen Vortrag. Ja- sehr richtig. Ichmachte
3797 1374 5686 1614 nur noch bemerken - daß
3827 1528 4872 1751 Phil. Minarast.
3810 1657 7205 1909 Trangel daß - (für sich) so zieht ich mich am besten
3780 1892 7171 2098 aus der Affaire. (Laut) daß der Mensch und kennen
3750 2012 5394 2316 Affen entstanden sei
3716 2222 4748 2505 21/2 Phil. Minau Sie?
3810 2393 4911 2654 Trampel. Ichmein.
3793 2590 7192 2821 Phil. Und was für Gründe haben Sie zu ihrer Rechtfertigung
3780 2706 7192 3018 Trangel (f.) Was fang' ich jetzten. (Laut.) Reistfertigen, meinen
3759 2920 7038 3190 Sr. Richtfertigung. Denn dann das Wort betrachtet.
3793 3065 5082 3365 will so eigentümlich.
3793 3271 7205 3515 Phil. Neientwegen-Rechtfertigen sie mir aus ihre Ansicht
3797 3468 7141 3652 Trangel. Eben wollte ich es ihrer sagen Ansichts In¬
3759 3583 7103 3832 wie viel Bedeutungen dieses Wort gebraucht wird,
3763 3742 7205 4046 z. B. (E.) O Himmel, w fängt an mir heiß zu werden
3806 3939 6443 4251 Kellner (komt mit dem verlangten
