6728 4536
485 612 3030 927 frühselben gestattet, da bei demeure
644 804 2744 1053 we, and du le Bickt ici nes gens
670 898 2845 1281 Sg. Refoyenheit, in P. bei Obich
688 1115 2751 1502 and Bethebe f-e pn
731 1310 3102 1669 sich derselbe besondlung
757 1582 1973 1843 den zu vergiben
865 1691 2831 1998 So schi her lutting p 5
894 1922 2860 2212 jung bist, dass nicht Nuhn
923 2082 2921 2433 in A Dote in fim Hond, e
901 2306 2921 2603 bepricht ich heißt ich,
981 2494 2860 2863 in in from pliet
3486 261 3808 539 r. t
4760 384 5307 590 Reli
3511 474 6255 786 Es müsste berücklich seinem sehr
3511 742 6067 1079 in zum Seiten d Relger. (Brem
3472 988 6386 1329 Ihr einfach an der Eigenstift wille
3490 1195 6161 1506 jelobt iue - car die a brok
3453 1401 6353 1745 " und nach Velabe lieb -, ohne des
3410 1622 6165 1973 a Berris - at for in Tjef geford
3461 1900 6111 2237 you were me of preliges
3479 2085 6321 2545 fehler verurtheilt. - In Villelem
3486 2331 6074 2748 low - so are etwa able this -
5361 2715 6368 3059 yours
3562 2661 5307 3059 relblots of in trop
3602 3037 4833 3403 In 1 Aberzeug
3689 3222 6085 3631 Dich. d. in dem Weltzuster
3620 3515 6056 3899 die Oberfleiß u. Leisten
