6728 4504
257 588 2979 969 proze, wie auf ihr teut hin¬
410 927 3097 1226 Mr uitr wesenfe, wie ins
367 1151 3090 1486 geben —  daß wir um ihm nicht
321 1404 3115 1760 27 hund: C. A. e Gottmeister:
235 1618 3104 1946 recied up July? He had.
474 1899 2954 2210 mit auf u Man foh 2D 9e
367 2117 3108 2455 toing F. suis trages, - No dellt
381 2463 3001 2705 in day - je, but a etwa
374 2612 2983 2904 as a - Hime, - - in Gold -
435 2822 3068 3175 Nahmen, u - on T Hllen; it
367 3115 3029 3500 to iffang liegt et nicht I
435 3304 3040 3803 Tit eim Gott nicht i Sie auch
463 3574 3090 4041 nicht, inda - darin, nach
3535 225 3820 442 nt
5217 310 6286 517 s. 1 an möglichkeiten.
3610 410 4009 595 Re sm.
4847 428 5267 666 be
3635 517 4066 752 C Apt of
3888 631 6101 845 Was dur mir hier als Aphorisma servierst;-
3881 809 6147 1030 denkst du vielleicht,diese billige Weisheit
3892 1012 6169 1187 wäre mir nicht längst bekannt gewesen? Dass
3881 1144 6212 1390 du dir das einbildest, lieber Leser, betrachte
3881 1326 6222 1597 ich als die schönste Genugtuung,die mir wer-
3881 1497 4494 1725 den konnte.
5460 1600 5791 2024 for
3956 2263 4419 2751 fort.
5912 3418 6201 3767 3+4
