6859 4312
3961 440 6429 732 Man bestreitet nicht die Herrlichkeit einer Legende,
4499 609 5219 723 at Horlone -
3930 662 5918 862 wenn man ihre Realität in Abrede stellt /
3930 769 6346 979 Es ist nicht ganz zu begreifen, dass die Frommen be-
3930 960 6297 1176 leidigt sind  wenn man die historische -Wahrheit der
5333 1065 6060 1219 ist mit bescheideten.
3939 1120 5278 1308 Christusgestalt bezweifelt.
5410 1200 5721 1323 for it.
3924 1246 6232 1471 Wenn Christus nicht gelebt hat, ist er vielleicht
3936 1425 6364 1582 grösser als wenn er wirklich je auf ihren wandelte.
4912 1539 5167 1643 se fais
4145 1548 4367 1643 being
3936 1625 6275 1745 Der Mensch, der Geist, der die Christusgestalt ge-
3942 1751 6386 1933 schaffen, ist geradeso göttlich als Christus xxx
3936 1877 6097 2087 wenn erezistiert hätte-oder hat. Vollendt,
3936 2062 6275 2240 Denn Gott hat ja den Menschen geschaffen,der im-
3942 2188 5527 2400 stande war Christus zu schaffen.
4385 2354 4653 2628 Neu
4767 2634 6158 2850 M. u. H. That wt a. ist jolle
5924 2791 6293 2951 vielleicht
4782 2813 6337 3194 om - soit schaf Zeit
4810 3142 6204 3394 so nicht ich xxx gegen
5041 3348 6432 3595 Ihr und Joseph von Grot gesch.
5139 3551 6130 3767 gehört. mit
5250 3656 6210 3887 absentia... I
