<?xml version="1.0" encoding="UTF-8" standalone="yes"?>
<PcGts xmlns="http://schema.primaresearch.org/PAGE/gts/pagecontent/2013-07-15" xmlns:xsi="http://www.w3.org/2001/XMLSchema-instance" xsi:schemaLocation="http://schema.primaresearch.org/PAGE/gts/pagecontent/2013-07-15 http://schema.primaresearch.org/PAGE/gts/pagecontent/2013-07-15/pagecontent.xsd">
    <Metadata>
        <Creator>prov=READ-COOP:name=TrHtr:version=2.1.0:model_id=51170:date=28_07_2023_07:10</Creator>
        <Created>2023-05-10T11:22:51.923+02:00</Created>
        <LastChange>2023-07-28T07:10:28.735+02:00</LastChange>
        <TranskribusMetadata docId="1428149" pageId="55386342" pageNr="5" tsid="131323678" status="IN_PROGRESS" userId="64420" imgUrl="https://files.transkribus.eu/Get?id=KPBNEHFNOSSJJTQPPPNDMCET&amp;fileType=view" xmlUrl="https://files.transkribus.eu/Get?id=PYRIKAFOJWDEAQEIVBKJDZOU" imageId="44661240"/>
    </Metadata>
    <Page imageFilename="1428149_0005.jpg" imageWidth="6728" imageHeight="4536">
        <ReadingOrder>
            <OrderedGroup id="ro_1711821978949" caption="Regions reading order">
                <RegionRefIndexed index="0" regionRef="tr_1"/>
            </OrderedGroup>
        </ReadingOrder>
        <TextRegion id="tr_1" custom="readingOrder {index:0;}">
            <Coords points="3497,343 6051,343 6051,4098 3497,4098"/>
            <TextLine id="tr_1_tl_1" custom="readingOrder {index:0;}">
                <Coords points="3510,418 3532,418 3590,454 3679,409 3718,431 3733,418 3794,422 3797,268 3749,271 3682,316 3663,303 3634,323 3580,275 3513,281"/>
                <Baseline points="3527,399 3616,399 3706,393 3795,399 3801,399"/>
                <TextEquiv>
                    <Unicode>b. l</Unicode>
                </TextEquiv>
            </TextLine>
            <TextLine id="tr_1_tl_2" custom="readingOrder {index:1;}">
                <Coords points="5097,553 5203,508 5359,559 5506,517 5663,540 5663,415 5608,393 5538,434 5500,415 5397,422 5311,463 5177,393 5097,396"/>
                <Baseline points="5114,519 5204,513 5293,513 5383,513 5473,513 5562,513 5652,519 5670,519"/>
                <TextEquiv>
                    <Unicode>vielerleich</Unicode>
                </TextEquiv>
            </TextLine>
            <TextLine id="tr_1_tl_3" custom="readingOrder {index:2;}">
                <Coords points="3516,671 4225,763 4411,664 4724,728 5369,629 5829,674 5918,652 5921,527 4656,546 4510,476 3842,620 3520,546"/>
                <Baseline points="3533,662 3598,668 3688,674 3778,668 3867,662 3957,656 4046,650 4136,644 4225,638 4315,638 4404,638 4494,638 4583,638 4673,632 4762,632 4852,632 4941,626 5031,626 5120,620 5210,614 5299,614 5389,608 5479,608 5568,608 5658,608 5747,614 5837,620 5926,626"/>
                <TextEquiv>
                    <Unicode>Et synov in de Iitungkeit, dien Rwittnitte mit</Unicode>
                </TextEquiv>
            </TextLine>
            <TextLine id="tr_1_tl_4" custom="readingOrder {index:3;}">
                <Coords points="3504,856 5924,872 5963,735 4621,674 4458,770 3852,687 3504,776"/>
                <Baseline points="3521,841 3551,841 3640,847 3730,847 3819,847 3909,841 3998,841 4088,841 4177,835 4267,835 4356,829 4446,829 4536,817 4625,817 4715,817 4804,817 4894,817 4983,817 5073,811 5162,811 5252,805 5341,805 5431,805 5520,811 5610,811 5699,811 5789,817 5878,823 5968,835"/>
                <TextEquiv>
                    <Unicode>Dies Fuderungen der Selbstacht und d. Weschen Herrn</Unicode>
                </TextEquiv>
            </TextLine>
            <TextLine id="tr_1_tl_5" custom="readingOrder {index:4;}">
                <Coords points="3539,1048 3970,1044 4193,1153 4672,996 5100,1073 5694,990 5889,1064 5892,907 5270,834 4704,942 4388,862 4145,933 3542,872"/>
                <Baseline points="3557,1026 3569,1032 3658,1026 3748,1026 3837,1026 3927,1026 4016,1026 4106,1020 4195,1020 4285,1020 4374,1020 4464,1002 4553,996 4643,996 4732,996 4822,1002 4912,1002 5001,996 5091,996 5180,990 5270,990 5359,990 5449,984 5538,984 5628,984 5717,984 5807,978 5896,990"/>
                <TextEquiv>
                    <Unicode>in Einklary p trage in farr Verbaal</Unicode>
                </TextEquiv>
            </TextLine>
            <TextLine id="tr_1_tl_6" custom="readingOrder {index:5;}">
                <Coords points="4609,1102 4982,1099 5030,1134 5279,1092 5496,1121 5631,1079 5631,1009 5573,1000 5512,1044 5334,990 5289,1035 5212,1016 5107,1067 4609,1009"/>
                <Baseline points="4625,1068 4715,1074 4804,1080 4894,1086 4983,1086 5073,1092 5162,1086 5252,1080 5341,1074 5431,1074 5520,1074 5610,1074 5640,1080"/>
                <TextEquiv>
                    <Unicode>des ines. est le je</Unicode>
                </TextEquiv>
            </TextLine>
            <TextLine id="tr_1_tl_7" custom="readingOrder {index:6;}">
                <Coords points="3478,1246 3801,1316 4251,1223 5516,1262 6039,1223 6043,1095 4510,1083 4098,1182 3481,1099"/>
                <Baseline points="3497,1241 3545,1229 3634,1229 3724,1229 3813,1229 3903,1223 3992,1217 4082,1217 4171,1211 4261,1199 4350,1199 4440,1193 4530,1187 4619,1187 4709,1187 4798,1187 4888,1193 4977,1193 5067,1193 5156,1193 5246,1187 5335,1187 5425,1181 5514,1187 5604,1181 5693,1181 5783,1181 5872,1175 5962,1181 6051,1187"/>
                <TextEquiv>
                    <Unicode>be de jure Secrétaire, der ich darauf trefliche</Unicode>
                </TextEquiv>
            </TextLine>
            <TextLine id="tr_1_tl_8" custom="readingOrder {index:7;}">
                <Coords points="3558,1517 4621,1389 5672,1501 5672,1335 5206,1271 3561,1278"/>
                <Baseline points="3575,1414 3622,1414 3712,1414 3801,1414 3891,1414 3980,1408 4070,1402 4159,1396 4249,1390 4339,1384 4428,1378 4518,1378 4607,1378 4697,1378 4786,1378 4876,1378 4965,1384 5055,1390 5144,1390 5234,1390 5323,1396 5413,1396 5502,1390 5592,1390 5681,1390"/>
                <TextEquiv>
                    <Unicode>auf er der Zehil mit einmal jegen</Unicode>
                </TextEquiv>
            </TextLine>
            <TextLine id="tr_1_tl_9" custom="readingOrder {index:8;}">
                <Coords points="3590,1696 4781,1587 5704,1645 5857,1610 5861,1488 4382,1431 4171,1539 3887,1440 3596,1520"/>
                <Baseline points="3610,1635 3628,1635 3718,1623 3807,1617 3897,1611 3986,1611 4076,1605 4165,1605 4255,1599 4345,1593 4434,1593 4524,1587 4613,1587 4703,1581 4792,1581 4882,1581 4971,1581 5061,1581 5150,1587 5240,1587 5329,1587 5419,1581 5508,1575 5598,1575 5687,1569 5777,1569 5866,1575"/>
                <TextEquiv>
                    <Unicode>theil hast, und an mit der auszukte, daß</Unicode>
                </TextEquiv>
            </TextLine>
            <TextLine id="tr_1_tl_10" custom="readingOrder {index:9;}">
                <Coords points="4931,1709 4960,1702 4966,1689 4989,1693 4992,1683 5030,1702 5177,1683 5167,1616 5142,1616 5120,1600 5097,1603 5065,1632 5033,1606 4998,1603 4982,1619 4963,1610 4938,1635 4922,1635"/>
                <Baseline points="4941,1653 5031,1665 5120,1677 5186,1689"/>
                <TextEquiv>
                    <Unicode>dins</Unicode>
                </TextEquiv>
            </TextLine>
            <TextLine id="tr_1_tl_11" custom="readingOrder {index:10;}">
                <Coords points="3558,1817 3721,1884 4235,1785 5014,1852 5225,1779 5781,1817 5883,1721 5519,1600 4922,1725 4733,1638 4356,1737 3887,1638 3561,1709"/>
                <Baseline points="3575,1778 3652,1778 3742,1778 3831,1778 3921,1778 4010,1784 4100,1778 4189,1784 4279,1784 4368,1778 4458,1778 4547,1784 4637,1778 4726,1772 4816,1778 4906,1772 4995,1772 5085,1778 5174,1772 5264,1766 5353,1766 5443,1754 5532,1748 5622,1748 5711,1754 5801,1754 5890,1760"/>
                <TextEquiv>
                    <Unicode>auf auf wertgem gebet das tote Stellung</Unicode>
                </TextEquiv>
            </TextLine>
            <TextLine id="tr_1_tl_12" custom="readingOrder {index:11;}">
                <Coords points="3504,2006 5985,1958 5861,1833 5449,1792 5129,1888 4053,1833 3507,1916"/>
                <Baseline points="3521,1957 3575,1957 3664,1957 3754,1963 3843,1963 3933,1963 4022,1969 4112,1969 4201,1969 4291,1969 4380,1969 4470,1975 4559,1969 4649,1969 4738,1969 4828,1963 4917,1957 5007,1957 5097,1951 5186,1951 5276,1945 5365,1939 5455,1939 5544,1939 5634,1933 5723,1927 5813,1933 5902,1933 5992,1939"/>
                <TextEquiv>
                    <Unicode>nicht immer das mehr nicht Verhaltung</Unicode>
                </TextEquiv>
            </TextLine>
            <TextLine id="tr_1_tl_13" custom="readingOrder {index:12;}">
                <Coords points="3526,2242 5311,2210 5841,2130 5845,1999 5522,1948 5321,2060 4880,2082 4149,1983 3871,2101 3529,2076"/>
                <Baseline points="3545,2172 3610,2166 3700,2166 3789,2166 3879,2166 3969,2160 4058,2154 4148,2148 4237,2148 4327,2142 4416,2142 4506,2142 4595,2154 4685,2154 4774,2148 4864,2136 4953,2136 5043,2130 5132,2130 5222,2118 5311,2118 5401,2118 5490,2118 5580,2112 5670,2112 5759,2112 5849,2118"/>
                <TextEquiv>
                    <Unicode>gegurde Patent, je n'y ennal de</Unicode>
                </TextEquiv>
            </TextLine>
            <TextLine id="tr_1_tl_14" custom="readingOrder {index:13;}">
                <Coords points="3494,2466 4554,2360 5394,2395 5397,2229 4484,2216 4005,2300 3842,2229 3497,2239"/>
                <Baseline points="3515,2351 3521,2351 3610,2369 3700,2369 3789,2369 3879,2369 3969,2363 4058,2363 4148,2357 4237,2357 4327,2357 4416,2351 4506,2351 4595,2351 4685,2357 4774,2357 4864,2351 4953,2345 5043,2339 5132,2339 5222,2333 5311,2333 5401,2345"/>
                <TextEquiv>
                    <Unicode>at infugnisse Mines bedigt &amp;</Unicode>
                </TextEquiv>
            </TextLine>
            <TextLine id="tr_1_tl_15" custom="readingOrder {index:14;}">
                <Coords points="4446,2498 4573,2450 4800,2446 4893,2488 5110,2459 5231,2510 5298,2498 5298,2357 5199,2383 5155,2354 5024,2405 4880,2351 4816,2402 4714,2383 4656,2421 4564,2363 4446,2373"/>
                <Baseline points="4464,2458 4500,2453 4589,2447 4679,2447 4768,2447 4858,2447 4947,2447 5037,2441 5126,2441 5216,2441 5305,2447"/>
                <TextEquiv>
                    <Unicode>für d. benzitet 1)</Unicode>
                </TextEquiv>
            </TextLine>
            <TextLine id="tr_1_tl_16" custom="readingOrder {index:15;}">
                <Coords points="3580,2584 5685,2644 5688,2434 5538,2389 5065,2520 4679,2453 4455,2510 4315,2427 3583,2513"/>
                <Baseline points="3598,2572 3634,2572 3724,2578 3813,2572 3903,2572 3992,2566 4082,2566 4171,2566 4261,2560 4350,2560 4440,2554 4530,2554 4619,2548 4709,2548 4798,2542 4888,2542 4977,2542 5067,2542 5156,2542 5246,2542 5335,2536 5425,2536 5514,2530 5604,2530 5693,2524"/>
                <TextEquiv>
                    <Unicode>M rechtschte a prouvé</Unicode>
                </TextEquiv>
            </TextLine>
            <TextLine id="tr_1_tl_17" custom="readingOrder {index:16;}">
                <Coords points="4356,2686 4375,2686 4436,2727 4481,2724 4500,2711 4526,2715 4542,2702 4564,2708 4564,2648 4526,2657 4458,2638 4449,2648 4423,2632 4391,2641 4375,2632 4356,2635"/>
                <Baseline points="4374,2685 4464,2685 4553,2685 4571,2685"/>
                <TextEquiv>
                    <Unicode>her</Unicode>
                </TextEquiv>
            </TextLine>
            <TextLine id="tr_1_tl_18" custom="readingOrder {index:17;}">
                <Coords points="3615,2769 5401,2756 5835,2871 5816,2635 5468,2705 4765,2628 4449,2731 4040,2616 3801,2708 3615,2676"/>
                <Baseline points="3634,2739 3724,2745 3813,2751 3903,2745 3992,2751 4082,2751 4171,2751 4261,2751 4350,2757 4440,2757 4530,2757 4619,2757 4709,2745 4798,2745 4888,2739 4977,2745 5067,2739 5156,2745 5246,2745 5335,2751 5425,2751 5514,2757 5604,2757 5693,2757 5783,2757 5843,2763"/>
                <TextEquiv>
                    <Unicode>in Café; in and but was your</Unicode>
                </TextEquiv>
            </TextLine>
            <TextLine id="tr_1_tl_19" custom="readingOrder {index:18;}">
                <Coords points="3587,3031 4510,2938 5595,3012 5710,2999 5710,2842 4973,2865 4529,2772 3587,2862"/>
                <Baseline points="3604,2948 3694,2948 3783,2948 3873,2942 3963,2942 4052,2936 4142,2936 4231,2942 4321,2942 4410,2942 4500,2930 4589,2930 4679,2942 4768,2942 4858,2936 4947,2936 5037,2930 5126,2936 5216,2942 5305,2936 5395,2948 5484,2948 5574,2954 5664,2954 5717,2960"/>
                <TextEquiv>
                    <Unicode>bereitle mon ein Opeillemtels, o</Unicode>
                </TextEquiv>
            </TextLine>
            <TextLine id="tr_1_tl_20" custom="readingOrder {index:19;}">
                <Coords points="4059,3018 4165,3047 4302,3015 4366,3056 4407,3015 4589,3044 4650,3009 4794,3050 4950,3012 5017,3044 5046,3034 5046,2948 4899,2941 4823,2983 4711,2938 4631,2983 4519,2941 4436,2973 4347,2945 4059,2967"/>
                <Baseline points="4076,3002 4165,3008 4255,3014 4345,3008 4434,3008 4524,3008 4613,3008 4703,3014 4792,3008 4882,3002 4971,3002 5055,3008"/>
                <TextEquiv>
                    <Unicode>out Referend or after</Unicode>
                </TextEquiv>
            </TextLine>
            <TextLine id="tr_1_tl_21" custom="readingOrder {index:20;}">
                <Coords points="3564,3184 3781,3127 4117,3127 4283,3210 4656,3127 5366,3168 5369,2989 5043,3060 3909,3009 3567,3069"/>
                <Baseline points="3581,3115 3670,3115 3760,3115 3849,3121 3939,3121 4028,3115 4118,3115 4207,3115 4297,3121 4386,3127 4476,3127 4565,3127 4655,3121 4744,3121 4834,3121 4923,3115 5013,3115 5103,3115 5192,3115 5282,3115 5371,3115"/>
                <TextEquiv>
                    <Unicode>die t 50. beffals en Operth</Unicode>
                </TextEquiv>
            </TextLine>
            <TextLine id="tr_1_tl_22" custom="readingOrder {index:21;}">
                <Coords points="3548,3405 5097,3302 5557,3459 5854,3424 5857,3152 5378,3248 4816,3171 4401,3261 3551,3251"/>
                <Baseline points="3569,3306 3628,3306 3718,3306 3807,3306 3897,3306 3986,3306 4076,3312 4165,3306 4255,3300 4345,3294 4434,3294 4524,3288 4613,3288 4703,3288 4792,3288 4882,3288 4971,3288 5061,3288 5150,3288 5240,3288 5329,3288 5419,3288 5508,3294 5598,3288 5687,3288 5777,3282 5866,3282"/>
                <TextEquiv>
                    <Unicode>an oulegt uit aufte xxx</Unicode>
                </TextEquiv>
            </TextLine>
            <TextLine id="tr_1_tl_23" custom="readingOrder {index:22;}">
                <Coords points="3599,3500 5666,3542 5663,3446 4858,3360 4363,3430 3947,3334 3596,3424"/>
                <Baseline points="3616,3485 3706,3485 3795,3485 3885,3473 3974,3473 4064,3479 4154,3479 4243,3479 4333,3479 4422,3485 4512,3479 4601,3485 4691,3485 4780,3485 4870,3491 4959,3491 5049,3491 5138,3497 5228,3497 5317,3503 5407,3509 5496,3515 5586,3515 5675,3527"/>
                <TextEquiv>
                    <Unicode>in - Parliament, - yor sit de ben je</Unicode>
                </TextEquiv>
            </TextLine>
            <TextLine id="tr_1_tl_24" custom="readingOrder {index:23;}">
                <Coords points="3730,3689 4353,3807 4628,3698 5001,3769 5251,3695 5535,3718 5535,3580 5429,3558 4826,3641 4104,3494 3989,3574 3730,3577"/>
                <Baseline points="3748,3670 3837,3670 3927,3676 4016,3682 4106,3682 4195,3682 4285,3682 4374,3682 4464,3676 4553,3682 4643,3682 4732,3682 4822,3682 4912,3682 5001,3682 5091,3676 5180,3682 5270,3682 5359,3682 5449,3688 5538,3694 5544,3694"/>
                <TextEquiv>
                    <Unicode>tent auf eben seezeigt und auf</Unicode>
                </TextEquiv>
            </TextLine>
            <TextLine id="tr_1_tl_25" custom="readingOrder {index:24;}">
                <Coords points="3676,3900 3983,3967 4775,3858 5608,3941 5643,3769 5104,3820 4791,3686 4455,3807 3676,3820"/>
                <Baseline points="3694,3873 3783,3879 3873,3879 3963,3879 4052,3879 4142,3879 4231,3879 4321,3873 4410,3867 4500,3861 4589,3855 4679,3855 4768,3855 4858,3861 4947,3867 5037,3867 5126,3873 5216,3879 5305,3885 5395,3885 5484,3891 5574,3903 5652,3909"/>
                <TextEquiv>
                    <Unicode>it fornulit   a   [illegible]</Unicode>
                </TextEquiv>
            </TextLine>
            <TextLine id="tr_1_tl_26" custom="readingOrder {index:25;}">
                <Coords points="3743,4107 4286,4155 4899,4059 5592,4107 5592,3967 5359,3893 5129,3983 4708,3922 4123,4021 3743,3957"/>
                <Baseline points="3760,4088 3807,4088 3897,4082 3986,4088 4076,4082 4165,4076 4255,4076 4345,4070 4434,4070 4524,4058 4613,4046 4703,4052 4792,4052 4882,4058 4971,4064 5061,4064 5150,4070 5240,4076 5329,4076 5419,4076 5508,4076 5598,4076"/>
                <TextEquiv>
                    <Unicode>so obligt, N.C. der lein</Unicode>
                </TextEquiv>
            </TextLine>
        </TextRegion>
    </Page>
</PcGts>
