<?xml version="1.0" encoding="UTF-8" standalone="yes"?>
<PcGts xmlns="http://schema.primaresearch.org/PAGE/gts/pagecontent/2013-07-15" xmlns:xsi="http://www.w3.org/2001/XMLSchema-instance" xsi:schemaLocation="http://schema.primaresearch.org/PAGE/gts/pagecontent/2013-07-15 http://schema.primaresearch.org/PAGE/gts/pagecontent/2013-07-15/pagecontent.xsd">
    <Metadata>
        <Creator>prov=READ-COOP:name=TrHtr:version=2.1.0:model_id=51170:date=28_07_2023_07:10</Creator>
        <Created>2023-05-10T11:22:54.043+02:00</Created>
        <LastChange>2023-07-28T07:10:32.262+02:00</LastChange>
        <TranskribusMetadata docId="1428149" pageId="55386399" pageNr="18" tsid="131323707" status="IN_PROGRESS" userId="64420" imgUrl="https://files.transkribus.eu/Get?id=CZQJDGRCRKSYCNEJFYCDYOZX&amp;fileType=view" xmlUrl="https://files.transkribus.eu/Get?id=SVVBEBRPMOBYKVATIUHYZKLU" imageId="44661297"/>
    </Metadata>
    <Page imageFilename="1428149_0018.jpg" imageWidth="6648" imageHeight="4296">
        <ReadingOrder>
            <OrderedGroup id="ro_1711821999966" caption="Regions reading order">
                <RegionRefIndexed index="0" regionRef="tr_1"/>
            </OrderedGroup>
        </ReadingOrder>
        <TextRegion id="tr_1" custom="readingOrder {index:0;}">
            <Coords points="3770,427 6509,427 6509,3948 3770,3948"/>
            <TextLine id="tr_1_tl_1" custom="readingOrder {index:0;}">
                <Coords points="3772,543 3928,564 3976,598 4084,536 4176,540 4295,482 4366,502 4369,424 4196,363 4047,438 3914,404 3880,370 3850,394 3789,387"/>
                <Baseline points="3794,531 3836,531 3926,525 4015,519 4105,501 4194,489 4284,489 4373,477"/>
                <TextEquiv>
                    <Unicode>Au der</Unicode>
                </TextEquiv>
            </TextLine>
            <TextLine id="tr_1_tl_2" custom="readingOrder {index:1;}">
                <Coords points="4217,618 4264,614 4295,591 4373,601 4397,621 4461,614 4505,584 4532,608 4614,591 4617,465 4553,475 4509,516 4437,530 4397,499 4315,502 4291,485 4220,523"/>
                <Baseline points="4236,590 4266,584 4355,572 4445,572 4534,572 4624,578"/>
                <TextEquiv>
                    <Unicode>l'Empé</Unicode>
                </TextEquiv>
            </TextLine>
            <TextLine id="tr_1_tl_3" custom="readingOrder {index:2;}">
                <Coords points="3768,710 6294,740 6335,611 5656,621 5408,492 4797,631 4043,564 3768,631"/>
                <Baseline points="3788,686 3836,686 3926,680 4015,680 4105,674 4194,674 4284,680 4373,680 4463,680 4552,686 4642,680 4731,680 4821,680 4910,680 5000,680 5089,686 5179,686 5268,686 5358,680 5447,686 5537,680 5626,680 5716,686 5805,680 5895,680 5984,680 6074,680 6163,680 6253,680 6342,674"/>
                <TextEquiv>
                    <Unicode>Die Masse will niemals Krieg in dem Sinne, dass sie Ge-</Unicode>
                </TextEquiv>
            </TextLine>
            <TextLine id="tr_1_tl_4" custom="readingOrder {index:3;}">
                <Coords points="3782,869 6359,910 6359,750 6237,706 3782,781"/>
                <Baseline points="3800,835 3890,835 3979,841 4069,841 4158,841 4248,835 4337,841 4427,835 4516,835 4606,835 4695,841 4785,841 4874,841 4964,841 5053,841 5143,835 5232,835 5322,835 5411,835 5501,835 5590,835 5680,835 5769,835 5859,835 5948,835 6038,835 6127,835 6217,835 6306,835 6366,835"/>
                <TextEquiv>
                    <Unicode>rechtigkeit wünscht. Und welchen Sinn hätte Krieg über-</Unicode>
                </TextEquiv>
            </TextLine>
            <TextLine id="tr_1_tl_5" custom="readingOrder {index:4;}">
                <Coords points="3768,1015 6362,1029 6362,923 6077,886 3768,937"/>
                <Baseline points="3788,990 3878,990 3967,996 4057,996 4146,990 4236,996 4325,990 4415,996 4504,990 4594,990 4683,996 4773,990 4862,996 4952,996 5041,990 5131,990 5220,990 5310,990 5399,990 5489,996 5578,996 5668,990 5757,996 5847,996 5936,996 6026,996 6115,990 6205,990 6294,990 6372,990"/>
                <TextEquiv>
                    <Unicode>haupt, wie wollte man ihn rechtfertigen,wenn nicht durch</Unicode>
                </TextEquiv>
            </TextLine>
            <TextLine id="tr_1_tl_6" custom="readingOrder {index:5;}">
                <Coords points="3762,1158 6417,1154 6417,1073 5938,1025 3762,1069"/>
                <Baseline points="3782,1139 3872,1145 3961,1145 4051,1145 4140,1145 4230,1145 4319,1145 4409,1145 4498,1145 4588,1145 4677,1139 4767,1139 4856,1145 4946,1145 5035,1145 5125,1145 5214,1145 5304,1139 5393,1139 5483,1139 5572,1139 5662,1139 5751,1145 5841,1145 5930,1151 6020,1151 6109,1151 6199,1145 6288,1145 6378,1145 6426,1151"/>
                <TextEquiv>
                    <Unicode>die fixion, dass ein verletztes R echt wieder hergestellt</Unicode>
                </TextEquiv>
            </TextLine>
            <TextLine id="tr_1_tl_7" custom="readingOrder {index:6;}">
                <Coords points="4563,1246 4668,1222 4780,1253 4848,1226 4930,1249 4950,1232 5028,1229 5028,1181 4994,1164 4963,1185 4896,1154 4875,1168 4777,1151 4756,1171 4712,1158 4688,1178 4648,1151 4563,1168"/>
                <Baseline points="4582,1217 4671,1211 4761,1211 4850,1217 4940,1217 5029,1217 5035,1217"/>
                <TextEquiv>
                    <Unicode>de l'exclue</Unicode>
                </TextEquiv>
            </TextLine>
            <TextLine id="tr_1_tl_8" custom="readingOrder {index:7;}">
                <Coords points="5167,1266 5198,1270 5238,1232 5310,1229 5334,1246 5412,1219 5476,1249 5609,1229 5673,1246 5676,1161 5619,1144 5497,1185 5463,1158 5374,1154 5354,1175 5320,1164 5276,1188 5222,1144 5198,1168 5171,1161"/>
                <Baseline points="5185,1247 5232,1223 5322,1223 5411,1217 5501,1217 5590,1217 5680,1217"/>
                <TextEquiv>
                    <Unicode>das ich selbst</Unicode>
                </TextEquiv>
            </TextLine>
            <TextLine id="tr_1_tl_9" custom="readingOrder {index:8;}">
                <Coords points="3775,1331 4424,1409 5598,1307 6321,1351 6321,1209 3775,1243"/>
                <Baseline points="3794,1294 3884,1300 3973,1300 4063,1300 4152,1300 4242,1300 4331,1300 4421,1300 4510,1300 4600,1300 4689,1300 4779,1306 4868,1300 4958,1306 5047,1300 5137,1300 5226,1294 5316,1300 5405,1294 5495,1300 5584,1300 5674,1300 5763,1300 5853,1300 5942,1300 6032,1300 6121,1300 6211,1300 6300,1300 6330,1306"/>
                <TextEquiv>
                    <Unicode>werden müsse. Die Masse viel Abenteuer, Gewinn, Tod der</Unicode>
                </TextEquiv>
            </TextLine>
            <TextLine id="tr_1_tl_10" custom="readingOrder {index:9;}">
                <Coords points="3762,1470 4750,1552 5826,1450 6359,1514 6291,1351 3762,1375"/>
                <Baseline points="3782,1455 3872,1455 3961,1455 4051,1455 4140,1455 4230,1455 4319,1455 4409,1455 4498,1449 4588,1449 4677,1455 4767,1455 4856,1455 4946,1455 5035,1455 5125,1455 5214,1455 5304,1455 5393,1449 5483,1455 5572,1449 5662,1449 5751,1449 5841,1449 5930,1449 6020,1455 6109,1455 6199,1455 6288,1461 6366,1467"/>
                <TextEquiv>
                    <Unicode>Andern.Raub und dergleichen. Dass es selbst Verwundung,</Unicode>
                </TextEquiv>
            </TextLine>
            <TextLine id="tr_1_tl_11" custom="readingOrder {index:10;}">
                <Coords points="5544,1538 5585,1541 5605,1558 5649,1538 5727,1545 5758,1562 5819,1538 5914,1545 5911,1467 5856,1473 5819,1460 5761,1487 5707,1463 5676,1480 5585,1463 5541,1484"/>
                <Baseline points="5560,1521 5650,1527 5739,1527 5829,1527 5918,1527"/>
                <TextEquiv>
                    <Unicode>wünscht</Unicode>
                </TextEquiv>
            </TextLine>
            <TextLine id="tr_1_tl_12" custom="readingOrder {index:11;}">
                <Coords points="3758,1643 4868,1708 5340,1619 6189,1640 6189,1531 5999,1501 3762,1545"/>
                <Baseline points="3782,1605 3872,1611 3961,1611 4051,1611 4140,1611 4230,1611 4319,1611 4409,1611 4498,1611 4588,1611 4677,1611 4767,1611 4856,1611 4946,1611 5035,1605 5125,1605 5214,1605 5304,1605 5393,1605 5483,1611 5572,1611 5662,1611 5751,1611 5841,1611 5930,1611 6020,1611 6109,1605 6199,1605"/>
                <TextEquiv>
                    <Unicode>Qual, Hunger, Krankheit und Vernichtung xxx, dürfte</Unicode>
                </TextEquiv>
            </TextLine>
            <TextLine id="tr_1_tl_13" custom="readingOrder {index:12;}">
                <Coords points="3762,1793 4284,1850 4498,1776 4845,1820 4879,1813 4879,1623 4675,1718 4471,1681 4220,1721 4132,1670 3996,1718 3762,1708"/>
                <Baseline points="3782,1766 3872,1766 3961,1766 4051,1766 4140,1766 4230,1766 4319,1766 4409,1766 4498,1760 4588,1766 4677,1766 4767,1766 4856,1766 4886,1772"/>
                <TextEquiv>
                    <Unicode>wohl niemand behaupten.</Unicode>
                </TextEquiv>
            </TextLine>
            <TextLine id="tr_1_tl_14" custom="readingOrder {index:13;}">
                <Coords points="4420,1854 4441,1854 4451,1867 4481,1850 4498,1867 4512,1857 4532,1867 4559,1854 4559,1860 4576,1860 4583,1782 4566,1782 4549,1772 4519,1793 4488,1776 4464,1789 4454,1789 4451,1782 4420,1786"/>
                <Baseline points="4439,1843 4498,1843 4588,1837"/>
                <TextEquiv>
                    <Unicode>Abe</Unicode>
                </TextEquiv>
            </TextLine>
            <TextLine id="tr_1_tl_15" custom="readingOrder {index:14;}">
                <Coords points="3768,2006 6267,1972 6267,1864 6067,1830 3768,1820"/>
                <Baseline points="3788,1915 3878,1921 3967,1921 4057,1921 4146,1921 4236,1921 4325,1921 4415,1921 4504,1921 4594,1921 4683,1921 4773,1921 4862,1921 4952,1921 5041,1921 5131,1921 5220,1921 5310,1921 5399,1921 5489,1921 5578,1921 5668,1921 5757,1921 5847,1927 5936,1921 6026,1921 6115,1921 6205,1921 6276,1921"/>
                <TextEquiv>
                    <Unicode>Sonderbar dass trotzdem nichts leichter ist als einer</Unicode>
                </TextEquiv>
            </TextLine>
            <TextLine id="tr_1_tl_16" custom="readingOrder {index:15;}">
                <Coords points="3762,2115 5755,2142 5755,1986 3762,2010"/>
                <Baseline points="3782,2076 3872,2076 3961,2076 4051,2076 4140,2076 4230,2076 4319,2076 4409,2076 4498,2076 4588,2082 4677,2082 4767,2076 4856,2076 4946,2076 5035,2076 5125,2076 5214,2076 5304,2076 5393,2076 5483,2076 5572,2076 5662,2076 5751,2082 5763,2082"/>
                <TextEquiv>
                    <Unicode>Masse einzureden, dass sie den Krieg will.</Unicode>
                </TextEquiv>
            </TextLine>
            <TextLine id="tr_1_tl_17" custom="readingOrder {index:16;}">
                <Coords points="3762,2264 6206,2281 6359,2251 6359,2105 3762,2166"/>
                <Baseline points="3782,2231 3860,2231 3949,2231 4039,2231 4128,2231 4218,2231 4307,2231 4397,2231 4486,2231 4576,2237 4665,2231 4755,2231 4844,2231 4934,2231 5023,2231 5113,2231 5202,2231 5292,2231 5381,2231 5471,2231 5560,2231 5650,2231 5739,2231 5829,2231 5918,2231 6008,2231 6097,2231 6187,2231 6276,2231 6366,2225"/>
                <TextEquiv>
                    <Unicode>Die Verlogenheit, mit der Weltgeschichte selbst von sehr</Unicode>
                </TextEquiv>
            </TextLine>
            <TextLine id="tr_1_tl_18" custom="readingOrder {index:17;}">
                <Coords points="3751,2431 6247,2421 6366,2295 3755,2319"/>
                <Baseline points="3770,2392 3860,2392 3949,2386 4039,2386 4128,2386 4218,2386 4307,2386 4397,2386 4486,2386 4576,2386 4665,2386 4755,2386 4844,2386 4934,2380 5023,2380 5113,2386 5202,2386 5292,2380 5381,2386 5471,2386 5560,2380 5650,2386 5739,2386 5829,2386 5918,2386 6008,2380 6097,2380 6187,2386 6276,2386 6366,2374"/>
                <TextEquiv>
                    <Unicode>grossen Männern, nicht nur von bedeutenden Stilisten,ge-</Unicode>
                </TextEquiv>
            </TextLine>
            <TextLine id="tr_1_tl_19" custom="readingOrder {index:18;}">
                <Coords points="5972,2468 6002,2458 6026,2478 6043,2478 6060,2461 6101,2461 6114,2472 6233,2465 6233,2424 6203,2414 6192,2421 6176,2404 6145,2410 6111,2397 6101,2407 6084,2390 6063,2400 6046,2387 5972,2397"/>
                <Baseline points="5990,2452 6080,2452 6169,2452 6241,2452"/>
                <TextEquiv>
                    <Unicode>Witsen</Unicode>
                </TextEquiv>
            </TextLine>
            <TextLine id="tr_1_tl_20" custom="readingOrder {index:19;}">
                <Coords points="4461,2482 4478,2482 4498,2465 4546,2489 4570,2478 4580,2485 4590,2475 4610,2482 4644,2478 4644,2417 4627,2417 4617,2427 4607,2421 4597,2431 4566,2431 4553,2424 4536,2427 4526,2417 4461,2414"/>
                <Baseline points="4480,2458 4570,2458 4654,2464"/>
                <TextEquiv>
                    <Unicode>mal.</Unicode>
                </TextEquiv>
            </TextLine>
            <TextLine id="tr_1_tl_21" custom="readingOrder {index:20;}">
                <Coords points="3762,2594 6223,2607 6291,2485 3762,2499"/>
                <Baseline points="3782,2541 3872,2541 3961,2541 4051,2541 4140,2541 4230,2541 4319,2541 4409,2541 4498,2541 4588,2547 4677,2547 4767,2547 4856,2541 4946,2541 5035,2541 5125,2541 5214,2535 5304,2541 5393,2541 5483,2541 5572,2541 5662,2541 5751,2541 5841,2541 5930,2541 6020,2541 6109,2547 6199,2541 6288,2535 6300,2541"/>
                <TextEquiv>
                    <Unicode>schrieben worden ist, gehört zu den merkwürdigsten Rät-</Unicode>
                </TextEquiv>
            </TextLine>
            <TextLine id="tr_1_tl_22" custom="readingOrder {index:21;}">
                <Coords points="3762,2770 6291,2740 6328,2601 3762,2624"/>
                <Baseline points="3782,2696 3872,2696 3961,2696 4051,2696 4140,2696 4230,2696 4319,2696 4409,2696 4498,2696 4588,2702 4677,2696 4767,2696 4856,2696 4946,2696 5035,2696 5125,2696 5214,2696 5304,2696 5393,2696 5483,2696 5572,2696 5662,2696 5751,2696 5841,2696 5930,2696 6020,2696 6109,2696 6199,2696 6288,2696 6336,2696"/>
                <TextEquiv>
                    <Unicode>seln der gesamten Kultur. Wahrscheinlich ist auch hier</Unicode>
                </TextEquiv>
            </TextLine>
            <TextLine id="tr_1_tl_23" custom="readingOrder {index:22;}">
                <Coords points="3758,2889 6444,2899 6481,2764 5279,2804 4617,2699 3758,2794"/>
                <Baseline points="3776,2852 3866,2852 3955,2852 4045,2852 4134,2852 4224,2852 4313,2852 4403,2852 4492,2852 4582,2852 4671,2852 4761,2852 4850,2852 4940,2852 5029,2852 5119,2852 5208,2852 5298,2852 5387,2852 5477,2852 5566,2852 5656,2852 5745,2852 5835,2852 5924,2852 6014,2852 6103,2852 6193,2852 6282,2852 6372,2846 6461,2852 6491,2852"/>
                <TextEquiv>
                    <Unicode>Irrtum und Lüge (dlechaft schwer von einander zu unterschei-</Unicode>
                </TextEquiv>
            </TextLine>
            <TextLine id="tr_1_tl_24" custom="readingOrder {index:23;}">
                <Coords points="3762,3035 4454,3106 5374,3015 5575,3120 6474,3035 6474,2933 6165,2910 3996,2957 3762,2876"/>
                <Baseline points="3782,3007 3872,3007 3961,3007 4051,3007 4140,3007 4230,3007 4319,3007 4409,3007 4498,3007 4588,3007 4677,3007 4767,3007 4856,3007 4946,3007 5035,3007 5125,3007 5214,3007 5304,3007 5393,3007 5483,3007 5572,3007 5662,3007 5751,3007 5841,3007 5930,3007 6020,3007 6109,3007 6199,3007 6288,3007 6378,3007 6467,3013 6479,3013"/>
                <TextEquiv>
                    <Unicode>den sind, auf die Unfähigkeit zurückzuführen.) Leben und Tod</Unicode>
                </TextEquiv>
            </TextLine>
            <TextLine id="tr_1_tl_25" custom="readingOrder {index:24;}">
                <Coords points="3782,3188 4716,3269 5109,3168 6501,3205 6501,3079 3782,3072"/>
                <Baseline points="3800,3156 3890,3156 3979,3156 4069,3162 4158,3162 4248,3162 4337,3162 4427,3156 4516,3156 4606,3156 4695,3156 4785,3162 4874,3162 4964,3162 5053,3162 5143,3162 5232,3162 5322,3162 5411,3162 5501,3156 5590,3162 5680,3162 5769,3162 5859,3162 5948,3162 6038,3162 6127,3162 6217,3162 6306,3162 6396,3162 6485,3162 6509,3168"/>
                <TextEquiv>
                    <Unicode>tatsächlich so zu unterscheiden, wie es geschehen müsste, um</Unicode>
                </TextEquiv>
            </TextLine>
            <TextLine id="tr_1_tl_26" custom="readingOrder {index:25;}">
                <Coords points="3758,3361 6403,3398 6403,3263 6301,3232 3758,3242"/>
                <Baseline points="3776,3317 3866,3311 3955,3311 4045,3311 4134,3311 4224,3311 4313,3311 4403,3311 4492,3311 4582,3311 4671,3317 4761,3311 4850,3311 4940,3317 5029,3317 5119,3317 5208,3317 5298,3317 5387,3317 5477,3317 5566,3317 5656,3317 5745,3317 5835,3317 5924,3317 6014,3317 6103,3317 6193,3323 6282,3323 6372,3335 6408,3335"/>
                <TextEquiv>
                    <Unicode>Klarheit in die Welt zu bringen. Wäre diese Klarheit da,</Unicode>
                </TextEquiv>
            </TextLine>
            <TextLine id="tr_1_tl_27" custom="readingOrder {index:26;}">
                <Coords points="3758,3493 5921,3578 6413,3507 6413,3385 3758,3415"/>
                <Baseline points="3776,3472 3866,3466 3955,3472 4045,3472 4134,3472 4224,3466 4313,3466 4403,3472 4492,3472 4582,3472 4671,3472 4761,3472 4850,3472 4940,3472 5029,3472 5119,3472 5208,3472 5298,3478 5387,3478 5477,3472 5566,3478 5656,3478 5745,3478 5835,3478 5924,3478 6014,3478 6103,3478 6193,3478 6282,3478 6372,3484 6420,3484"/>
                <TextEquiv>
                    <Unicode>so könnte es auch keine Angst vor dem Tode geben,während</Unicode>
                </TextEquiv>
            </TextLine>
            <TextLine id="tr_1_tl_28" custom="readingOrder {index:27;}">
                <Coords points="3806,3670 4488,3755 5143,3646 5968,3758 6332,3670 6332,3544 3806,3572"/>
                <Baseline points="3824,3627 3914,3627 4003,3627 4093,3627 4182,3627 4272,3627 4361,3627 4451,3627 4540,3627 4630,3633 4719,3627 4809,3627 4898,3627 4988,3633 5077,3633 5167,3633 5256,3633 5346,3633 5435,3633 5525,3633 5614,3633 5704,3639 5793,3639 5883,3639 5972,3633 6062,3639 6151,3633 6241,3639 6330,3645 6336,3645"/>
                <TextEquiv>
                    <Unicode>die Angst vor dem Sterben als ein notwendiges Element</Unicode>
                </TextEquiv>
            </TextLine>
            <TextLine id="tr_1_tl_29" custom="readingOrder {index:28;}">
                <Coords points="3765,3850 5850,3945 5782,3850 5422,3853 5208,3751 5089,3813 4933,3734 3755,3663"/>
                <Baseline points="3782,3812 3872,3818 3961,3824 4051,3824 4140,3830 4230,3830 4319,3836 4409,3842 4498,3842 4588,3848 4677,3854 4767,3854 4856,3860 4946,3866 5035,3872 5125,3878 5214,3884 5304,3890 5393,3896 5483,3902 5572,3908 5662,3914 5751,3920 5841,3938 5859,3938"/>
                <TextEquiv>
                    <Unicode>des Lebens doch immer weiter dauern müsste.</Unicode>
                </TextEquiv>
            </TextLine>
        </TextRegion>
    </Page>
</PcGts>
