6632 4312
3516 499 6291 803 Dr. Ewyder wll uske at Resy. et wll libuler
4513 642 5833 807 ons ongeler fustoit her
3465 722 6185 1012 larn, gern, manfor Tor 1 Aude, Raub
3490 924 6082 1236 The se f so ist sitt krnnen
3538 1111 5976 1463 fait, Hierge Breut, Vormits
3567 1371 6020 1624 erreicht, daß meiner Schaupten
5107 1518 5899 1661 enerie, de
3538 1609 6489 1892 Niese Neiging, Minist. Thorbesichge (laphys
3663 1782 3883 1884 w
3538 1760 6211 2035 ave you etel sectes, du née Jeune et
4491 1939 4993 2086 Sevieder
5844 1980 6060 2086 he
3553 1994 6181 2225 Ruhn in Unterhalt woll, in disque
3875 2167 4869 2332 die in Cinzel betr.
3545 2189 6464 2515 en deri si nyjou, duf ne de Kries
3516 2434 6354 2724 d. h. Rumpf & tott si Volk in Reer: heer;
3531 2629 6365 2849 als botisse waren ersgebiett. Notaris Hr.
4451 2772 4832 2951 patim
3534 2805 6119 3083 an all.  vuldt  the Belange -
3549 3010 6141 3245 Wis das die M bei dem Antragkeit
3542 3138 6156 3384 A xyz an Expensos ein Freitig im
3564 3355 6229 3575 seit fremde in ticlorische betwenden
3714 3487 6207 3718 fastum diese letztere nicht in Tribu¬
3652 3666 6236 3941 Dr Malfrut M gebt ging ich fas ugen Till,
