6664 4312
3902 587 6104 737 Jemand, dem ich meine Bedenken über die An-
3902 691 6147 905 wendungsmethoden des Wortes tief nicht ver-
3899 873 6185 1090 schwieg, erwiderte mir, ob ich Kant nicht für
3925 1040 5361 1208 tiefer hielte als Voltaire?
3899 1168 6159 1384 Kant hat gewiss manche Gedanken weiter ver-
3904 1367 6135 1558 folgt als die meisten Andern. Bis zum Ende
3919 1540 6150 1676 natürlich nicht. Sein Vorgang war etwa der
3919 1696 6101 1887 und kein Philosoph tut etwas anderes - er
3925 1832 6135 1980 hat sich, an einem bestimmten Punkte seiner
3936 1951 6130 2136 Wanderung angelangt, einen Altar aufgerich-
3925 2168 6237 2292 tet,an dem er seine endgültige Andacht ver-
3925 2263 6251 2442 richtet. Im Wesentlichen ist das Ding an
3925 2413 6222 2581 sich, ist auch Raum,Zeit und Kausalität,dich-
3922 2598 6075 2763 terischer Einfall. Wir wollen ihn darum
3930 2760 5225 2965 nicht geringer schätzen.
5026 2896 5211 3089 5.
5225 2968 5581 3139 from
4217 3092 6147 3303 Reir Philosoph in thene Follrich - in
4243 3231 6274 3497 keit jetzt nur bis zu dort geschritte
4289 3419 6049 3647 Auszug einen Punkt zum Grund
4355 3540 6083 3783 werden möchte lassen
3708 3607 4159 3815 Une N Ma.
4341 3717 5939 3919 aber - nicht einen Alte auf¬
3691 3786 4089 3974 T. A. P.S.
5676 3861 5829 3982 by
5962 3870 6372 3982 sicht werde.
4352 3873 4792 4032 erwisst
4786 3893 5089 4000 in a
5081 3858 5910 4023 & Mr T. H. S. B.
4789 3959 5092 4029 Ihr
