6648 4248
3733 393 4290 622 rien.
4446 475 4783 645 levant
3927 610 6061 792 Mit Milde kommt man vielleicht gegenüber dem
3956 789 6293 900 Verbrechertum aus,nicht aber gegen Gemeinheit
5865 862 6032 956 to be
5413 868 5765 959 Nur Früh
3950 859 6226 1117 an sich und gegen Tücke, gehen das Verbrechen, das
3950 1079 5569 1238 gleichsam ohne Hände geboren ist.
3956 1194 6314 1425 Aber esist gefährlich auch nur im geringsten unge-
3962 1390 4627 1557 recht zu sein.
3941 1522 6173 1660 Denn die nachgewiesene Ungerechtigkeit ist eine
3962 1660 5894 1871 bedenkliche Waffe in der Hand der Gegner.
5196 1827 6387 1997 einmal ungerecht ist etc.
3962 1868 5132 2009 Wer einmal lügt etc.—we
3968 1935 6223 2179 Doch ist die Grenze zwischen Ungerechtigkeit und
3956 2155 5144 2349 Strenge schwer zu ziehen.
5176 2281 6179 2466 strafe ist schon Unge¬
3994 2317 5105 2481 Eine zu strenge äussere
3956 2472 6147 2680 rechtigkeit. Ein Verweis in zu strengen Worten
3968 2648 4496 2809 noch keine.
4853 2695 5220 2944 Mr J. H
4167 2777 6050 3032 Wie Koptall (emher gep hale in
4126 3003 5105 3185 rauf man at Horde
5196 3000 5930 3214 gehme mare.
4126 3170 6126 3405 (une hatte wier nicht gewuft -
4152 3328 5971 3554 so gibt es Vertreyer, die oben will
4299 3490 5076 3710 title in and
4431 3630 5833 3868 Es geht große Mabe. - den St Kindel
4287 3724 6152 3982 at ane yet hill - die oben Geist... die viel
6179 3754 6387 3979 Nicht
4261 3865 5026 3982 nop heimt
5636 3909 6164 4029 tage ik kle
3874 3906 5020 4023 Auf Betrach - die ohne Maje¬
