6712 4536
865 593 1267 840 me
357 692 2771 1066 Aufwürd sich beanten schuld.
304 946 2630 1296 dis not (2. but exemple
272 1183 2880 1606 Gemitet haben, nie fern teil
1521 1394 1779 1599 Ri
339 1416 2817 1867 Wid co fol. ingewenden
328 1716 2796 2083 Einzimatore - das es ist so
265 1906 2990 2294 or Oblafszittet per than. you
346 2150 2902 2633 Hochfert, jein Unserm
480 2563 1910 2863 gell planen
508 2591 3128 3032 We was in thes Bitte - in the
452 2831 3152 3297 3 lei behen... son a Lotgerich
466 3110 3015 3597 f d Jollnicht – we da noof
537 3322 3018 3798 I am soi der früh Seit
572 3661 3230 4088 -d wir in ein viele Exist
568 4017 3223 4352 nicht ersteinen, nur meinen
3484 251 3788 480 nt
3495 431 6283 833 denzelne ab selb nachwärz¬
3466 671 6301 1055 Eurtheil werde, al das Material
3526 995 6273 1274 zu binnen: - auf gehilte der belais¬
3512 1183 6216 1539 an 1, wohl talemat hat i f B.
3484 1451 6125 1758 a was i in de fille an; dans
3526 1659 6361 2083 wilt f f wnst vielleid.. in d
