6712 4248
3779 379 3997 522 P.
3880 615 6283 803 Παρoleon und Cäsár,wenn sie einander im Glymp
3895 833 6257 952 oder sonstwo in der Unendlichkeit begegneten,
3889 946 6268 1119 würden wahrsche inlich lachen wie zwei Auguren,
3886 1084 6125 1310 die sich gemeinsam über die Weltgeschichte
3889 1239 6113 1421 lustig machen - oder über das, was die Mensch-
3875 1376 6179 1558 heit (eben so neint. Auch plato und Nietzsche
3886 1540 6140 1794 wären möglicherweise nicht imstande ein
3875 1710 6200 1869 Lächeln zu un erdrücken. Christus und Buddha
3869 1851 5985 2087 aber - (ich fürchte sehr) wären immer noch
3875 2006 5863 2257 versucht einander ernst zu nehmen.
6054 3516 6233 3695 181
6113 3633 6370 3898 1518
