3416 3544
1121 617 3012 812 Ja - der war auch um mehr als zweitausend Jahre
1132 762 3004 954 jünger. Und... weiter hast Du mir nichts zu ge-
1132 965 1502 1115 stehnz...
1140 1057 2178 1204 Wenn es Dir Spass macht..:
898 1096 1051 1257 S1F:
1140 1154 3020 1377 Selbstverständlich... Wan kann sich son zum Ab-
893 1238 1032 1382 FR:
1146 1293 2767 1480 schied kein lustigeres Gespräch denken...
1138 1441 2740 1596 Erinnerst Du Dich an den See von Lugano?
901 1413 1076 1619 518.
1138 1549 2467 1730 gewiss.. Im Mai waren wir dort.
904 1594 1043 1752 NR:
1143 1680 3065 1847 Weisst Du noch, wie wir nach unserer Ankunft im
907 1727 1076 1863 sir:
1154 1805 2965 1997 Kahn auf dem See herumfuhren und wie ich dann
1154 1969 2103 2130 ziemlich traurig würde?
1157 2047 3054 2292 Ja.. Du warst ein wenig qq melancholisch... Du:
918 2100 1054 2253 FR:
1858 2197 2111 2281 drartig
1154 2236 2367 2397 hattest manchmal(Anwandtungen.
1154 2361 3121 2520 Ja... Abends bin ich lang auf der Terasse gestan-
932 2397 1087 2531 sie:
1163 2478 3165 2659 den eh' ich schlafen ging. Da lag der, See im Mond-
1171 2600 2973 2767 schein, still, sehnsuchtsvoll, unergründlich.
1176 2740 2698 2909 wie fern warst Du mir in dieser Nacht.
862 2790 990 2890 5
1199 2856 3123 3045 (:fasst ihren Arm:) Du!-.. Weisst Du nicht mehrl
934 2993 3168 3218 sie: (:mild:) üben:... Am frühen Morgen, bin ich Hinab-
