<?xml version="1.0" encoding="UTF-8" standalone="yes"?>
<PcGts xmlns="http://schema.primaresearch.org/PAGE/gts/pagecontent/2013-07-15" xmlns:xsi="http://www.w3.org/2001/XMLSchema-instance" xsi:schemaLocation="http://schema.primaresearch.org/PAGE/gts/pagecontent/2013-07-15 http://schema.primaresearch.org/PAGE/gts/pagecontent/2013-07-15/pagecontent.xsd">
    <Metadata>
        <Creator>prov=READ-COOP:name=PyLaia@TranskribusPlatform:version=2.7.0:model_id=50870:lm=none:date=22_01_2024_17:15</Creator>
        <Created>2023-09-27T14:35:17.693+02:00</Created>
        <LastChange>2024-01-22T17:15:05.709+01:00</LastChange>
        <TranskribusMetadata docId="1589035" pageId="60123278" pageNr="47" tsid="145628223" status="IN_PROGRESS" userId="40391" imgUrl="https://files.transkribus.eu/Get?id=LGECJMXWZEZKTXVGIEBIBGRR&amp;fileType=view" xmlUrl="https://files.transkribus.eu/Get?id=NJAKKPTFPATJMYWASVVVOCUB" imageId="48548356"/>
    </Metadata>
    <Page imageFilename="1589035_0047.jpg" imageWidth="3416" imageHeight="3560">
        <ReadingOrder>
            <OrderedGroup id="ro_1711793014055" caption="Regions reading order">
                <RegionRefIndexed index="0" regionRef="tr_1"/>
            </OrderedGroup>
        </ReadingOrder>
        <TextRegion orientation="0.0" id="tr_1" custom="readingOrder {index:0;}">
            <Coords points="946,326 946,3110 3270,3110 3270,326"/>
            <TextLine id="tr_1_tl_1" custom="readingOrder {index:0;}">
                <Coords points="2918,392 2933,392 2967,409 2981,401 2993,406 3033,381 3044,395 3067,392 3070,300 3044,303 3033,289 3019,303 3001,303 2970,286 2961,292 2950,283 2921,286"/>
                <Baseline points="2935,388 2962,386 2990,385 3017,385 3045,384 3073,382"/>
                <TextEquiv>
                    <Unicode>10.</Unicode>
                </TextEquiv>
            </TextLine>
            <TextLine id="tr_1_tl_2" custom="readingOrder {index:1;}">
                <Coords points="1127,730 3119,678 3122,587 1130,612"/>
                <Baseline points="1143,698 1242,695 1341,692 1440,691 1539,686 1638,684 1737,683 1837,680 1936,677 2035,674 2134,671 2233,668 2332,666 2431,663 2531,660 2630,657 2729,654 2828,650 2927,648 3026,646 3126,645"/>
                <TextEquiv>
                    <Unicode>Stehen diese Glücklichen nicht seit Hunderten von</Unicode>
                </TextEquiv>
            </TextLine>
            <TextLine id="tr_1_tl_3" custom="readingOrder {index:2;}">
                <Coords points="1173,838 1860,861 2358,804 2509,844 2778,793 2901,847 3064,801 3067,730 1176,755"/>
                <Baseline points="1188,830 1282,827 1376,824 1470,821 1565,820 1659,819 1753,816 1847,812 1942,810 2036,809 2130,806 2224,800 2319,797 2413,794 2507,793 2601,788 2696,788 2790,788 2884,782 2978,779 3073,776"/>
                <TextEquiv>
                    <Unicode>ahren Tag und Nacht in seiner erlauchten Gesell-</Unicode>
                </TextEquiv>
            </TextLine>
            <TextLine id="tr_1_tl_4" custom="readingOrder {index:3;}">
                <Coords points="1127,1019 1310,964 1330,973 1362,961 1391,990 1413,987 1419,827 1322,835 1216,916 1130,893"/>
                <Baseline points="1143,964 1168,963 1193,961 1218,960 1244,958 1269,958 1294,958 1319,958 1345,957 1370,955 1395,955 1421,955"/>
                <TextEquiv>
                    <Unicode>schaft</Unicode>
                </TextEquiv>
            </TextLine>
            <TextLine id="tr_1_tl_5" custom="readingOrder {index:4;}">
                <Coords points="1130,1119 1290,1113 1419,1162 1536,1082 2103,1067 2169,1102 2189,1016 2086,1030 2017,973 1645,1033 1502,973 1376,979 1285,1033 1133,1013"/>
                <Baseline points="1146,1096 1198,1088 1250,1087 1302,1087 1355,1083 1407,1080 1459,1080 1512,1079 1564,1078 1616,1075 1669,1075 1721,1074 1773,1070 1825,1069 1878,1069 1930,1066 1982,1066 2035,1066 2087,1066 2139,1066 2192,1060"/>
                <TextEquiv>
                    <Unicode>In seiger Gesellschaft -2</Unicode>
                </TextEquiv>
            </TextLine>
            <TextLine id="tr_1_tl_6" custom="readingOrder {index:5;}">
                <Coords points="930,1099 953,1107 979,1104 993,1093 1027,1107 1039,1104 1047,1113 1064,1107 1093,1113 1096,976 1056,970 1007,996 987,981 956,999 933,993"/>
                <Baseline points="946,1096 971,1093 997,1091 1022,1091 1048,1093 1073,1092 1099,1090"/>
                <TextEquiv>
                    <Unicode>FR:</Unicode>
                </TextEquiv>
            </TextLine>
            <TextLine id="tr_1_tl_7" custom="readingOrder {index:6;}">
                <Coords points="1124,1242 1688,1250 1794,1207 1840,1245 2006,1207 2120,1250 2275,1193 2601,1236 2838,1196 2979,1265 3007,1082 2910,1067 2758,1130 2687,1070 2323,1130 2060,1070 1934,1130 1639,1162 1519,1099 1399,1162 1127,1122"/>
                <Baseline points="1143,1215 1236,1214 1329,1213 1423,1213 1516,1208 1610,1209 1703,1207 1797,1203 1890,1200 1984,1200 2077,1200 2170,1196 2264,1190 2357,1188 2451,1188 2544,1185 2638,1185 2731,1179 2825,1176 2918,1179 3012,1183"/>
                <TextEquiv>
                    <Unicode>Artus, könig von Englang, Dichter und Held! wie</Unicode>
                </TextEquiv>
            </TextLine>
            <TextLine id="tr_1_tl_8" custom="readingOrder {index:7;}">
                <Coords points="941,1296 984,1282 999,1285 1010,1276 1024,1288 1039,1282 1099,1305 1102,1130 1067,1124 1041,1102 1013,1119 990,1110 970,1122 947,1116"/>
                <Baseline points="958,1221 983,1220 1008,1219 1033,1218 1058,1218 1083,1217 1108,1215"/>
                <TextEquiv>
                    <Unicode>51X:</Unicode>
                </TextEquiv>
            </TextLine>
            <TextLine id="tr_1_tl_9" custom="readingOrder {index:8;}">
                <Coords points="1133,1359 1373,1348 1456,1385 1694,1342 1771,1379 2103,1330 2303,1368 2515,1325 2592,1388 2704,1330 2830,1362 2924,1325 3019,1382 3070,1362 3073,1239 2838,1262 2738,1225 2629,1270 2272,1233 1897,1290 1574,1262 1516,1308 1133,1250"/>
                <Baseline points="1149,1346 1245,1343 1341,1345 1438,1342 1534,1343 1630,1338 1727,1335 1823,1335 1919,1334 2016,1329 2112,1329 2208,1324 2305,1323 2401,1320 2497,1317 2594,1314 2690,1313 2786,1308 2883,1314 2979,1308 3076,1308"/>
                <TextEquiv>
                    <Unicode>werd' ich glauben, dass Du eine Statue bist, von</Unicode>
                </TextEquiv>
            </TextLine>
            <TextLine id="tr_1_tl_10" custom="readingOrder {index:9;}">
                <Coords points="1139,1485 1654,1516 2163,1459 2320,1505 2441,1459 2632,1499 2721,1445 2910,1485 3067,1445 3070,1362 2927,1396 2850,1345 2255,1416 1969,1382 1837,1431 1737,1382 1622,1419 1445,1382 1139,1413"/>
                <Baseline points="1155,1481 1250,1477 1346,1474 1442,1475 1538,1472 1634,1466 1730,1466 1826,1467 1922,1466 2018,1462 2114,1458 2209,1457 2305,1454 2401,1451 2497,1448 2593,1444 2689,1442 2785,1440 2881,1437 2977,1436 3073,1442"/>
                <TextEquiv>
                    <Unicode>einem Sterblichen gegossen; – die man mit Hämmern</Unicode>
                </TextEquiv>
            </TextLine>
            <TextLine id="tr_1_tl_11" custom="readingOrder {index:10;}">
                <Coords points="1139,1622 1714,1642 1785,1599 2172,1591 2369,1637 2418,1599 2592,1622 2801,1574 3013,1597 3036,1531 2838,1476 2581,1516 2429,1459 2309,1516 2195,1494 1977,1548 1817,1499 1465,1557 1242,1511 1139,1565"/>
                <Baseline points="1155,1612 1249,1609 1343,1606 1437,1603 1532,1603 1626,1600 1720,1597 1814,1594 1909,1596 2003,1591 2097,1591 2191,1588 2286,1582 2380,1582 2474,1579 2568,1576 2663,1573 2757,1573 2851,1571 2945,1567 3040,1573"/>
                <TextEquiv>
                    <Unicode>zertrümmern könnte. sein, deine herrliche Seele</Unicode>
                </TextEquiv>
            </TextLine>
            <TextLine id="tr_1_tl_12" custom="readingOrder {index:11;}">
                <Coords points="1107,1771 1471,1783 1639,1734 1785,1777 1911,1728 2280,1725 2464,1774 2575,1717 2824,1760 3096,1702 3067,1631 2901,1660 2555,1619 2381,1668 2046,1611 1891,1671 1668,1680 1459,1611 1351,1651 1110,1614"/>
                <Baseline points="1122,1750 1221,1741 1320,1740 1419,1738 1518,1733 1617,1732 1716,1729 1815,1729 1914,1725 2013,1720 2112,1720 2211,1717 2310,1716 2409,1712 2508,1712 2607,1708 2706,1705 2805,1703 2904,1702 3003,1699 3103,1699"/>
                <TextEquiv>
                    <Unicode>zwahnt in diesem Erz und alle Glut deines Herzens!</Unicode>
                </TextEquiv>
            </TextLine>
            <TextLine id="tr_1_tl_13" custom="readingOrder {index:12;}">
                <Coords points="1142,1900 2655,1840 3119,1863 3119,1774 2921,1720 2678,1794 2280,1800 2189,1763 1494,1788 1451,1825 1144,1808"/>
                <Baseline points="1158,1872 1256,1872 1354,1869 1453,1864 1551,1866 1650,1863 1748,1860 1846,1857 1945,1854 2043,1854 2142,1851 2240,1854 2338,1848 2437,1846 2535,1842 2634,1839 2732,1836 2830,1835 2929,1831 3027,1830 3126,1836"/>
                <TextEquiv>
                    <Unicode>Und wär- ich in der Kirche geklieben und hätte zu</Unicode>
                </TextEquiv>
            </TextLine>
            <TextLine id="tr_1_tl_14" custom="readingOrder {index:13;}">
                <Coords points="1147,2006 1405,2057 1705,1994 2037,1994 2140,2037 2258,1986 2398,2029 2730,1971 2976,2031 3104,1974 3107,1908 2907,1911 2735,1854 2621,1926 1150,1926"/>
                <Baseline points="1164,2006 1261,2004 1359,2003 1456,2001 1554,1998 1651,1995 1749,1993 1846,1994 1944,1989 2041,1986 2139,1983 2237,1980 2334,1977 2432,1979 2529,1980 2627,1971 2724,1968 2822,1969 2919,1965 3017,1965 3115,1965"/>
                <TextEquiv>
                    <Unicode>deinen Füssen die Nacht erwartet, so wärst du ge-</Unicode>
                </TextEquiv>
            </TextLine>
            <TextLine id="tr_1_tl_15" custom="readingOrder {index:14;}">
                <Coords points="1147,2152 1800,2160 1957,2117 2132,2169 2489,2123 2615,2160 2761,2103 3107,2103 3110,2023 3039,2014 2924,2052 2815,2023 2755,2066 2366,2031 1837,2077 1611,2003 1368,2086 1150,2074"/>
                <Baseline points="1164,2138 1261,2135 1358,2138 1456,2132 1553,2129 1651,2126 1748,2126 1845,2122 1943,2117 2040,2117 2138,2115 2235,2113 2332,2109 2430,2111 2527,2105 2625,2108 2722,2102 2819,2101 2917,2096 3014,2093 3112,2093"/>
                <TextEquiv>
                    <Unicode>wiss von deinem postament herabgestiegen und hät-</Unicode>
                </TextEquiv>
            </TextLine>
            <TextLine id="tr_1_tl_16" custom="readingOrder {index:15;}">
                <Coords points="1147,2318 1230,2278 1516,2303 1637,2269 1697,2306 1820,2263 2180,2292 2352,2255 2355,2166 2303,2152 2180,2195 1803,2186 1685,2232 1362,2152 1153,2195"/>
                <Baseline points="1167,2278 1226,2270 1286,2269 1345,2269 1405,2267 1465,2266 1524,2263 1584,2263 1643,2263 1703,2259 1763,2257 1822,2254 1882,2253 1941,2251 2001,2248 2061,2248 2120,2246 2180,2245 2239,2242 2299,2244 2359,2245"/>
                <TextEquiv>
                    <Unicode>test gewusst,.. dass du lebst.</Unicode>
                </TextEquiv>
            </TextLine>
            <TextLine id="tr_1_tl_17" custom="readingOrder {index:16;}">
                <Coords points="1702,2412 1934,2386 2129,2429 2217,2383 2661,2418 2724,2381 2847,2426 2950,2375 3019,2412 3190,2386 3190,2303 3024,2240 2732,2338 2518,2283 1702,2346"/>
                <Baseline points="1717,2389 1791,2384 1865,2385 1939,2383 2013,2381 2087,2383 2161,2380 2235,2380 2309,2393 2383,2396 2457,2392 2531,2389 2605,2387 2679,2382 2753,2380 2827,2378 2901,2373 2975,2371 3049,2372 3123,2371 3198,2374"/>
                <TextEquiv>
                    <Unicode>Sie schweigen. I in eh verbrrgen wahlen</Unicode>
                </TextEquiv>
            </TextLine>
            <TextLine id="tr_1_tl_18" custom="readingOrder {index:17;}">
                <Coords points="1167,2538 1296,2572 1536,2526 1946,2552 2017,2515 2077,2544 2921,2489 3090,2532 3210,2506 3213,2441 2924,2386 2732,2452 2618,2389 2469,2421 2215,2383 1937,2472 1591,2426 1494,2478 1170,2446"/>
                <Baseline points="1182,2532 1283,2529 1385,2529 1487,2526 1588,2524 1690,2523 1792,2520 1893,2517 1995,2515 2097,2511 2199,2507 2300,2505 2402,2505 2504,2499 2605,2498 2707,2496 2809,2493 2910,2490 3012,2489 3114,2487 3216,2493"/>
                <TextEquiv>
                    <Unicode>Dass Du mich diese.. Schätze der Poesie erst in der</Unicode>
                </TextEquiv>
            </TextLine>
            <TextLine id="tr_1_tl_19" custom="readingOrder {index:18;}">
                <Coords points="950,2629 984,2627 1013,2601 1030,2607 1050,2587 1062,2598 1090,2589 1090,2478 1053,2484 990,2464 976,2472 950,2469"/>
                <Baseline points="967,2541 992,2539 1017,2538 1042,2538 1067,2539 1093,2541"/>
                <TextEquiv>
                    <Unicode>PR:</Unicode>
                </TextEquiv>
            </TextLine>
            <TextLine id="tr_1_tl_20" custom="readingOrder {index:19;}">
                <Coords points="1147,2704 3122,2638 3145,2532 2867,2569 2807,2529 2607,2578 2421,2532 2229,2589 2175,2549 1963,2587 1851,2518 1731,2532 1619,2609 1511,2564 1413,2615 1150,2595"/>
                <Baseline points="1164,2672 1263,2661 1362,2658 1461,2659 1561,2658 1660,2655 1759,2655 1859,2649 1958,2646 2057,2644 2157,2643 2256,2640 2355,2636 2454,2635 2554,2633 2653,2631 2752,2628 2852,2625 2951,2622 3050,2622 3150,2625"/>
                <TextEquiv>
                    <Unicode>letzten Stunde sehen lässt... das ist nicht schön</Unicode>
                </TextEquiv>
            </TextLine>
            <TextLine id="tr_1_tl_21" custom="readingOrder {index:20;}">
                <Coords points="1165,2801 1233,2815 1259,2795 1322,2793 1356,2818 1396,2798 1416,2818 1454,2818 1494,2790 1522,2804 1591,2793 1591,2687 1462,2735 1328,2724 1273,2730 1248,2753 1236,2738 1165,2753"/>
                <Baseline points="1179,2795 1205,2793 1231,2794 1257,2795 1283,2795 1309,2793 1335,2792 1361,2792 1388,2791 1414,2789 1440,2789 1466,2789 1492,2789 1518,2789 1544,2789 1570,2790 1597,2792"/>
                <TextEquiv>
                    <Unicode>von Dir...</Unicode>
                </TextEquiv>
            </TextLine>
            <TextLine id="tr_1_tl_22" custom="readingOrder {index:21;}">
                <Coords points="2209,2853 3145,2810 3145,2741 3033,2753 2910,2692 2644,2761 2429,2704 2260,2747 2212,2727"/>
                <Baseline points="2225,2831 2271,2826 2317,2827 2364,2823 2410,2820 2457,2821 2503,2819 2549,2821 2596,2819 2642,2816 2689,2816 2735,2816 2781,2818 2828,2817 2874,2807 2921,2802 2967,2798 3013,2798 3060,2798 3106,2801 3153,2798"/>
                <TextEquiv>
                    <Unicode>ihr di demnen Zumor¬</Unicode>
                </TextEquiv>
            </TextLine>
            <TextLine id="tr_1_tl_23" custom="readingOrder {index:22;}">
                <Coords points="1279,2864 1428,2881 1465,2856 1619,2853 1771,2876 1800,2850 1825,2876 1857,2867 1860,2801 1780,2758 1720,2787 1657,2770 1619,2798 1582,2784 1502,2818 1425,2787 1359,2818 1322,2793 1282,2801"/>
                <Baseline points="1296,2864 1324,2864 1352,2862 1381,2860 1409,2856 1437,2855 1466,2855 1494,2855 1522,2855 1551,2855 1579,2853 1607,2852 1636,2852 1664,2852 1692,2851 1721,2850 1749,2849 1777,2849 1806,2849 1834,2848 1863,2846"/>
                <TextEquiv>
                    <Unicode>es frreut mich je</Unicode>
                </TextEquiv>
            </TextLine>
            <TextLine id="tr_1_tl_24" custom="readingOrder {index:23;}">
                <Coords points="967,2981 1176,2947 1333,2990 1431,2944 1874,2927 2026,2953 2177,2904 3262,2947 3242,2795 3113,2804 3039,2873 2684,2821 2564,2881 2363,2833 2169,2858 2011,2750 1768,2878 1353,2858 1279,2893 1185,2844 1136,2878 967,2838"/>
                <Baseline points="982,2938 1096,2929 1210,2923 1325,2921 1439,2920 1554,2919 1668,2914 1782,2911 1897,2904 2011,2902 2126,2903 2240,2902 2354,2904 2469,2912 2583,2916 2698,2914 2812,2911 2926,2906 3041,2911 3155,2932 3270,2941"/>
                <TextEquiv>
                    <Unicode>s1r: So lrnet Du mir vleder nichte minderbekeinen haft¬</Unicode>
                </TextEquiv>
            </TextLine>
            <TextLine id="tr_1_tl_25" custom="readingOrder {index:24;}">
                <Coords points="964,3093 1348,3079 1431,3116 1680,3070 1740,3116 2086,3053 2217,3087 2486,3042 2913,3067 3104,3039 3107,2956 2764,2984 2667,2953 2512,3001 2197,2970 2031,3016 1980,2976 1619,2964 1351,3024 1073,3019 967,2970"/>
                <Baseline points="979,3082 1085,3079 1192,3079 1298,3071 1405,3070 1512,3073 1618,3067 1725,3067 1832,3060 1938,3058 2045,3057 2152,3052 2258,3049 2365,3042 2472,3040 2578,3034 2685,3033 2792,3028 2898,3025 3005,3022 3112,3031"/>
                <TextEquiv>
                    <Unicode>TR: Verzeihe, der Gedanke,:. dass ich nicht erst von</Unicode>
                </TextEquiv>
            </TextLine>
            <TextEquiv>
                <Unicode></Unicode>
            </TextEquiv>
        </TextRegion>
    </Page>
</PcGts>
