3416 3528
2200 434 2919 628 bin ich heraabgelaufen
1018 584 3147 771 gelaufen, Du häst noch geschlafen; mit nackten Füesen,
1029 724 3131 897 über die Wiese, ganz weit fort, an eine einsame Ufer-
1037 867 3029 1018 stells. Dort hab' ich meine Kleider abgeworfen und
1032 985 3078 1163 mich in den See gestürzt. Und mir war; als hauchten
1029 1103 3240 1295 künle; feuchte Küsse über meinen zitterniden,Leib, sug,;
1040 1251 3139 1424 wie ich sie nie gefühlt. Und dann hab' ich mich nackt
1037 1372 3111 1545 auf die Wiese hingestreckt, ganz nah. am See, so dass
2777 1482 2974 1561 wer
1034 1520 3175 1693 das Wasser über meine Fusspitzen spülte, und da war mi
1043 1649 3073 1811 mir so wol, als wäre irgend ein tiefes heisses Sehr
1040 1794 2719 1940 nen in mir zum ersten Mal gestillt worden.
853 1934 2233 2107 ER: Oh! Wenn ich das geahnt hätte!
848 2069 1893 2179 StE: Was hättest Du getand
1243 2140 2886 2332 ich wäre zu den Quellen des Luganer Sees1
851 2217 1012 2351 ER:
1054 2318 2467 2486 stiegen und hätte sie:vergiftet....
2675 2316 2933 2489 dirder
1054 2417 2999 2626 Du sagst. das im Scherz! Nun, ich sage Dir, wa wär-
881 2475 1021 2604 S1F:
1067 2549 2988 2733 mindestens so klug, als irgend einem beiläufigen
1070 2694 3128 2870 Herrn, der uns eine Stunde lang gefiel, einen Degen-
1059 2829 3142 2996 stose zwischen die Rippen zu versetzen. Auch der, See-
1059 2950 2993 3183 hat sein Gedächtnig. Aber das werdet ihr nie ver-
