2856 3480
232 504 727 624 Das Porträt.
244 555 2570 754 Pfinzky hat eine Geliabte, die die schlacht- Gewohnheit hat
241 676 2525 872 Pflang zu machen. Hut aus Paris ete. Er will sie gelegent-
247 826 2485 1013 sich seinem Frzund vorstelln, aber er hat Aist vor iim.
238 968 2573 1167 -Si, Frsueld Wurter ist Auter. Es deut inm gut; ab2u jetst
244 1068 2666 1279 hat er kuen vigl Praxis unter korotten und da pussierts ihr.
247 1197 2503 1430 salten, dass er leEl bekommt; si2 sahlen meistens anders.
214 1333 2567 1535 Höchtest du nicht einnal deinzElsin- bei mir malen lassent
256 1472 2537 1668 -Meine Klein hat soretwas lluisliches; aber wenn ich hei-
256 1590 1952 1780 rate; muss ich loch meine Ergunde sinladen.
259 1728 2507 1921 Jetzt wird die Zleine gemeldet. Das Zimügr hat nur einen
253 1885 2259 2054 Austang. Blinzky schiebt den Faler ins Nebenzimmer.
250 2027 1427 2169 Das ist li-b, dasss zu könunist.
253 2129 1713 2307 Nack wenigen Timuten kommt das Wild.
256 2253 2555 2464 Ein Portkit. Ich hab' mich zu deinem Geburtstag malen las-
265 2443 443 2531 sen.
265 2537 612 2684 Von "3112
262 2627 1261 2811 von dem gerühmten Walter.
259 2778 2519 2947 Erinnerung. Er frennt sie kokotten. Wer weiss, wer ihn als
271 2905 2084 3083 Kokotte gilt! Worüber habt Ihr den gesprochen?
268 3031 1246 3203 geber alles Kögliche.
