3336 4344
722 1354 2461 1538 st. er sehr zudringlich mit die gevorlent Hat
710 1521 1452 1668 fraft, was du bist?
702 1616 2194 1806 Ich sagte ihm: eine rechzirakete Frau.
702 1739 2881 1915 intn je das ist sehr schldu. So hat er dich mitgrösser-
702 1880 1578 2024 Hochachtun, behandelt.
702 2007 1736 2182 6 mit jenormer Hochachtung!
702 2125 2792 2332 Man, aber wie teuer. - wis viel kast da dakür beanlte
704 2303 992 2404 ichts.
716 2383 2426 2556 Ietat Gerit Blinzk) in Mit. Ich weiss Alf251
710 2493 2455 2680 WasI dass ich nicht von Walter ,emalt wuldgr
707 2610 3019 2840 Lügn-rin! Er hat nir erzinlt, dass du seine geliebte warst,
716 2789 2240 2947 dass alle Weiber seine Geliebten sind.
716 2910 2211 3096 Nicht Walter, Bertaus hat nich gmalt.
716 3042 1584 3197 Er mift Walter heraus.
724 3171 1866 3326 Ich habe nicht das Vergniigen.
716 3300 1366 3464 Undii- es Bild2
730 3433 1521 3625 das ist von Berteus.
