3416 3512
959 592 1090 706 StE:
952 1493 1100 1612 ER:
969 1760 1151 1867 S1E:
966 1889 1105 2005 ER:
1007 2945 1172 3071 sie:
1248 558 2428 692 Ja; aber ich habe es früher ge
1260 687 1772 850 kommen wird.
1886 806 2471 954 Sie schweigen.
1255 937 1974 1068 Was wirst Du tund
1267 1061 3151 1219 Was geht's Dich an? Wern heute die Sonne unter-
1270 1199 3078 1369 gegangen ist, bin ich auf immer für Dich ver-
1282 1369 1709 1469 schwunden.
1277 1432 3141 1595 Und Du wirst nicht am Fenster stehen, mir näch-
1282 1605 2432 1728 Ii schauen, zum letzten Mal?
1279 1745 2027 1876 Nein. Aus Ist aus.
1282 1835 3141 1974 Denke doch: wir gehen hier zum letzten Mal mit
1287 1981 3102 2122 einander spazieren, auf dem gleichen Wege den
1291 2117 3216 2248 wir im Frühling so oft gewandelt sind – und nun,
1272 2255 3224 2418 nach wenigen Minuten, wird man einander die Hand
1296 2362 3144 2554 reichen, - und der Eine geht dahin, der Andere
1299 2515 3221 2668 dorthin. Ich weiss von heut Abend an nichts mehr
1304 2646 3127 2789 von Dir, Du nichts mehr von mir... Macht Dich"
1304 2779 2559 2930 das nicht ein wenig erschauern?
1301 2962 1563 3093 Nein.-
1937 3044 2408 3153 Sie schweige
