3416 3512
2251 393 2516 582 An8.
1226 425 2015 594 Abendspazi
1127 722 3137 880 Im Prater. Die breite Allee, die vom Lusthaus nach
932 856 3169 1028 den Auen der Donau Führt. Ein Oktobernachmittag von mil-
929 1008 3143 1159 der Wärme; der mattblaue Himmel leuchtet durch das dinn
979 1153 3061 1293 jewordene Laub, welke Blätter liegen auf der bräunli-
1037 1255 3125 1439 en Erde. Verflogene Krähenschreie tönen aus dem Wald-
1127 1413 3093 1567 Er und Sie haben den Wagen verlassen, der sie bie
952 1541 3064 1713 hieher geführt hat. Während der Fahrt haben beide ge-
1564 1643 1887 1736 dr Nähe
944 1669 3055 1844 schwiegen, erset vor dem Lusthausa hat er sie gefragt,
944 1800 3175 1978 ob sie aussteigen will. Sie hat zur Antwort nur genickt.
944 1928 3061 2091 Jetzt wandeln sie stumm über die knisternden Blätter,
938 2082 2945 2228 und erst nach einigen Minuten beginnt er zu, reden;
952 2208 2164 2324 ziemlich langsam und bedrückt.
859 2339 3198 2496 ER: Es ist sonderbar. Mir scheint, dass ich trauriger bin
1072 2479 1375 2624 als Du-
868 2598 2534 2758 SiF: Ich kann das nicht sonderbar finden.
1072 2729 3073 2892 Immerhin. - I ch bin es doch, der gesagt hat: es
862 2764 1008 2918 FR:
1081 2898 1567 3061 ist zu Ende.
