3416 3528
1160 578 3005 787 kannst es mir ruhig sagen... Wer war est - Ich
1148 779 3070 919 verspreche Dir, ich werde keinerlei Korisequenzen
1145 896 2956 1051 daraus ziehen. (:Ueberlegen:) Ich werde ihn
1155 1056 1728 1170 nicht töten...
1148 1175 2998 1315 Das wäre auch schwer möglich. Denn der, den Du
944 1178 1083 1332 s1F:
1145 1287 3113 1479 meinst, ist vor ein paar tausend Jahren gestorben.
1155 1444 2298 1571 und er heisst Alcibiades.
1135 1539 2784 1706 (:aufatmend:) Ach so, Du bidt geistreicht
916 1564 1068 1716 FR:
1170 1678 3083 1870 Nicht so sehr, als Du hoffst. Alcibiades ist ein
926 1723 1125 1863 S1E:
1096 1808 3083 1955 „gefährlicher Nebenbühler. Ich habe mich schon in
1170 1940 3162 2112 der Schüle in ihn verliebt. Er war jung, schön und
1170 2107 1417 2251 kühn!
1168 2209 3085 2336 Eine imponierende Kühnheit, sich vor einen Wagen-
1165 2351 3162 2500 hinzulegen, wenn man weiss, dass er dann doch aus-
1160 2495 1706 2632 weichen wird.
1163 2590 3085 2751 Du tust, als wenn Du alle Kutscher von Äthen ge-
936 2622 1101 2796 S1F:
2684 2699 2841 2766 gan
1180 2734 3165 2856 kannt hättest. Uebrigens, er hat noch ändere Dinge
1180 2893 1631 3023 vollbracht.
1183 2998 3132 3152 Ja - er hatpeinem Hund den Schweif abgeschnitten.
944 3048 1078 3145 RR:
