3416 3512
925 1933 1061 2101 NR:
941 2242 1093 2373 St E:
947 2826 1080 3048 :
947 3042 1120 3162 StF:
941 605 3082 787 s1F: Das fällt auch nicht dem ersten Besten ein, sonst
1130 752 3093 944 stände eb nicht in der Weltgeschichte. Er war ein
2424 848 2880 920 ihocediner
1130 888 3048 1064 Held: Er hat die Perser besiegt - oder was weiss
1152 1032 3010 1181 ich! Es ist übrigensganz egal, wen man besiegt!
1144 1165 2946 1328 Was mich an ihm entzückt, ist, dass ihm alles
1154 1290 2949 1461 gleichgiltig war - selbst das, wofür er jeden
1152 1421 3104 1602 Augenblick bereit gewesen wäre zu sterben. Er ist
1162 1541 2992 1725 eigentlich der einzige Held, der nicht posiert
1152 1674 3048 1872 hat! Darum lieb' ich ign... Darum hätt' ich ihn
1168 1858 1584 1986 geliebt...
1165 1898 3016 2125 Ach Gott - und Alexander der Grosse hätte kein
1170 2104 2024 2232 Glück bei Dir gehabt?
1165 2165 3085 2373 o nein. Er hat seine Grösse zu wichtig genommen.
1125 2338 3125 2506 Alle Andern können mit gestohlen werden, von The-
1165 2474 3056 2632 mistokles bis zu Napoleon. Nur für Einen äusser-
1186 2589 2976 2773 ihm habi ich kurze Zeit hindurch eine gewisse
1186 2762 1840 2909 Schwäche gehabt.
1186 2898 1690 3040 Und das war2
1168 3056 1573 3168 Casanova.
