3432 3560
903 813 1060 993 514.
2938 287 3063 430 22.
1102 571 3044 754 einem Postamnet heruntersteigen musst.e, hat etwas
1195 715 2268 850 ehst berühigendes für mich.
1299 842 2019 1015 Dir das genügt....
1105 890 1286 1017 wenn
1843 959 2319 1108 :Schweigen:
1828 1078 2045 1169 vonE
1105 1094 3137 1275 Aber solltest Du wirklich noch nicht zu Ende sein-2
1174 1286 1756 1392 a.- und nein...
1097 1373 2029 1530 Das versteh' ich nicht.
1426 1485 3033 1658 nämlich noch eine Geschichte.... die ist
1519 1660 1995 1828 Bedeutung. "
1628 1867 3169 2040 Dich unseres Aufenthaltes am garerseeg
1302 2016 3052 2168 arerssel Im Augustz - Gewiss. Ah, ich
1227 2149 3002 2356 ne! Es war der versteinerté König Laurin, der
1209 2247 3097 2444 genüber unserem penster ir die Höhe ragte. Oder
1134 2417 3010 2595 der Mond; der über Dein Bett géschlichen kam...
938 2537 2901 2744 siF: so - Du erinnerst bich nofh des wondscheins?
938 2656 3073 2834 ER: Gewiss, In dieser Vollmondnacht hab' ich jaseine
1897 2784 2369 2866 unternomeen
1392 2805 1565 2893 Felsen
1142 2816 3140 3007 schöne Wänderung iüber die Felsengemacht, mit dem,
1153 2956 3018 3140 italienischen Führer und dem schwedischen Ärzt.
