4328 5364
3149 146 3347 271 1 7
1437 284 3055 490 Anfang zu einem Roman auf dessen
1416 478 3145 658 Schluss ich schon sehr gespannt bin
2009 602 2203 779 von
1265 749 2861 938 Arthur Schnitzler
1725 886 2199 1084 (25.4.81)
891 1028 3872 1209 Ein sonderbarer Roman! Er hat sich - nicht zugetragen und da-
663 1144 3976 1364 durch ward es eben ein Roman — sonst wäre die ganze Geschichte nicht
658 1291 3872 1437 der Rede wert gewesen und hätten sich beide....getroffen - er und
663 1403 3846 1558 sie natürlich - es wäre gekommen, wie es eben immer kommt, höchst
667 1523 3988 1682 alltäglich und allbekannt wenn man...... die ganze Begebenheit auf-
663 1648 3950 1794 notiert hätte. Wie abgeschmackt.- wie langweilig - das ist ja schon
663 1768 3984 1902 tausendmal dagewesen. Aber Held und Heldin unseres Romans fanden
663 1872 3877 2018 sich niemals, kannten sich nicht - und waren doch für einander be-
663 1992 3872 2160 stimmt und hätten sich unendlich und mit allem Glück der Er-
667 2125 3872 2246 füllung geliebt - wenn sie einander gekannt hätten......es wäre so
3666 2173 3872 2250 da
675 2237 3984 2353 vielleicht ein Ehepaar aus ihnen geworden - oder auch nicht - xxxja
663 2349 4117 2474 schliesslich ganz gleichgiltig ist, ob im letzten Kapitel mit oder ohne
663 2457 3502 2594 Pfaffensegen - die Seligkeit der Liebe durchgekostet wird.
959 2577 4031 2719 Aber wie gesagt, - sie waren so lächerlich glücklich so.......
667 2723 4049 2840 befriedigt gewesen, dass jedem..............unwillkürlich
675 2818 4053 2943 da unsere angeborene Grausamkeit viel mehr Unterhaltung an den Leiden
675 2908 3924 3063 als an der stillen Zufriedenheit unserer Nebenmenschen findet. Mit
675 3016 3924 3244 einem Wort - es wäre kein Roman gewesen - wenn sich der Roman abge-
693 3192 3799 3395 spielt hätte - er hat sich nicht abgespielt - das ist der Roman.
