4147 3722
2090 997 2774 1126 Dienstag,7.Oktober 1890,
2586 1075 2740 1140 Wien
1589 1178 2532 1246 Sehr geehrter Herr von Sonnenthal,
1583 1298 2941 1402 erlauben Sie mir, Ihnen hiemit "Alkandi's Lied" zu
1585 1390 2935 1488 übersenden. Und zugleich möchte ich eine Frage an
1587 1458 2914 1575 Sie stellen, um deren gütige Beantwortung ich Sie
1587 1566 2968 1653 recht sehr ersuche - die Liebenswürdigkeit,mit der
1587 1665 2918 1738 Sie mir stets entgegen kamen, gibt mir vielleicht
1592 1733 2970 1855 die Berechtigung dazu. Sie haben dies und jenes am
1587 1837 2869 1926 Alkandi ausgestellt; manchen Ihrer Bemerkungen
1599 1912 2869 2017 schloss ich mich ohne Widerrede an; in andern
1601 2011 3002 2098 wieder habe ich mir erlaubt, meine eigene Auffassung
1592 2118 2975 2192 aufrecht zu erhalten. Ich möchte nun, sehr geehrter
1596 2203 2965 2276 Herr,Ihre Ansicht darüber wissen,ob es absolut un-
1599 2279 2944 2396 thunlich wäre, den Alkandi, sowie er ist, der Direc-
1599 2384 2913 2466 tion des Burgtheaterseinzureichen. Meine Annahme
1594 2485 2930 2566 ist nämlich die folgende: dass - falls das Stück
1601 2547 2951 2650 überhaupt irgend welche Aussicht hätte - auch von
