4147 3722
1569 996 2848 1123 der Direction Aenderungen vorgeschlagen werden
1562 1096 2872 1235 könnten, die ich dann zugleich mit einzelnen der
1580 1180 2977 1305 von Ihnen beantragten in Ausführung bringen möchte.
1571 1282 2898 1389 Nun kann ich mich aber keineswegs entschliessen,
1578 1371 2926 1478 das Stück ohne Ihre ausdrückliche Zustimmung ein-
1580 1448 2951 1553 zureichen, und diese Zeilen sind dazu bestimmt, Sie,
1578 1541 2879 1669 verehrtester Herr von Sonnenthal, zu befragen,ob
1578 1641 2982 1751 ich (in Berücksichtigung der oben angeführten Grün-
1580 1718 2872 1872 de) Alkandi's Lied der Direktion vorlegen solle
1587 1834 1951 1930 oder nicht? -
1742 1911 2615 2030 Mit ausgezeichneter Hochachtung
1800 2005 2529 2142 Ihr dankbarer u. ergebener
1960 2100 2466 2212 Arthur Schnitzler.
