3384 3928
2592 474 2771 696 219
1337 722 2152 903 10. Szene.
1524 879 2273 1051 Marie, Adjunkt.
1211 993 2978 1214 Marie: :die anfangs folgen will, wen-
1414 1161 2876 1366 det sich nach dem Adjunkten um:
1218 1310 2989 1535 Der Adj: (blieb nach des Arztes letz-
1462 1456 2837 1661 ten Worten tiefbewegt stehen:
1231 1603 2991 1824 Marie: Wollen Sie nicht n채herkommen?
1471 1769 2861 1978 Ich glaube, da drin ist jetzt
1507 1903 2872 2134 eher Ihr Platz als der meine.
1495 2015 3044 2271 Gehen Sie hinein. Meine Gegenwart
1495 2167 3128 2423 in dieser Stunde w채re allzuschmerz
1513 2427 2139 2595 lich f체r Sie.
1288 2524 3057 2764 Der Adj: Nein, Marie. Sie irren. Ihr
1535 2676 2865 2887 Gegenwart tut mir eher wohl.
1310 2905 2183 3081 Marie:  : erstaunt:
1333 2973 3039 3224 Der Adj: Es ist ja wahr: kein Wesen
1630 3103 3048 3343 auf Erden war mir so ins Unbe-
1597 3229 3075 3484 greifliche entr체ckt als Sie, in
1628 3383 3068 3658 der Erinnerung erschien mir Ihr
