3432 4040
2806 440 2975 607 177
1239 652 2973 863 DIE TANTE: Ja, das ist eins seltene
1485 838 2918 1018 Art. Mein Mann, der ja viel
1483 958 3104 1165 herumgereist ist, um wieder gesund
1492 1163 2989 1308 zu werden, hat sie aus Sizilien
1501 1305 3000 1490 mitgebracht, von seiner letzten
1510 1432 3113 1628 Reise. Die blühen nicht früher bei
1514 1626 3073 1857 uns. — O, da kommt die Marie, se¬
1525 1823 1921 1939 hen Sie!
1390 1888 3095 2115 :Man sieht MARIE von weither kommen,
1325 2097 3078 2277 vom Hügel herab. Ohne Hut, Feldblumen
1379 2237 2833 2424 in der Hand, schwarz gekleidet:
1334 2353 3122 2573 DIE TANTE:  Ich werd' sie mit Ihnen al-
1566 2531 3069 2706 lein lassen, Herr Doktor. Viel-
1574 2704 3120 2871 leicht spricht sie sich ein biss-
1583 2842 3102 3020 chen aus. Ich geh' in die Kirche
1581 2926 3253 3229 und schau“, was noch vom Dank-
1599 3115 3211 3316 gottesdienst für mich übrig bleibt.
1597 3271 3118 3498 Ich selber hab' ja nicht viel zu
