3464 4008
2494 457 2661 577 164
1136 534 2764 801 Adj: Und dann?... wieder zu Ihren
1229 762 2259 912 Kranken in die Stadt?
1098 893 2869 1053 Arzt: Nicht in die Stadt. Wenigstens
1244 1005 3007 1215 nicht auf lang. Nur um meine Kleidung
1260 1210 3009 1394 zu verändern. Ich habe nämlich Dienst
1272 1353 2321 1537 in der Armee genommen.
1134 1499 1787 1703 Adj: Sie -?
1189 1615 3078 1830 Arzt: Ja. Ich rücke zur Truppe ein, als
1289 1777 2966 1966 Arzt. Auf meine alten Tage hab ich
1310 1947 2990 2130 eine seltsame Lust nach Erlebnissen,
1313 2111 3054 2278 nach Abenteuern, nach Gefahren bekom-
1325 2209 3066 2428 men. Die Gelegenheit wollt ich nicht
1337 2404 2988 2583 vorübergehen lassen. Ja, es ist die
1334 2518 3116 2735 höchste Zeit, jung zu werden. Man muss
1351 2649 2595 2902 auch das einmal versuchen.
1210 2718 3138 3066 Adj: sieht ihn lang an: Sie haben sie
1365 3035 1782 3216 geliebt.
1227 3116 3007 3352 Arzt: Μγζυη· Ist das nicht ziemlich
1384 3250 3116 3512 gleichgiltig. Wir haben immer nur die
1406 3428 3188 3650 paar Worte, Zugedacht von jener höhern
