3432 3960
2655 289 2830 522 204
1356 558 2750 775 ment in den Tod geführt habe.
1148 721 2811 945 DER ADJUNST: Es wäre um nichts ver¬
1392 927 1808 1098 riickter.
1157 1044 2967 1257 DER ARZT: Aber um Vieles kleiner, wenn
1410 1214 2045 1410 es wahr wäre.
1209 1345 2985 1596 :Schweigen. Man sieht Leute fern über
1657 1530 2181 1695 Feld gehen:
1189 1627 3006 1869 MARIE: Nun muss die Tante aber gleich
1431 1833 2066 2002 zurückkommen.
1202 1932 2970 2170 DER ADJUNKT: Wir wollten noch Vormit-
1464 2109 2183 2296 tag aufbrechen.
1227 2231 3022 2484 MARIE: Nun wird es Ihnen doch wol ein
1469 2425 2936 2649 wenig schwer werden, diesen Ort
1467 2597 2994 2809 zu verlassen, wo Sie so lange ge-
1469 2766 2011 2952 lebt haben?
1243 2881 3004 3119 DER ADJUNement: Nein, es wird mir nicht
1494 3060 2531 3270 schwer. Ich gehe gern.
1270 3211 3008 3437 DRR ARZT: Es wird spät. Ich will nun
