3432 3992
2598 528 2756 690 182
1408 740 2212 912 nach seinem Tod.
1190 893 2889 1044 Marie: Ja, am Tag nach seinem Tod.
1475 1063 2857 1216 Ihn gross ansehend: Hätten
1430 1212 2898 1371 Sie mich lieber an seinem Grabe
1423 1371 2823 1533 stehen gesehen, als trauernde
1425 1499 2969 1643 Tochter? Das wäre Ihnen wol noch
1440 1682 2555 1824 sonderbarer erschienen.
1201 1800 2935 2003 Der Arzt: Warum? Sie tragen ja auch
1455 1951 2917 2143 ein schwarzes Kleid wie die An-
1447 2122 1716 2296 dern.
1227 2251 2902 2428 Marie: immer befremdeter: Warum
1462 2402 2952 2562 reden Sie mit mir, als läge ir-
1464 2549 3081 2754 gend eine Unklarheit zwischen uns?
1460 2713 2954 2907 Sie sahen an jenem Morgen, dass
1477 2851 3030 3058 kein Tropfen mehr von dem Schlaf-
1479 2993 3021 3206 trunk in dem Fläschchen war, der
1486 3163 3012 3379 fiir hundert Nächte gereicht hät-
1507 3316 2935 3508 te, und ich weiss, dass Sie es
1507 3504 1867 3657 gesehn.
