3384 3944
1183 284 2080 587 affaires 18.-
2751 438 2902 663 1
1555 448 2648 674 (in der er nogelehr)
1690 651 2180 776 wurde,
1596 812 2336 1055 III. A K T.
991 1145 3045 1281 Kleiner Garten. links ein einfaches weisses
1001 1319 2938 1416 längliches Parterre-Häuschen, die Fenster
1009 1480 3035 1672 von Blumen umrankt. Neben dem Tor, ans Haus
1045 1639 3045 1762 gerückt, eine Bank. Vorne rechts im Garten
989 1731 2843 1977 unter einem Nussbaum ein weisser Tisch,
1001 1952 3035 2090 weisse Sessel. In der Mitte des Gartens ein
1001 2116 3017 2246 Blumenbeet. Einige blühende Rosensträucher.
999 2267 2986 2387 Der Garten ist hinten durch einen nicht zu
986 2418 3020 2525 niedern Zain abgeschlossen. In der Mitte ei-
1030 2551 2853 2710 ne Türe. Längs dieses Zaunes läuft ein
999 2707 2974 2869 schmaler Weg. An den Weg grenzt ein weites
1001 2861 2981 3022 in Aehren stehendes Feld. Hinten Wald, Hü-
1483 2968 2628 3073 weg de ober auf den Hügel
994 3022 3040 3199 gellandschaft. Rechts hinten rücks der Wald
1032 3173 2904 3314 nahe an den Garten. Auch durch das Feld
994 3307 3053 3496 führt ein schmaler Steig, der an der Garten
