3432 3976
2695 418 2886 558 178
1238 572 2994 865 man hielte Sie für ahnsinnig. Niemand
1250 717 2952 992 könnte es glauben. Niemand weiss es.
1118 899 3100 1152 Marie: Niemand. - Aber ich weiss es doch.
1265 1022 2893 1287 Ich weiss doch, was ich getan. Was
1292 1186 2994 1459 sind denn die Andern - was gehn denn
1307 1420 2225 1597 die Andern mich an?
1184 1457 2943 1764 Arzt: Setzen Sie sich dorthin. Ihnen
1348 1614 3110 1906 jagt noch die Angst durch die Glieder.
1258 1739 3144 2056 Marie: Die Angst -? Das, was mir durch
1383 1884 3043 2213 die Glieder jagt, Angst -? Das Ent¬
1395 2021 3144 2370 setzen, das ich fühle, Angst? Da müss-
1412 2216 3156 2493 te es doch vorbei sein... Aber es ist
1430 2360 2916 2677 nicht vorbei! Mein das alles -
1444 2493 3154 2815 Nein! hein! nein! Es will mich nicht
1476 2665 3142 2935 haben! Was hilft’s mir, dass es nie-
1488 2798 3142 3095 mand weiss? Und wenn es auch keiner
1511 2933 3232 3247 weiss, hab' ich darum nicht gemordet
1562 3142 2744 3399 meinen Vater gemordet?...
1461 3210 3291 3569 Arzt: Nicht immer, wenn einer durch ei-
1555 3387 3294 3684 nen Andern stirbt, ist es Mord gewesen
