3368 4056
1042 503 1279 701 Nein
957 564 2834 835 V: Ich weiss es besser. - Weven habt ihr
1084 745 2912 964 denn mit einander gesproehen, wenn ich
1096 906 2947 1147 nach Hause kam und fand euch dort beide
1108 1062 2905 1296 auf dem Divan sitzen, und wenn ihr spa-
1118 1204 2488 1457 zieren gingt.... veven denn?
989 1318 2915 1636 M: Vier Jahre ist es her, dass die Mutter
1103 1572 1592 1748 tot ist.
1023 1636 2993 1899 V. Willst du mir sagen, dass du nicht mehr
1204 1802 3030 2053 weisst, was ihr gesprochen habt. Nichts
1199 1926 3037 2192 war euch recht! Die Wohnung nicht, - die
1196 2092 3064 2351 Aussieht,- das Essen war euch nicht gut
1223 2229 3093 2512 genug,- ich war euch nicht lustig genug!
1228 2405 3088 2639 Wie? Ich hätte euch wel Spässe erzählen
1252 2505 3003 2803 sollen, wenn ich müd und abgeracktert
1243 2663 3110 2971 nach Hause kam, aus der Kanzlei, we ich
1262 2849 3083 3115 mich für euch geplagt hatte? Für euck,-
1269 3015 3091 3242 für euch! Was hab' denn ich je vom Lebe
1309 3215 1680 3420 gehabt?
1157 3320 2366 3613 M: Die Mutter klagte nie.
