3336 3832
2542 384 2724 525 223
1021 543 2808 798 Katharina und der Doktor aus der Türe.
1091 678 2754 928 Arzt : Komnen Sie nur. Hier aussen
1198 898 2285 1087 ist's freilich schöner.
1060 1003 2121 1260 Kath: Weiter! weiter!
1044 1205 1914 1407 Arzt : Wohin denn?
1367 1262 3015 1530 Dorthin in den Wald - aber schnell
1241 1412 2995 1701 Ich weiss eine Wiese, dort möcht' ich
1039 1439 1317 1560 Kath:
1212 1633 2360 1851 hin... Siehst du, Marie?
1137 1701 2974 2003 Der Adj: in der Lichtung auftauchend:
