3464 3976
2592 413 2769 534 181
1174 585 2910 799 zur Besinnung, ich hörte Menschen re-
1185 713 2932 988 den, ich hatte etwas Geld bei mir, im
1194 874 2875 1127 Wirtshaus konnt ich essen und trin-
1207 1030 2862 1284 ken. Und wieder ein Tag. Und Wieder
1222 1154 2989 1421 schön. Sonne über mir, wehende Felder,
1229 1322 2923 1575 Wälder, Wiesen. Je länger ich’s auf-
1247 1472 2888 1705 schob, umso schwerer der Tod. Immer
1260 1608 3040 1871 weiter schwindet die Erinnerung an den
1266 1761 2961 2025 Geliebten, an jene Nacht. Immer mehr
1322 1924 2884 2175 nur dacht' ich nur an mieh, immer
1293 2041 3045 2294 neue Fristen erstreckt ich mir. Noch
1317 2191 3014 2440 einen Tag die Sonne sehn, noch einen
1326 2356 3069 2586 Tag die Luft atmen... Kaum dacht' ich
1344 2473 3047 2740 mehr, was ich getan. Und hierher zog
1350 2683 2974 2937 mich... immer näher kam ich diesem
1374 2809 2967 3047 Ort. Da nahm ich mir vor: dies nur
1381 2901 3148 3190 noch einmal sehn, dann selber ein End
1390 3100 3058 3369 machen. Nicht mehr an Rettung dacht
1405 3210 3153 3541 ich. Amgeh als ich hier eintrat, dacht
1295 3353 3071 3698 ich nicht daran. Aber als ich Sie sah,
