3448 3960
2753 390 2928 553 211
1516 628 2749 829 ren sie zur Bank am Hause:
1278 784 3096 974 DER ADJUNKT: Was ist Ihnen, Katharina
1278 929 2753 1106 MARIE: Was ist dir, Katharina?
1280 1133 2971 1285 KATHARINA: Oh, mir geht es wohl! So
1505 1249 2976 1421 wohl ist mir nie gewesen! - Ist
1505 1423 2978 1552 die Mutter daheim?... Ich komme
1493 1589 3044 1747 nur auf ein Stündchen, ihr sagen,
1507 1738 2989 1920 sie soll sich nicht um mich sor¬
1493 1883 2908 2060 gen. Ich fuhre ein vergnügtes,
1503 2040 2928 2189 prächtiges Leben... Mein Wagen
1493 2176 3062 2346 steht äusser dem Dorf, ich wollte
1487 2341 2971 2504 kein Aufsehen machen, drum ging
1489 2504 2883 2679 ich lieber den Feldweg... die
1487 2640 2985 2808 Leute haben gleich was zu reden,
1459 2790 3062 2969 (und das will die rutter nicht...)
1475 2951 3053 3125 Der Wagen wartet draussen auf der
1489 3123 2951 3268 Strasse am Muttergottesbild....
1484 3259 2973 3465 Er wartet eine Stunde - Zeit ge-
