3448 3976
2797 482 2981 675 222
1422 689 2854 977 ich bleibe hier, wir sehen uns
1435 877 2945 1135 nicht wieder. Wozu solche Reden?
1442 1033 2257 1253 :Sie will hinein:
1219 1166 3010 1424 Der Adj: Nie wieder? Wollen Sie stolz
1470 1368 2925 1573 sein, Marie? Ich weiss ja doch,
1479 1468 3045 1675 dass alles wieder ist, wie es war
1542 1648 2963 1833 dass es nicht ein Widerschein
1488 1799 3030 2015 der Ruhe ringsum ist, der auf Ih-
1495 1935 2974 2115 ren Mienen spielt... nein, dass
1519 2070 3003 2288 dieser wunderbare Friede aus Ih-
1515 2252 2897 2439 rer Seele auf die Welt glänt,
1553 2379 3065 2590 soweit sie unser ist. Was Sie mir
1557 2492 3161 2732 entfremdet hat, ist fort, die dunk
1557 2708 2954 2892 len Wünsche jener vergangenen
1573 2828 3094 3043 Tage ins Nichts verhaucht, (..ich
1582 2952 3128 3194 kann Ihnen wieder sagen, dass ich
835 3032 1337 3216 zil kein in Er¬
1608 3223 2108 3350 Sie liebe.
1382 3285 3143 3592 Marie: :wendet sich, sieht ihn ruhig
1639 3421 2990 3745 an; nach einer kurzen Pause:
