<?xml version="1.0" encoding="UTF-8" standalone="yes"?>
<PcGts xmlns="http://schema.primaresearch.org/PAGE/gts/pagecontent/2013-07-15" xmlns:xsi="http://www.w3.org/2001/XMLSchema-instance" xsi:schemaLocation="http://schema.primaresearch.org/PAGE/gts/pagecontent/2013-07-15 http://schema.primaresearch.org/PAGE/gts/pagecontent/2013-07-15/pagecontent.xsd">
    <Metadata>
        <Creator>prov=READ-COOP:name=TrHtr:version=2.1.0:model_id=51170:date=29_07_2023_10:58</Creator>
        <Created>2023-05-10T12:30:20.088+02:00</Created>
        <LastChange>2023-07-29T10:58:22.586+02:00</LastChange>
        <TranskribusMetadata docId="1428203" pageId="55404000" pageNr="144" tsid="131408356" status="IN_PROGRESS" userId="64420" imgUrl="https://files.transkribus.eu/Get?id=ZTEPKAIDTNTKOEGOBNPOGKFN&amp;fileType=view" xmlUrl="https://files.transkribus.eu/Get?id=YFEYICNGESABWACTAHNXJYSH" imageId="44678775"/>
    </Metadata>
    <Page imageFilename="1428203_0144.jpg" imageWidth="3464" imageHeight="4040">
        <ReadingOrder>
            <OrderedGroup id="ro_1711796059621" caption="Regions reading order">
                <RegionRefIndexed index="0" regionRef="tr_1"/>
                <RegionRefIndexed index="1" regionRef="tr_2"/>
            </OrderedGroup>
        </ReadingOrder>
        <TextRegion id="tr_1" custom="readingOrder {index:0;}">
            <Coords points="1259,525 3121,525 3121,2313 1259,2313"/>
            <TextLine id="tr_1_tl_1" custom="readingOrder {index:0;}">
                <Coords points="2742,627 2827,627 2834,636 2849,631 2858,638 2894,629 2921,640 2923,477 2901,484 2874,477 2847,493 2823,484 2807,495 2744,482"/>
                <Baseline points="2754,578 2792,581 2837,578 2882,578 2927,575"/>
                <TextEquiv>
                    <Unicode>179</Unicode>
                </TextEquiv>
            </TextLine>
            <TextLine id="tr_1_tl_2" custom="readingOrder {index:1;}">
                <Coords points="1290,808 2437,747 2553,839 2916,812 2921,649 1292,707"/>
                <Baseline points="1303,778 1309,775 1354,772 1399,775 1444,772 1488,772 1533,772 1578,772 1623,769 1667,763 1712,766 1757,766 1802,763 1846,763 1891,760 1936,760 1981,760 2025,760 2070,757 2115,757 2160,754 2204,754 2249,751 2294,751 2339,748 2384,748 2428,748 2473,748 2518,745 2563,745 2607,742 2652,742 2697,739 2742,739 2786,736 2831,736 2876,736 2921,734"/>
                <TextEquiv>
                    <Unicode>Marie: reicht dem Arzt die Hand:</Unicode>
                </TextEquiv>
            </TextLine>
            <TextLine id="tr_1_tl_3" custom="readingOrder {index:2;}">
                <Coords points="1497,937 1593,959 1696,924 1897,946 1950,917 2022,937 2298,904 2350,930 2443,917 2445,839 2048,843 1939,877 1499,828"/>
                <Baseline points="1509,924 1512,921 1557,921 1602,921 1647,921 1691,918 1736,918 1781,916 1826,916 1870,916 1915,913 1960,913 2005,910 2049,907 2094,907 2139,907 2184,901 2228,901 2273,901 2318,901 2363,898 2407,898 2452,898"/>
                <TextEquiv>
                    <Unicode>Ich freue mich sehr.</Unicode>
                </TextEquiv>
            </TextLine>
            <TextLine id="tr_1_tl_4" custom="readingOrder {index:3;}">
                <Coords points="1245,1133 2394,1053 2809,1120 2923,1067 2927,984 1993,1015 1910,948 1542,959 1470,913 1305,991 1252,964"/>
                <Baseline points="1259,1086 1274,1086 1318,1083 1363,1083 1408,1083 1453,1083 1497,1080 1542,1077 1587,1077 1632,1077 1676,1077 1721,1071 1766,1065 1811,1068 1855,1068 1900,1068 1945,1065 1990,1065 2034,1059 2079,1059 2124,1059 2169,1059 2213,1056 2258,1056 2303,1056 2348,1053 2392,1053 2437,1050 2482,1050 2527,1050 2571,1047 2616,1038 2661,1038 2706,1041 2751,1041 2795,1038 2840,1038 2885,1032 2930,1035"/>
                <TextEquiv>
                    <Unicode>Der Arzt: sie betrachtend: Auch</Unicode>
                </TextEquiv>
            </TextLine>
            <TextLine id="tr_1_tl_5" custom="readingOrder {index:4;}">
                <Coords points="1484,1247 1707,1276 2008,1220 2196,1279 2441,1203 2633,1243 2718,1189 2972,1247 3101,1218 3106,1087 2425,1165 2251,1127 1488,1167"/>
                <Baseline points="1497,1232 1542,1229 1587,1229 1632,1229 1676,1226 1721,1223 1766,1223 1811,1220 1855,1220 1900,1220 1945,1217 1990,1217 2034,1214 2079,1214 2124,1214 2169,1217 2213,1211 2258,1208 2303,1208 2348,1205 2392,1199 2437,1199 2482,1196 2527,1196 2571,1193 2616,1193 2661,1190 2706,1190 2751,1187 2795,1184 2840,1181 2885,1181 2930,1178 2974,1178 3019,1178 3064,1181 3109,1184"/>
                <TextEquiv>
                    <Unicode>ich freue mich, Sie wiederzusehen.</Unicode>
                </TextEquiv>
            </TextLine>
            <TextLine id="tr_1_tl_6" custom="readingOrder {index:5;}">
                <Coords points="1252,1392 2374,1354 2662,1439 3041,1372 3046,1245 2883,1216 2678,1281 1879,1328 1513,1258 1254,1312"/>
                <Baseline points="1265,1390 1303,1390 1348,1387 1393,1387 1438,1387 1482,1387 1527,1384 1572,1384 1617,1381 1661,1381 1706,1381 1751,1381 1796,1375 1840,1375 1885,1375 1930,1369 1975,1369 2020,1369 2064,1366 2109,1363 2154,1363 2199,1363 2243,1357 2288,1357 2333,1357 2378,1354 2422,1351 2467,1351 2512,1348 2557,1348 2601,1345 2646,1342 2691,1345 2736,1342 2780,1342 2825,1339 2870,1339 2915,1339 2959,1336 3004,1333 3049,1327"/>
                <TextEquiv>
                    <Unicode>Marie: Eigentlich hab' ich Sie längst</Unicode>
                </TextEquiv>
            </TextLine>
            <TextLine id="tr_1_tl_7" custom="readingOrder {index:6;}">
                <Coords points="1515,1569 2421,1508 2555,1562 3048,1533 3113,1517 3117,1381 2606,1461 2448,1428 1743,1482 1519,1408"/>
                <Baseline points="1527,1533 1554,1533 1599,1533 1644,1533 1688,1533 1733,1530 1778,1530 1823,1527 1867,1527 1912,1527 1957,1524 2002,1521 2046,1518 2091,1515 2136,1521 2181,1515 2225,1515 2270,1509 2315,1506 2360,1506 2404,1503 2449,1503 2494,1503 2539,1500 2583,1500 2628,1497 2673,1494 2718,1494 2762,1494 2807,1491 2852,1488 2897,1485 2941,1482 2986,1479 3031,1476 3076,1473 3121,1470"/>
                <TextEquiv>
                    <Unicode>erwartet. :Sie setzen sich unter</Unicode>
                </TextEquiv>
            </TextLine>
            <TextLine id="tr_1_tl_8" custom="readingOrder {index:7;}">
                <Coords points="1511,1727 1555,1740 1638,1700 1709,1716 1852,1678 1957,1707 2013,1680 2146,1694 2149,1624 2010,1589 1805,1633 1714,1609 1653,1642 1515,1633"/>
                <Baseline points="1524,1688 1569,1688 1614,1688 1658,1688 1703,1685 1748,1685 1793,1682 1837,1679 1882,1676 1927,1673 1972,1670 2017,1670 2061,1670 2106,1670 2151,1670"/>
                <TextEquiv>
                    <Unicode>den Nussbaum:</Unicode>
                </TextEquiv>
            </TextLine>
            <TextLine id="tr_1_tl_9" custom="readingOrder {index:8;}">
                <Coords points="1457,1861 2606,1801 3043,1865 3050,1716 1459,1796"/>
                <Baseline points="1470,1846 1485,1846 1530,1843 1575,1840 1620,1840 1664,1840 1709,1837 1754,1837 1799,1835 1843,1832 1888,1832 1933,1826 1978,1826 2022,1823 2067,1820 2112,1820 2157,1817 2202,1814 2246,1814 2291,1814 2336,1811 2381,1811 2425,1808 2470,1805 2515,1802 2560,1799 2604,1799 2649,1796 2694,1796 2739,1793 2783,1793 2828,1790 2873,1787 2918,1784 2962,1784 3007,1781 3052,1778"/>
                <TextEquiv>
                    <Unicode>Arzt : Sie kommen schon von einem</Unicode>
                </TextEquiv>
            </TextLine>
            <TextLine id="tr_1_tl_10" custom="readingOrder {index:9;}">
                <Coords points="1272,1868 1290,1865 1314,1874 1328,1863 1368,1879 1401,1856 1430,1865 1430,1725 1401,1723 1388,1734 1372,1720 1332,1747 1308,1743 1292,1756 1272,1754"/>
                <Baseline points="1285,1849 1330,1849 1375,1849 1420,1849 1435,1849"/>
                <TextEquiv>
                    <Unicode>Der</Unicode>
                </TextEquiv>
            </TextLine>
            <TextLine id="tr_1_tl_11" custom="readingOrder {index:10;}">
                <Coords points="1513,2030 1591,1995 1653,2024 1865,1986 1939,2030 2019,1984 2204,1984 2294,2055 2437,2051 2441,1905 2068,1901 2037,1926 1892,1885 1814,1937 1714,1917 1515,1955"/>
                <Baseline points="1527,1984 1548,1993 1593,1993 1638,1993 1682,1990 1727,1990 1772,1987 1817,1987 1861,1984 1906,1981 1951,1981 1996,1978 2040,1975 2085,1975 2130,1975 2175,1972 2219,1969 2264,1969 2309,1966 2354,1963 2398,1960 2443,1957"/>
                <TextEquiv>
                    <Unicode>weiten Spaziergang?</Unicode>
                </TextEquiv>
            </TextLine>
            <TextLine id="tr_1_tl_12" custom="readingOrder {index:11;}">
                <Coords points="1323,2167 2242,2126 2401,2207 2617,2164 2767,2202 3008,2133 3014,2015 1870,2086 1709,2008 1328,2064"/>
                <Baseline points="1336,2163 1357,2160 1402,2154 1447,2154 1491,2151 1536,2151 1581,2151 1626,2148 1670,2145 1715,2145 1760,2142 1805,2139 1849,2136 1894,2136 1939,2133 1984,2133 2028,2130 2073,2130 2118,2127 2163,2127 2207,2127 2252,2124 2297,2121 2342,2118 2387,2115 2431,2112 2476,2112 2521,2106 2566,2103 2610,2103 2655,2100 2700,2097 2745,2094 2789,2091 2834,2088 2879,2088 2924,2088 2968,2082 3013,2085"/>
                <TextEquiv>
                    <Unicode>Marie: Weit? Nein. Ich gehe selten</Unicode>
                </TextEquiv>
            </TextLine>
            <TextLine id="tr_1_tl_13" custom="readingOrder {index:12;}">
                <Coords points="1531,2327 2024,2294 2175,2381 2524,2318 2831,2341 3066,2276 3075,2144 2564,2216 2347,2196 2289,2240 2169,2202 1535,2256"/>
                <Baseline points="1545,2303 1554,2300 1599,2300 1644,2300 1688,2297 1733,2297 1778,2294 1823,2288 1867,2288 1912,2285 1957,2285 2002,2282 2046,2282 2091,2279 2136,2276 2181,2276 2225,2276 2270,2276 2315,2270 2360,2264 2404,2264 2449,2264 2494,2261 2539,2258 2583,2252 2628,2249 2673,2246 2718,2243 2762,2240 2807,2240 2852,2237 2897,2234 2941,2231 2986,2231 3031,2225 3076,2219"/>
                <TextEquiv>
                    <Unicode>weit. Sehen Sie, dort, wo der Hü-</Unicode>
                </TextEquiv>
            </TextLine>
        </TextRegion>
        <TextRegion id="tr_2" custom="readingOrder {index:1;}">
            <Coords points="1548,2325 3210,2325 3210,3691 1548,3691"/>
            <TextLine id="tr_2_tl_1" custom="readingOrder {index:0;}">
                <Coords points="1535,2479 1937,2441 2146,2452 2238,2524 2704,2492 2854,2437 3043,2459 3050,2334 1540,2403"/>
                <Baseline points="1548,2470 1575,2470 1620,2464 1664,2458 1709,2455 1754,2449 1799,2449 1843,2446 1888,2443 1933,2443 1978,2440 2022,2437 2067,2437 2112,2434 2157,2431 2202,2425 2246,2425 2291,2425 2336,2422 2381,2419 2425,2413 2470,2410 2515,2410 2560,2407 2604,2404 2649,2401 2694,2398 2739,2395 2783,2395 2828,2389 2873,2389 2918,2384 2962,2384 3007,2378 3052,2375"/>
                <TextEquiv>
                    <Unicode>gel ansteigt, man geht kaum hun-</Unicode>
                </TextEquiv>
            </TextLine>
            <TextLine id="tr_2_tl_2" custom="readingOrder {index:1;}">
                <Coords points="1542,2644 2956,2564 3035,2548 3039,2450 1546,2561"/>
                <Baseline points="1554,2613 1563,2613 1608,2610 1652,2607 1697,2604 1742,2601 1787,2598 1832,2598 1876,2598 1921,2592 1966,2589 2011,2589 2055,2586 2100,2586 2145,2583 2190,2577 2234,2574 2279,2574 2324,2571 2369,2569 2413,2569 2458,2566 2503,2566 2548,2560 2592,2560 2637,2554 2682,2551 2727,2551 2771,2548 2816,2548 2861,2545 2906,2542 2950,2539 2995,2533 3040,2530"/>
                <TextEquiv>
                    <Unicode>dert Schritt durch den Wald, da</Unicode>
                </TextEquiv>
            </TextLine>
            <TextLine id="tr_2_tl_3" custom="readingOrder {index:2;}">
                <Coords points="1551,2782 2747,2702 3066,2747 3070,2642 2827,2599 2702,2651 2196,2631 2015,2700 1555,2715"/>
                <Baseline points="1563,2765 1596,2762 1641,2762 1685,2759 1730,2756 1775,2754 1820,2754 1864,2748 1909,2745 1954,2742 1999,2742 2043,2739 2088,2736 2133,2733 2178,2730 2222,2727 2267,2724 2312,2721 2357,2721 2401,2718 2446,2718 2491,2712 2536,2709 2580,2706 2625,2703 2670,2700 2715,2700 2759,2697 2804,2694 2849,2694 2894,2691 2938,2688 2983,2685 3028,2685 3073,2685"/>
                <TextEquiv>
                    <Unicode>kommt man auf eine grosse Wiese,</Unicode>
                </TextEquiv>
            </TextLine>
            <TextLine id="tr_2_tl_4" custom="readingOrder {index:3;}">
                <Coords points="1611,2912 2343,2881 2506,2961 2704,2912 2939,2930 3119,2903 3128,2762 2780,2753 2555,2814 1785,2869 1618,2820"/>
                <Baseline points="1623,2912 1652,2912 1697,2912 1742,2912 1787,2909 1832,2906 1876,2906 1921,2903 1966,2900 2011,2897 2055,2894 2100,2891 2145,2888 2190,2888 2234,2882 2279,2879 2324,2876 2369,2873 2413,2870 2458,2870 2503,2864 2548,2858 2592,2855 2637,2855 2682,2852 2727,2852 2771,2849 2816,2846 2861,2843 2906,2840 2950,2837 2995,2834 3040,2831 3085,2828 3129,2825"/>
                <TextEquiv>
                    <Unicode>da leg' ich mich gewöhnlich hin</Unicode>
                </TextEquiv>
            </TextLine>
            <TextLine id="tr_2_tl_5" custom="readingOrder {index:4;}">
                <Coords points="1575,3097 2617,3005 2747,3081 3021,3059 3028,2923 1580,3019"/>
                <Baseline points="1590,3073 1599,3070 1644,3070 1688,3070 1733,3064 1778,3061 1823,3058 1867,3055 1912,3052 1957,3049 2002,3046 2046,3043 2091,3040 2136,3037 2181,3037 2225,3031 2270,3028 2315,3028 2360,3025 2404,3022 2449,3019 2494,3016 2539,3010 2583,3007 2628,3004 2673,3001 2718,3001 2762,2998 2807,2995 2852,2992 2897,2986 2941,2986 2986,2989 3031,2989"/>
                <TextEquiv>
                    <Unicode>und lass mich von der Sonne an-</Unicode>
                </TextEquiv>
            </TextLine>
            <TextLine id="tr_2_tl_6" custom="readingOrder {index:5;}">
                <Coords points="1580,3238 2374,3175 2539,3244 2823,3233 3010,3211 3017,3119 2856,3066 1584,3166"/>
                <Baseline points="1593,3225 1632,3225 1676,3222 1721,3219 1766,3216 1811,3213 1855,3207 1900,3207 1945,3204 1990,3201 2034,3198 2079,3195 2124,3192 2169,3189 2213,3186 2258,3183 2303,3177 2348,3177 2392,3171 2437,3171 2482,3168 2527,3165 2571,3159 2616,3156 2661,3153 2706,3150 2751,3147 2795,3147 2840,3144 2885,3144 2930,3141 2974,3138 3019,3138"/>
                <TextEquiv>
                    <Unicode>scheinen. Wenn’s heisser wird,</Unicode>
                </TextEquiv>
            </TextLine>
            <TextLine id="tr_2_tl_7" custom="readingOrder {index:6;}">
                <Coords points="1593,3396 2550,3313 2646,3387 2836,3347 2936,3400 3119,3313 3128,3175 2715,3262 2405,3242 1852,3298 1783,3345 1600,3327"/>
                <Baseline points="1608,3392 1650,3383 1694,3377 1739,3374 1784,3371 1829,3365 1873,3362 1918,3359 1963,3356 2008,3353 2052,3350 2097,3347 2142,3344 2187,3341 2231,3338 2276,3332 2321,3329 2366,3323 2410,3320 2455,3320 2500,3317 2545,3314 2589,3311 2634,3311 2679,3305 2724,3303 2768,3297 2813,3297 2858,3294 2903,3288 2947,3285 2992,3282 3037,3282 3082,3279 3126,3276"/>
                <TextEquiv>
                    <Unicode>geh ich auch tiefer in den Wald</Unicode>
                </TextEquiv>
            </TextLine>
            <TextLine id="tr_2_tl_8" custom="readingOrder {index:7;}">
                <Coords points="1598,3572 2961,3441 3177,3503 3186,3371 1604,3472"/>
                <Baseline points="1611,3535 1623,3532 1667,3529 1712,3523 1757,3523 1802,3520 1846,3517 1891,3514 1936,3511 1981,3508 2025,3505 2070,3505 2115,3502 2160,3493 2204,3490 2249,3488 2294,3485 2339,3479 2384,3476 2428,3473 2473,3467 2518,3467 2563,3464 2607,3461 2652,3458 2697,3455 2742,3452 2786,3449 2831,3446 2876,3443 2921,3440 2965,3434 3010,3431 3055,3428 3100,3422 3144,3419 3189,3413"/>
                <TextEquiv>
                    <Unicode>hinein. Da giebt es so schön stil-</Unicode>
                </TextEquiv>
            </TextLine>
            <TextLine id="tr_2_tl_9" custom="readingOrder {index:8;}">
                <Coords points="1611,3704 2271,3697 2854,3601 3202,3650 3211,3528 3126,3496 2374,3590 2294,3554 2033,3626 1839,3554 1622,3563"/>
                <Baseline points="1626,3678 1644,3681 1688,3678 1733,3678 1778,3678 1823,3678 1867,3678 1912,3675 1957,3672 2002,3670 2046,3664 2091,3658 2136,3655 2181,3655 2225,3649 2270,3646 2315,3643 2360,3637 2404,3631 2449,3628 2494,3625 2539,3625 2583,3619 2628,3619 2673,3610 2718,3607 2762,3604 2807,3601 2852,3595 2897,3595 2941,3589 2986,3589 3031,3583 3076,3583 3121,3580 3165,3580 3210,3583"/>
                <TextEquiv>
                    <Unicode>le Wege, und ein Duft ist überall,</Unicode>
                </TextEquiv>
            </TextLine>
        </TextRegion>
    </Page>
</PcGts>
