3288 3880
2466 416 2632 551 228
1396 644 2470 793 rin... Was sind Worte!
1174 775 3014 992 Die Tante: rasch: Mir ist so angst!
1449 928 2886 1120 Ich bitte Sie, Herr Doktor,
1424 1108 2859 1280 gehn Sie zu ihr!... Mir ist so
1426 1259 2820 1426 angst!... Sie spricht zu sich
1444 1369 2950 1593 selbst, lässt sich nicht halten,
1449 1600 2214 1739 weint und lacht.
1222 1702 2134 1910 Der Arzt: :hinein:
1284 1865 2904 2045 Die Tante: Ich will nur rasch zum
1472 1997 3016 2198 Pfarrer laufen, eh es zu spät ist
1250 2123 2952 2367 Marie: Tu's nicht, Tante! Sie weiss
1510 2308 2463 2504 ja nicht, dass - - -
1273 2440 3028 2651 Die Tante: Wief.. wie?!... O du Gott-
1522 2566 3000 2820 lose!... Eben darum - eben datum
1526 2701 2986 2927 Nur darum hat es ja Gott gefügt
1545 2847 2913 3124 dass sie den Weg noch hierher
1552 3037 2262 3254 findet. :ab:
