3416 3944
2750 295 2922 455 203
1177 520 2889 748 DER ADJUKT: Warum glauben Sie das?
1194 730 2931 915 DER ARZT: Weil nun allerlei von die-
1427 895 2860 1076 sem Regiment erzählt wird, das
1444 1007 2867 1206 sehr nach Erfindung aussieht.
1199 1181 2454 1342 MARIE: Was, zum Beispiel?
1230 1317 3027 1527 DER ARZT: Sie haben doch gewiss davon
1456 1482 3003 1701 gehört, dass in der Nacht vor dem
1453 1643 2945 1835 Abmarsch des Regiments sich ein
1447 1786 3014 1982 Leutnant und die Frau des Oberst=
1473 1985 2161 2141 getötet haben?
1228 2105 2668 2282 MARIE: Davon hab' ich gehört.
1244 2230 2958 2467 DER ARZT: Nun wird diese Geschichte
1498 2389 2976 2603 schon in einer lächerlich roman-
1480 2581 3063 2739 haften Weise ausgenützt. Man sagt,
1505 2717 3096 2878 dass der Oberst nicht etwa, um die
1496 2853 3050 3061 Fahne des Regiments zu entsichnen,
1500 3032 3081 3204 sondern aus Gram über die Untreue
1523 3190 2992 3418 seiner Gattin sich und das Regi-
