3432 4072
1226 444 3025 710 Sind Sie darum aus der Wachau nach Wien
1031 588 1127 794 V:
1156 708 1605 895 gekommen?
1168 736 3010 1046 Nicht nur darum. Ich habe hier allerlei
1190 878 2977 1166 Anschaffungen zu machen und einige Be-
1034 880 1139 1029 A:
468 1015 950 1190 Oberforpust
1202 1017 3066 1329 suche. Ver drei Tagen hab' ich meine Er-
429 1135 866 1377 kaiserligen
1211 1175 2819 1502 nennung zum Unterförster erhalten.
1101 1511 2934 1801 A: Ja. Und sehen morgen reise ich nach
1079 1490 1406 1686 M: S.
1262 1636 3099 1924 Steiermark, wo sieh mein neuer Standert
1295 1888 1756 2092 befindet.
1173 1969 2902 2281 V: So kommen Sie wol Abschied nehmen?
1187 2142 2888 2440 A:  Für's Erste bleib' ich wol dort.
1197 2238 3075 2571 M: Sind Sie sehr erfreut über die Ernen-
1259 2574 3195 2869 A: Das Fersthaus ist sehr schön, es liegt
1362 2535 1614 2715 nung
1410 2694 3195 3008 an einem stillen dunkelblauen See; hin
1418 2869 3181 3178 ten kommt ein langer Strich von lauten
1674 2955 1845 3066 zur
1434 3044 3066 3308 Tannen. Den ganzen Winter bleibt es
1458 3176 3085 3476 grün. Man muss lange gehn, bis man
1470 3327 3183 3627 den Birken und Buchen kamt. Das nächst
1482 3471 3198 3759 Derf liegt zwei Stunden weit; man muß
