3384 4088
987 466 3021 681 M: Mir ist doch, als hätten wir selbst ein-
1136 610 2305 832 mal einen Garten gehabt.
1012 822 1521 994 V: Wirt...
1012 916 2945 1176 M: Ich erinnere mich doch... ich spielte
1159 1093 2345 1311 daah unter einem Baum...
1045 1192 3016 1483 V: Ja - ein Baum stand im Hof, das war al-
1182 1445 1384 1614 les.
1040 1505 2955 1741 M: Und von unserm Fenster aus konnte man
1192 1657 2996 1897 weit hinaussehen ins Freie, auf Hijgel, im
1257 1799 2431 1953 dezinnes die meisten Molken¬
1080 1789 3046 2052 V: Ja. Daran denkst du noch?.. (Aber um in
1222 1966 3031 2214 die Kanzlei zu kommen, musste ich eine
423 2019 1042 2216 4. ich 20) ehr her¬
316 2123 1042 2285 d'nicht ein kleines
1219 2128 3099 2353 Stunde gehen. (Hab' ich nicht genug getan
382 2252 686 2416 Kind.
245 2358 1022 2512 Sie. Manchmal denk ich
225 2474 1002 2631 man wie dort derselben
245 2616 769 2748 geblieben waren.
202 2656 1116 2889 Yr Mow dreckt i t. r.
256 2775 1078 2978 In die Ruusti von Seugiers
256 2892 1009 3064 [illegible] may be
1227 2259 3051 2548 für deine Muttr und dich?). Aber noch
1240 2401 3114 2656 mit Seehzig viermal den Weg hin und her,
1260 2586 2725 2816 das väre doch zu viel verlangt!
2755 2651 3238 2882 let deme tritts
2441 2707 2540 2859 G.F.P.
1116 2775 2254 2975 M: Wer hat es verlangt?
1136 2861 3099 3127 V: Verlangt -?... Nein, verlangt habt ihr
1280 2980 3031 3276 freilich nie etwas... nie mit Werten
1521 3180 2077 3304 wenn wir durch
1298 3135 3152 3413 Aber euer Schweigen - - euer verfluchten
1316 3276 3168 3590 Schweigen!... Ihr habt es mir sehr übel-
1321 3441 3056 3717 genommen, Beide, deine Mutter und du,
