3480 4104
1363 169 2177 429 schmiede durchhünght
1209 295 2977 536 einen Weg heruntersteigen, um hinzugel
1192 472 3024 690 gen. Nahe vom Forsthaus ist eine kleine
1189 636 3031 834 Lich tung, von der aus man die paar Häu-
1216 747 3046 1000 ser unten liegen sieht. Jetzt liegt auf
1221 938 2751 1162 den Bergen dort noch der Sehnes.
1087 1125 2224 1350 M: Kaiserliches Revier?
1092 1167 3098 1487 A: Ja. Aber Seine Majestät soll sehen zwan-
1249 1385 2877 1614 zig Jahre nicht dort gewesen sein.
1154 1529 2629 1797 V: Das kommt recht unerwartet.
1154 1656 3140 1959 A: Die Stelle ist plötzlich frei geworden.
1303 1827 3185 2070 Der Förster war noch jung, kaum vierzig,
1326 2051 1832 2239 und starb.
1209 2120 3083 2406 V: Dafür giebt es Leute mit sechsundsieb
1403 2204 1616 2296 Vier
1343 2299 3140 2532 zig, die wieder leidlich gesund werden
1365 2440 3071 2703 können bei guter Pflege... Bei guter
1360 2540 3245 2847 Pflege, verstehn Sie mich? I:Plötzlich
1393 2703 3207 2991 schreiend: Ich lasse die Marie nicht
631 2622 995 2944 not.
1398 2922 2550 3121 fort, verstehn Sie mich?
1318 3041 2954 3294 M: Der Herr Adjunkt hat ja nicht
772 3140 1070 3324 last-1
1442 3140 3284 3458 Ah, jetzt begreif' ich... jetzut begreff
544 3282 1125 3426 Solllem Schlafen
1261 3317 1400 3463 V:
1470 3317 3210 3572 Ich! - Haben Sie mit dem Dekter gesprochen
362 3401 986 3562 du Ball large
313 3508 1139 3699 Ihr wollt die überstehen¬
1487 3580 1688 3744 shen?
