3512 4040
2710 383 2885 526 166
1324 516 2931 783 wie verzerrt und ihre Stimme gelt
1287 691 3064 934 mir wie die einer Wahnsinnigen im Ohr.
1294 847 3009 1072 Entrückter als irgend eine auf Erden
1299 980 3091 1219 ist sie mir seitdem. In dieser Stunde
1313 1161 3009 1372 entschwand sie mir,- was auch seither
1304 1285 3156 1519 mit ihr geschehen, sie könnte mir nicht
1322 1439 3078 1694 in weitere Fernen entrückt werden. Ob
1343 1570 3039 1850 sie das Haus verlassen, da ihr Vater
1349 1746 3107 1976 noch lebte,- ob sie im Grauen davonge-
1361 1896 3114 2125 stürzt, als sie ihn tot daliegen sah,-
1372 2043 3039 2281 ob sie den Mann noch fand, nach dem
1386 2160 3094 2428 sie sich sehnte, - ob sie selbst ein
1393 2318 3123 2612 Ende machte,... was kann es mich küm-
1444 2589 1719 2745 mern!
