3496 4072
2433 475 2883 655 155 - 161
1235 631 2957 843 Die Tante: Ja, jung ist sie wol,...
1479 762 3015 989 aber zum Aufheitern - - Wenn ich
1507 903 2966 1132 so an meine Katharin denk', wie
1504 1076 2690 1278 lustig die einmal war -!
1312 1192 2990 1466 Die Nachb: Ja, lustig war sie wol,
1507 1329 3045 1586 die Katharin - lustig schon, das
1519 1515 3054 1742 ist wahr. Aber es kommt manchmal
1552 1676 3011 1887 vor, dass es grade mit den Lus-
1562 1851 3090 2054 tigsten ein trauriges Ende nimmt.
1325 1994 3026 2215 Die Tante: Ein trauriges End' - - -
1678 2104 3094 2360 :Angstvoll: Frau Kaumberger,
1596 2300 3137 2495 wissen Sie denn was?... Sagen Sie
1601 2414 3199 2660 mir: wissen Sie XMERX am End' was?
