3512 4040
2749 399 2892 591 18
1464 656 2247 859 bar vorgekommen?
1245 790 2976 1013 DER ARZT: Warum! Sie tragen ja auch
1497 975 2454 1136 sein schwarzes Kleid.
1252 1109 3003 1305 MARIE: Warum sprechen Sie so zu mir,
1499 1243 3005 1446 als wenn ein Geheimnis zwischen
1499 1419 3086 1602 uns wäre? Ich weiss ja, Sie sahen
1515 1569 3130 1787 an jenem Morgen, dass kein Tropfen
1524 1731 3030 1948 mehr von dem Schlaftrank in dem
1531 1850 3028 2120 Fläschchen var, der für hundert
1548 2051 2604 2238 Nächte gereicht hätte.
1325 2178 3124 2419 DER ARZT: Ich sah es und habe das lee
1566 2318 3162 2559 re Fläschchen mit mir genommen für
1591 2550 2120 2720 alle Fälle.
1339 2631 3081 2883 MARIE: Ich hatte es vor Ihnen nicht
1604 2858 2091 2972 verborgen.
1374 2961 3070 3204 DER ARZT: Und ich hatte nach nichts
1613 3162 2019 3293 gefragt.
1388 3275 3048 3501 MARIE: Heute aber tun Sie es doch.
