3352 3912
1382 543 2820 760 vorgespannt... Weisst du noch,
1380 724 2946 902 Marie, was ich dir von dem Garten
1389 844 2897 1039 erzählte mit den verschlungenen
1395 1008 2928 1196 Wegen?.. weisst d noch, damals,
1407 1183 2955 1367 als mein Haar von Blüten duftete-
1513 1336 2824 1526 - Wann kommt die Mutter? Ich
1391 1460 2944 1683 hab' ja nicht so lange Zeit,- das
1391 1641 2277 1827 Leben ist so kurz!
1176 1770 2955 1976 MARIE: Du bist ja ganz bestaubt - dei
1407 1943 2893 2162 ne Schuhe sind zerrissen, Katha-
1413 2122 1668 2299 rina!
1187 2262 2842 2443 KATHARINA: Wie schön die Sonne bei
1424 2410 2922 2587 auch scheint, und wie hoch steht
1438 2554 2871 2751 das Korn!... Was macht denn der
1440 2709 2902 2871 Wirt vom goldnen Löwen, der immer
1433 2857 2935 3059 so lustig wart... und die Walpur
1440 3039 2831 3221 ga, die dunnet... Oh, wenn ich
1440 3185 2492 3378 mehr Zeit hätte, ging’
