3480 4008
2735 508 2908 690 175
1754 699 2349 876 Marie, Arzt.
1200 841 3017 1009 Marie: Was für ein Glück, dass Sie da
1351 990 2915 1179 sind! Retten Sie mich! retten Sie
1342 1123 3136 1340 mich! Es soll ja nicht auf immer sein!
1351 1302 3113 1491 Es wird schon die Zeit kommen, wo ich
1354 1452 3115 1643 den Mut hab'.... bald vielleicht, viel-
1365 1587 3001 1778 leicht schon morgen.... heut noch...
1368 1743 3073 1953 aber eine Stunde lang will ich atmen
1375 1876 3029 2111 ohne Angst, - den Himmel sehn, ohne
1375 2025 3152 2223 Angst, - leben, wie die andern Mensch
1375 2179 3132 2409 leben, die nicht bei jedem Schritt in
1391 2318 2996 2554 der Näh, bei jedem Wort in der Mäh
1426 2484 3055 2717 zittern miissen... Ich will ja ster-
1398 2612 3166 2833 ben,- aber selber, selver -! Ich will
1389 2763 3001 2992 nicht, dass die andern... ich will
1391 2919 2857 3143 nicht, dass fremde Menschen...
1275 3069 3146 3281 Arzt: Kommen Sie doch zu sich. Sie müs-
1414 3227 3066 3481 sen nicht sterben, Sie müssen nicht
1375 3339 3229 3628 zittern. Sie werden nicht verfolgt. Nie.
