3464 4104
1314 415 3048 671 den Bällen herumfliegen mit der Tante
1296 547 3093 840 Teni, und in der Früh nach Haus kommen
1387 716 3108 957 wird Keiner daliegen, der daweil bei-
1309 850 3108 1134 nah verdurstet ist, weil er sich nicht
1306 985 3215 1278 rühren kann. O Elend, Elend! /:Vielleich
1240 1200 2635 1428 kommt jetzt schon der Arzt: /
1195 1339 3187 1623 M: Einmal... einmal in meinem Leben... eine-
1339 1478 2643 1772 mal war ich auf einem Ball!
1238 1645 3015 1904 V: Und wissen 3', wie, Herr Adjunkt? -
1392 1769 3189 2030 Blaues Kleid - da eben war’s durchsieh-
1407 1959 2531 2217 tig - die Arme nackt...
1230 2068 3273 2362 M: Einmal... und seit dem Tag hab' ich mich
592 2273 1010 2425 Sultifsh
1423 2265 2764 2514 nimmer vom Haus fortgerührt!
2855 2319 3088 2529 sonder
577 2372 1043 2508 in frumierung
1316 2357 2878 2653 V: Nun, ist das auch sehen was
620 2460 987 2617 in derweis:
1458 2559 3200 2805 Seit dem Tag - denken Sie sich, Herr
739 2574 1040 2731 Hinell
597 2668 1078 2840 rach - worauf
1461 2653 3227 2939 Adjunkt: sechs Vochen lang pflegt sie
608 2764 1035 2931 durif the du
1478 2832 3321 3083 ihren Vater! O, man denke! sechs Veehen
1506 2972 3015 3220 lang nicht den Fuss vor die Tür!
1382 3124 3070 3382 A: Das scheint mir nicht wenig; das
2109 3311 2559 3483 bissehen
1747 3324 2058 3496 ist ein
