3416 3976
2311 531 2454 765 Hea.
1403 602 2111 806 alles von sie zur Bank
1130 681 2962 956 DER ADJUNET: Was ist Ihnen, Katharina
1140 897 2631 1083 MARIE: Was ist dir, Katharina?
1155 1003 2874 1267 KATHARINA: Oh, mir geht es wohl! So
1405 1187 2878 1410 wohl ist mir nie gewesen! - Ist
1410 1335 2885 1566 die Mutter daheim?... Ich komme
1403 1519 2969 1707 nur auf ein Stündchen, ihr sagen,
1426 1666 2915 1870 sie soll sich nicht um mich sor-
1428 1832 2822 2057 gen. Ich fuhre ein vergnügtes,
1439 1977 2856 2163 prächtiges Leben... Mein Wagen
1448 2107 3003 2343 steht ausser dem Dorf, ich wollte
1460 2250 2924 2490 kein Aufsehen machen, drum ging
1460 2420 2838 2622 ich lieber den Feldweg... die
1453 2545 2962 2794 Leute haben gleich was zu reden,
1464 2694 2953 2906 und das will die Mutter nicht...
1471 2853 3030 3121 Der Wagen vartet draussen auf der
1482 3015 2940 3228 Strasse am Muttergottesbild....
1500 3185 2817 3425 Er vartet eine Stunde - Zeit
