3512 4056
2734 422 2891 628 18«
1465 667 2860 930 väre, und es vielleicht nicht
1476 807 3028 1085 einmal Ihres Gifts gebraucht hät-
1505 1014 3065 1251 te an diesem Abend. Wer weiss, ob
1501 1156 2999 1406 Ihre Worte nicht genug Kraft ge¬
1496 1293 2895 1549 habt hätten, mich ein anderes
1507 1450 3056 1684 Mittel finden zu lassen, um mich
1532 1673 2126 1863 zu befreien.
1311 1759 2948 2027 DER ARZT: Missten Sie das tun, um
1565 1914 3003 2170 sich zu befreien? Er hätte Sie
1565 2040 3107 2316 doch nicht mit Stricken an seine
1574 2252 2751 2460 Bettstatt binden können!
1344 2367 3127 2632 MARIE: Und hätt' ich's nur getan, um
1618 2524 3176 2774 am nächsten Morgen die Erinnerung
1642 2672 3202 2935 Nun die vergangene Nacht nicht von
1631 2813 3174 3112 den Flüchen dieses bösen sterben-
1633 3006 3156 3240 den Manns beschautzen zu lassen!
1421 3127 3196 3399 DER ARZT: Sie hätten ja nicht zurück-
1686 3346 2351 3576 kehren müssen.
