3464 3992
2482 397 2654 549 194
1379 615 2904 887 nicht so lange Platz nehmen,Herr
1384 862 1804 1044 Ad junkt?
1168 932 2770 1189 Der Adj: Ich danke. :setzt sich:
1175 1109 2961 1343 Marie: Wann müssen Sie in Ihrem neuen
1423 1236 2940 1466 Revier eintreffen, Herr Adjunkt?
1200 1386 2963 1633 Der Adj:  von ihrem einfachen Ton be-
1441 1561 2802 1772 rührt: Das eilt nicht sehr
1443 1692 2977 1944 In vierzehn Tagen erst tret' ich
1466 1919 2060 2092 mein Amt an.
1252 1969 3081 2214 Der Arzt: So lange dauert mein Urlaub.
1259 2164 2911 2382 Der Adj: Ich möchte Sie etwas fra-
1518 2271 3029 2512 gen, Fräulein Marie. Man hört ja
1520 2457 2859 2652 wol mancherlei, wenn man ins
1540 2589 2918 2804 Dorf kommt, aber es wäre doch
1550 2754 3056 3024 möglich, dass man dort nicht al-
1568 2899 3074 3169 les weiss. Ist es wahr, dass Sie
1586 3063 3006 3337 von Katharina noch immer keine
1633 3219 2421 3437 Nachricht haben?
1384 3408 2076 3619 Marie: Keine.
