3384 3992
2408 450 2593 592 162
1177 580 2926 805 eignisse? Ich glaube nicht, dass eine
1189 726 2794 932 von Beiden jemals wiederkommt. Und
1191 860 2928 1105 wenn auch... mir kommt keine wieder.
1201 997 2899 1239 Es mag sein, dass sich manche Rätsel
1203 1153 2986 1373 noch lösen werden, aber mir kann keine
1213 1349 2976 1529 Lösung mehr etwas bedeuten. Menschen,
1234 1483 2998 1682 die man einmal verloren hat - mit oder
1251 1610 2991 1828 ohne Schuld - kommen uns doch nur als
1239 1792 3012 1977 Gespenster wieder, auch wenn ihre Wan-
1260 1958 2262 2159 gen von Leben glühen.
1117 2056 3046 2296 Arzt: Auch wenn man einmal ihr Schicksal
1272 2284 2042 2478 in Händen hatte?
1150 2344 2907 2607 Adj: In Händen — 9 Das von Katharina
1299 2542 2986 2744 hatt' ich vielleicht in meiner Hand.
1306 2660 2940 2926 Und es ist wahr: das Geftühl des Un-
1316 2796 3077 3050 rechts, das man an jemandem begangen,
1325 3000 3000 3247 ist vielleicht das einzige Band von
1368 3130 3043 3355 ewiger Dauer, das Mensch an Menschen
1349 3235 3118 3537 knüpft. Und so ist mir Katharina heute
1378 3422 3120 3659 vielleicht näher als jene Andere, die
