3496 4056
2670 309 2837 441 154
1226 418 3026 692 Die Tante: Macht nicht, macht nichts!
1820 623 2011 714 wein
1464 636 3039 810 Ich les' ihn auch oft genug, wenn
1480 745 2886 979 mich Keiner fragt. Nichts hab
1489 914 3022 1141 ich gehört... gar nichts... kein
1504 1039 2977 1295 Wort!  Ich weiss nicht, ob sie
1515 1284 2341 1422 lebt, ob sie....
1306 1355 3068 1606 Die Nachbarin: Es ist halt eine Prüf-
1546 1493 3019 1733 ung, Frau Richter, Sechs, Wochen
1558 1658 3075 1896 ist vom Franz aus dem Feld keine
1558 1802 3057 2056 Nachricht gekommen, und die Wal-
1586 1938 3137 2178 purga hat's mit Fassung getragen,
1600 2109 3113 2356 und es ist vielleicht noch immer
1618 2263 3137 2496 gefährlicher im Krieg als da, wo
1629 2341 3066 2568 die Kathrin ist... weil man ja
1633 2443 3204 2717 nicht weiss, wo sie ist. Und dann
1655 2632 3131 2886 hat's ja unser Herrgott auch ge-
1669 2775 3186 3033 fügt, dass Sie nicht allein sein
1680 2917 3200 3175 müssen, weil ja die Fräuln Marie
1704 3091 3208 3351 jetzt bei Ihnen heraussen wohnt.
1713 3202 3168 3504 Da ist doch ein junges Blut im
1713 3355 3280 3649 Haus, das heitert einen doch auf.
