3496 3992
2774 446 2963 583 153
1250 721 2250 902 gestern Abend gesagt.
1027 874 3111 1060 DIE NACHBARIN: Nein, Walpurga, das hab' ich
1276 998 3082 1195 selber gesagt. Der Herr Oberlehrer hat
1268 1177 2976 1340 nur gesagt: "Wahr ist es, Frau Kaum¬
1278 1309 3098 1524 berger!" :Pause.- Bliok auf Walpurga
1286 1488 3077 1685 Na, und weil wir schon so vorbeigekom-
1288 1625 3082 1791 men sind, Frau Richter, so möcht' ich
1301 1763 3129 1983 mich doch erkundigen, ob Sie denn noch
1322 1924 2992 2110 immer von der Kathrin nichts gehört
1320 2170 1649 2302 haben?
1115 2230 3098 2453 DIE TANTE: :beginnt zu weinen, stellt die
3000 2307 3119 2362 ilmoit
1348 2403 3072 2611 Giesskanne hin. - DE NACHBARIN sieh-
1361 2541 3158 2751 ihre Tochter an. WALPURGA nickt unmerk-
1374 2782 1607 2935 lich:
1141 2854 3178 3046 DIE NACHBARIN: Aber Frau Richter... es tit
1377 2997 3181 3204 mir wirklich leid - - Wenn ich gewusst
1382 3176 3031 3370 hätt'... so hätt‘ ich mir nicht er-
1400 3414 1841 3536 laubt - -
