3416 3960
2632 368 2804 508 157
1110 520 2918 707 Adj: Alles. So viel eben zu erfahren
1263 673 2911 872 war. So viel sie in ihrer Verzweif-
1273 845 2930 1009 lung, ihrer Verwirrung mir mitzutei
1277 957 2985 1174 len imstande war. Die beiden Mädchen
1291 1115 2957 1323 verschwunden, der Alte tot. Und ich
1295 1259 3085 1472 sehe, dass Sie nicht mehr wissen. Wirk
1302 1481 2078 1620 lich nicht mehr?
1167 1570 2930 1776 Arzt: Wie ich Ihnen sagte: am frühen
1323 1714 2875 1918 Morgen kam ich in das Haus - sehr
1327 1881 2939 2069 früh diesmal; denn am Abend vorher
1339 2032 3014 2220 hatt' ich den Alten sehr übel gefun-
1353 2174 3003 2385 den. Das Haustor stand offen, offen
1348 2300 3069 2538 die Wohnungstür. Der Alte lag tot in
1382 2552 1994 2694 seinem Bette.
1238 2630 2524 2868 Adj: Ruhig in seinem Bett?
1247 2760 3092 3012 Arzt : Ja. Schon am Abend vorher musste
1421 2927 3046 3145 er verschieden sein, eingeschlafen,
1424 3028 3191 3287 ohne wieder aufzuwachen. Und Marie war
1424 3197 3193 3445 nicht da. Ich wartete - sie kam nicht.
1430 3339 3092 3598 Ich wartete stundenlang vergeblich.
