<?xml version="1.0" encoding="UTF-8" standalone="yes"?>
<PcGts xmlns="http://schema.primaresearch.org/PAGE/gts/pagecontent/2013-07-15" xmlns:xsi="http://www.w3.org/2001/XMLSchema-instance" xsi:schemaLocation="http://schema.primaresearch.org/PAGE/gts/pagecontent/2013-07-15 http://schema.primaresearch.org/PAGE/gts/pagecontent/2013-07-15/pagecontent.xsd">
    <Metadata>
        <Creator>prov=READ-COOP:name=TrHtr:version=2.1.0:model_id=51170:date=29_07_2023_10:58</Creator>
        <Created>2023-05-10T12:30:19.427+02:00</Created>
        <LastChange>2023-07-29T10:58:21.604+02:00</LastChange>
        <TranskribusMetadata docId="1428203" pageId="55403971" pageNr="140" tsid="131408348" status="IN_PROGRESS" userId="64420" imgUrl="https://files.transkribus.eu/Get?id=XSEYSHQAVBBTENUWVXDOONBP&amp;fileType=view" xmlUrl="https://files.transkribus.eu/Get?id=FNURVGLTTCDQOOMPBRMKFHIR" imageId="44678749"/>
    </Metadata>
    <Page imageFilename="1428203_0140.jpg" imageWidth="3544" imageHeight="4104">
        <ReadingOrder>
            <OrderedGroup id="ro_1711796056144" caption="Regions reading order">
                <RegionRefIndexed index="0" regionRef="tr_2"/>
                <RegionRefIndexed index="1" regionRef="tr_1"/>
            </OrderedGroup>
        </ReadingOrder>
        <TextRegion id="tr_2" custom="readingOrder {index:0;}">
            <Coords points="1507,588 3110,588 3110,1899 1507,1899"/>
            <TextLine id="tr_2_tl_1" custom="readingOrder {index:0;}">
                <Coords points="2740,677 2778,688 2807,669 2828,673 2846,663 2869,681 2880,673 2896,681 2915,677 2924,552 2901,546 2882,554 2869,546 2855,548 2842,561 2836,552 2826,558 2794,544 2782,550 2763,536 2748,538"/>
                <Baseline points="2754,650 2787,644 2832,641 2877,638 2922,638"/>
                <TextEquiv>
                    <Unicode>175</Unicode>
                </TextEquiv>
            </TextLine>
            <TextLine id="tr_2_tl_2" custom="readingOrder {index:1;}">
                <Coords points="1494,1013 2007,956 2288,1006 2498,948 2869,961 3101,917 3109,765 2876,817 2732,788 2184,856 1842,819 1686,884 1502,877"/>
                <Baseline points="1507,967 1540,964 1584,961 1629,958 1674,955 1719,952 1763,949 1808,946 1853,943 1898,937 1943,934 1987,931 2032,928 2077,922 2122,922 2166,919 2211,916 2256,916 2301,913 2345,913 2390,913 2435,904 2480,904 2525,901 2569,898 2614,892 2659,889 2704,889 2748,886 2793,883 2838,880 2883,877 2928,871 2972,868 3017,862 3062,859 3107,862"/>
                <TextEquiv>
                    <Unicode>sich, Herr Doktor, da spiel t jetzt</Unicode>
                </TextEquiv>
            </TextLine>
            <TextLine id="tr_2_tl_3" custom="readingOrder {index:2;}">
                <Coords points="1513,1159 1857,1190 2178,1129 2619,1140 2857,1048 3003,1092 3032,969 2484,948 1902,1048 1523,1013"/>
                <Baseline points="1528,1113 1558,1113 1602,1110 1647,1107 1692,1104 1737,1101 1781,1098 1826,1095 1871,1092 1916,1086 1960,1086 2005,1083 2050,1080 2095,1077 2140,1074 2184,1071 2229,1068 2274,1065 2319,1062 2363,1059 2408,1056 2453,1053 2498,1050 2542,1044 2587,1041 2632,1038 2677,1035 2722,1035 2766,1032 2811,1029 2856,1026 2901,1023 2945,1020 2990,1017 3035,1014"/>
                <TextEquiv>
                    <Unicode>die Marie manchmal draif! Es war</Unicode>
                </TextEquiv>
            </TextLine>
            <TextLine id="tr_2_tl_4" custom="readingOrder {index:3;}">
                <Coords points="1502,1315 1869,1352 2467,1242 2726,1254 2836,1192 3063,1192 3069,1111 1955,1190 1513,1159"/>
                <Baseline points="1516,1268 1546,1268 1590,1265 1635,1262 1680,1259 1725,1253 1769,1250 1814,1247 1859,1247 1904,1241 1949,1241 1993,1238 2038,1235 2083,1232 2128,1229 2172,1226 2217,1223 2262,1220 2307,1217 2351,1211 2396,1208 2441,1208 2486,1205 2531,1202 2575,1199 2620,1196 2665,1193 2710,1190 2754,1187 2799,1184 2844,1181 2889,1178 2933,1175 2978,1175 3023,1175 3068,1172"/>
                <TextEquiv>
                    <Unicode>mir nicht recht im ersten Moment,</Unicode>
                </TextEquiv>
            </TextLine>
            <TextLine id="tr_2_tl_5" custom="readingOrder {index:4;}">
                <Coords points="1523,1467 2150,1488 2448,1425 3017,1419 3096,1402 3107,1238 2628,1307 1529,1346"/>
                <Baseline points="1537,1420 1540,1420 1584,1417 1629,1414 1674,1414 1719,1408 1763,1408 1808,1402 1853,1402 1898,1399 1943,1399 1987,1396 2032,1396 2077,1396 2122,1393 2166,1390 2211,1384 2256,1381 2301,1378 2345,1372 2390,1369 2435,1367 2480,1364 2525,1361 2569,1358 2614,1355 2659,1349 2704,1349 2748,1346 2793,1340 2838,1340 2883,1337 2928,1334 2972,1331 3017,1328 3062,1325 3107,1322"/>
                <TextEquiv>
                    <Unicode>aufrichtig gesagt... Aber wie ich</Unicode>
                </TextEquiv>
            </TextLine>
            <TextLine id="tr_2_tl_6" custom="readingOrder {index:5;}">
                <Coords points="1521,1644 2453,1550 2996,1575 3065,1565 3074,1432 2949,1398 2615,1423 2496,1484 2413,1444 2167,1496 1529,1509"/>
                <Baseline points="1537,1581 1555,1578 1599,1575 1644,1569 1689,1569 1734,1566 1778,1563 1823,1563 1868,1558 1913,1555 1957,1552 2002,1552 2047,1549 2092,1546 2137,1543 2181,1540 2226,1537 2271,1534 2316,1528 2360,1525 2405,1525 2450,1525 2495,1519 2540,1516 2584,1513 2629,1510 2674,1507 2719,1501 2763,1498 2808,1495 2853,1498 2898,1495 2942,1489 2987,1486 3032,1483 3077,1486"/>
                <TextEquiv>
                    <Unicode>mir's überlegt hab', da hab' ich</Unicode>
                </TextEquiv>
            </TextLine>
            <TextLine id="tr_2_tl_7" custom="readingOrder {index:6;}">
                <Coords points="1550,1790 1994,1786 2384,1717 2826,1744 3065,1692 3074,1579 1561,1657"/>
                <Baseline points="1566,1737 1596,1734 1641,1731 1686,1728 1731,1725 1775,1722 1820,1719 1865,1716 1910,1716 1954,1713 1999,1707 2044,1704 2089,1701 2134,1698 2178,1695 2223,1689 2268,1689 2313,1686 2357,1683 2402,1680 2447,1674 2492,1674 2537,1671 2581,1665 2626,1662 2671,1659 2716,1656 2760,1653 2805,1650 2850,1647 2895,1644 2939,1641 2984,1638 3029,1638 3074,1641"/>
                <TextEquiv>
                    <Unicode>doch eigentlich nichts Unrechtes</Unicode>
                </TextEquiv>
            </TextLine>
            <TextLine id="tr_2_tl_8" custom="readingOrder {index:7;}">
                <Coords points="1563,1959 2611,1834 3042,1832 3105,1817 3111,1734 2734,1763 2615,1719 2465,1775 1573,1813"/>
                <Baseline points="1578,1889 1587,1886 1632,1883 1677,1880 1722,1880 1766,1877 1811,1874 1856,1871 1901,1868 1946,1865 1990,1862 2035,1859 2080,1856 2125,1853 2169,1850 2214,1844 2259,1844 2304,1838 2348,1835 2393,1832 2438,1832 2483,1829 2528,1826 2572,1823 2617,1820 2662,1817 2707,1814 2751,1808 2796,1808 2841,1805 2886,1802 2931,1802 2975,1799 3020,1796 3065,1796 3110,1793"/>
                <TextEquiv>
                    <Unicode>dran finden können. Schliesslich,</Unicode>
                </TextEquiv>
            </TextLine>
        </TextRegion>
        <TextRegion id="tr_1" custom="readingOrder {index:1;}">
            <Coords points="1372,1890 3256,1890 3256,3615 1372,3615"/>
            <TextLine id="tr_1_tl_1" custom="readingOrder {index:0;}">
                <Coords points="1561,2082 2796,2009 3107,2050 3144,1857 1567,1977"/>
                <Baseline points="1575,2047 1578,2047 1623,2041 1668,2035 1713,2032 1758,2029 1802,2026 1847,2023 1892,2020 1937,2020 1981,2017 2026,2014 2071,2011 2116,2008 2160,2005 2205,2002 2250,1999 2295,1996 2340,1996 2384,1990 2429,1987 2474,1984 2519,1984 2563,1978 2608,1978 2653,1975 2698,1972 2742,1969 2787,1969 2832,1966 2877,1963 2922,1957 2966,1954 3011,1952 3056,1946 3101,1943 3145,1940"/>
                <TextEquiv>
                    <Unicode>Gott verzeih mir die Sünd', nicht</Unicode>
                </TextEquiv>
            </TextLine>
            <TextLine id="tr_1_tl_2" custom="readingOrder {index:1;}">
                <Coords points="1573,2238 2013,2253 2584,2163 2992,2205 3032,2069 2859,2038 2780,2077 1911,2092 1577,2148"/>
                <Baseline points="1587,2202 1599,2202 1644,2193 1689,2190 1734,2187 1778,2184 1823,2181 1868,2178 1913,2175 1957,2175 2002,2172 2047,2166 2092,2163 2137,2160 2181,2160 2226,2157 2271,2154 2316,2151 2360,2149 2405,2146 2450,2143 2495,2140 2540,2134 2584,2131 2629,2131 2674,2128 2719,2125 2763,2122 2808,2122 2853,2119 2898,2116 2942,2113 2987,2110 3032,2107"/>
                <TextEquiv>
                    <Unicode>nur ihr Vater, auch sie ist ja</Unicode>
                </TextEquiv>
            </TextLine>
            <TextLine id="tr_1_tl_3" custom="readingOrder {index:2;}">
                <Coords points="1600,2398 1996,2390 2088,2348 2234,2378 2519,2317 2878,2330 2886,2178 2621,2234 2536,2209 1607,2303"/>
                <Baseline points="1614,2354 1629,2351 1674,2345 1719,2343 1763,2340 1808,2337 1853,2334 1898,2331 1943,2328 1987,2328 2032,2325 2077,2322 2122,2322 2166,2316 2211,2313 2256,2313 2301,2313 2345,2304 2390,2301 2435,2298 2480,2292 2525,2289 2569,2286 2614,2283 2659,2280 2704,2277 2748,2274 2793,2274 2838,2271 2883,2274"/>
                <TextEquiv>
                    <Unicode>erlöst worden - nicht wahr?</Unicode>
                </TextEquiv>
            </TextLine>
            <TextLine id="tr_1_tl_4" custom="readingOrder {index:3;}">
                <Coords points="1359,2546 1557,2590 1644,2536 1798,2563 2015,2507 2323,2542 2473,2459 2959,2465 2965,2363 2013,2432 1927,2398 1817,2446 1727,2403 1625,2442 1369,2407"/>
                <Baseline points="1372,2522 1399,2522 1444,2516 1489,2513 1534,2510 1578,2507 1623,2504 1668,2501 1713,2498 1758,2495 1802,2495 1847,2495 1892,2492 1937,2489 1981,2486 2026,2480 2071,2477 2116,2477 2160,2471 2205,2468 2250,2465 2295,2462 2340,2459 2384,2456 2429,2453 2474,2450 2519,2447 2563,2444 2608,2444 2653,2441 2698,2438 2742,2432 2787,2432 2832,2429 2877,2426 2922,2420 2966,2420"/>
                <TextEquiv>
                    <Unicode>DER ARZT: Das kann man wol sagen.</Unicode>
                </TextEquiv>
            </TextLine>
            <TextLine id="tr_1_tl_5" custom="readingOrder {index:4;}">
                <Coords points="1371,2721 2244,2655 2392,2717 2951,2615 3044,2648 3055,2490 2607,2496 2496,2561 1379,2582"/>
                <Baseline points="1387,2671 1396,2671 1441,2671 1486,2668 1531,2668 1575,2665 1620,2662 1665,2659 1710,2656 1755,2653 1799,2650 1844,2647 1889,2644 1934,2641 1978,2638 2023,2635 2068,2632 2113,2629 2157,2626 2202,2623 2247,2620 2292,2620 2337,2617 2381,2611 2426,2608 2471,2605 2516,2602 2560,2599 2605,2596 2650,2596 2695,2593 2739,2593 2784,2590 2829,2584 2874,2581 2919,2578 2963,2572 3008,2569 3053,2572"/>
                <TextEquiv>
                    <Unicode>DIE TANTE:  Ich hab' mir eigentlich</Unicode>
                </TextEquiv>
            </TextLine>
            <TextLine id="tr_1_tl_6" custom="readingOrder {index:5;}">
                <Coords points="1621,2848 1911,2815 2244,2869 2407,2792 2771,2815 2990,2751 3117,2784 3180,2761 3188,2646 1627,2759"/>
                <Baseline points="1635,2820 1665,2817 1710,2811 1755,2808 1799,2805 1844,2802 1889,2802 1934,2802 1978,2796 2023,2793 2068,2790 2113,2787 2157,2784 2202,2781 2247,2778 2292,2775 2337,2775 2381,2769 2426,2766 2471,2760 2516,2757 2560,2754 2605,2754 2650,2751 2695,2751 2739,2745 2784,2742 2829,2739 2874,2736 2919,2734 2963,2731 3008,2728 3053,2725 3098,2722 3142,2716 3187,2716"/>
                <TextEquiv>
                    <Unicode>nicht gedacht, dass es so schnell</Unicode>
                </TextEquiv>
            </TextLine>
            <TextLine id="tr_1_tl_7" custom="readingOrder {index:6;}">
                <Coords points="1629,3021 2338,2984 2444,2936 2967,2955 3157,2921 3163,2811 2330,2880 2144,2836 1938,2915 1636,2907"/>
                <Baseline points="1644,2969 1689,2966 1734,2963 1778,2960 1823,2957 1868,2954 1913,2951 1957,2948 2002,2948 2047,2945 2092,2942 2137,2939 2181,2936 2226,2933 2271,2931 2316,2928 2360,2928 2405,2925 2450,2919 2495,2916 2540,2916 2584,2910 2629,2910 2674,2907 2719,2904 2763,2901 2808,2898 2853,2895 2898,2892 2942,2889 2987,2889 3032,2883 3077,2880 3122,2877 3166,2868"/>
                <TextEquiv>
                    <Unicode>kommen wird. Am letzten Abend wa-</Unicode>
                </TextEquiv>
            </TextLine>
            <TextLine id="tr_1_tl_8" custom="readingOrder {index:7;}">
                <Coords points="1638,3184 2305,3103 2375,3149 3186,3051 3246,3084 3255,2961 1646,3049"/>
                <Baseline points="1653,3119 1689,3122 1734,3119 1778,3116 1823,3116 1868,3113 1913,3110 1957,3110 2002,3107 2047,3107 2092,3104 2137,3098 2181,3095 2226,3092 2271,3089 2316,3086 2360,3083 2405,3080 2450,3077 2495,3074 2540,3068 2584,3068 2629,3068 2674,3065 2719,3059 2763,3059 2808,3059 2853,3053 2898,3050 2942,3044 2987,3038 3032,3038 3077,3035 3122,3029 3166,3026 3211,3023 3256,3023"/>
                <TextEquiv>
                    <Unicode>ren wir ja noch oben, die Katharin</Unicode>
                </TextEquiv>
            </TextLine>
            <TextLine id="tr_1_tl_9" custom="readingOrder {index:8;}">
                <Coords points="1629,3319 1902,3332 2105,3282 2378,3328 2692,3238 3082,3259 3144,3251 3153,3132 2605,3126 1636,3211"/>
                <Baseline points="1644,3292 1674,3286 1719,3283 1763,3277 1808,3274 1853,3268 1898,3268 1943,3265 1987,3262 2032,3262 2077,3259 2122,3256 2166,3253 2211,3250 2256,3247 2301,3244 2345,3241 2390,3241 2435,3238 2480,3235 2525,3229 2569,3229 2614,3223 2659,3220 2704,3217 2748,3214 2793,3211 2838,3208 2883,3205 2928,3202 2972,3202 3017,3196 3062,3196 3107,3190 3151,3196"/>
                <TextEquiv>
                    <Unicode>Und ich. Das war ja den letzten</Unicode>
                </TextEquiv>
            </TextLine>
            <TextLine id="tr_1_tl_10" custom="readingOrder {index:9;}">
                <Coords points="1667,3494 3209,3392 3253,3226 2882,3311 2213,3296 1882,3386 1677,3334"/>
                <Baseline points="1683,3435 1728,3438 1772,3435 1817,3435 1862,3435 1907,3432 1952,3426 1996,3420 2041,3414 2086,3411 2131,3408 2175,3405 2220,3402 2265,3399 2310,3396 2354,3393 2399,3390 2444,3387 2489,3387 2534,3384 2578,3381 2623,3378 2668,3375 2713,3372 2757,3372 2802,3366 2847,3363 2892,3360 2936,3357 2981,3354 3026,3351 3071,3348 3116,3345 3160,3345 3205,3339 3252,3333"/>
                <TextEquiv>
                    <Unicode>Tag, dass ich die Katharin bei mir</Unicode>
                </TextEquiv>
            </TextLine>
            <TextLine id="tr_1_tl_11" custom="readingOrder {index:10;}">
                <Coords points="1669,3638 1788,3665 1965,3607 2027,3644 2344,3567 2582,3597 2780,3526 3042,3572 3201,3509 3209,3390 2596,3484 1934,3480 1677,3536"/>
                <Baseline points="1683,3602 1686,3605 1731,3602 1775,3596 1820,3593 1865,3590 1910,3587 1954,3581 1999,3575 2044,3572 2089,3566 2134,3566 2178,3563 2223,3560 2268,3557 2313,3554 2357,3551 2402,3551 2447,3545 2492,3542 2537,3542 2581,3539 2626,3536 2671,3530 2716,3527 2760,3527 2805,3521 2850,3518 2895,3516 2939,3510 2984,3510 3029,3507 3074,3498 3119,3495 3163,3498 3208,3495"/>
                <TextEquiv>
                    <Unicode>gehabt hab'; am Morgen draif war</Unicode>
                </TextEquiv>
            </TextLine>
        </TextRegion>
    </Page>
</PcGts>
