3368 3896
2743 336 2921 496 200
1267 541 2990 770 DER ADJUNET: Ich hatte die Absicht.-
1509 704 3045 907 Sie werden wol schon erfahren ha-
1517 884 2957 1066 ben, dass ich heute diesen Ort
1519 1027 3099 1220 auf immer verlasse. Ich wollte Ihr-
1515 1194 2983 1385 nen Lebewohl sagen,- auch Ihrer
1543 1372 1830 1526 Tante.
1288 1515 3002 1656 MARIE: Sie muss bald aus der Kirche
1532 1648 3052 1825 zurück sein.- Vann miissen Sie in
1541 1819 2947 1986 Ihrem neuen Revier eintreffen,
1541 1984 2183 2131 Herr Adjunkt?
1312 2114 2930 2288 DER ADJUNKT: Meine Geschäfte dort
1543 2238 3032 2452 muss ich in vierzehn Tagen über-
1552 2461 1917 2600 nehmen.
1327 2551 2947 2780 DER ARZT: So lang hab' ich Urlaub
1564 2716 3047 2936 nommen. Es wird eine schöne Rei-
1579 2910 2577 3062 se werden, hoff' ich.
1340 2985 3032 3223 DER ADJUKT: zu Marie: Sie haben
1577 3221 3015 3381 keine Nachricht von Katharina?
