3400 3944
2749 447 2919 602 217
1454 670 2795 890 hen, kann aber nicht: Eine
1456 859 2886 1016 Stunde nur, eine Stunde!... Du
1469 970 2892 1192 sollst mich nur einmal auf die
1477 1156 2958 1291 Stirn küssen, dann muss ich wie-
1481 1341 1916 1456 der fort.
1252 1458 2816 1616 DIE TANTE: Um Himmelswillen, wie
1479 1589 2898 1750 siehst du denn aus!... Was ist
1487 1775 2931 1918 dir denn?... Im weissen Kleide,
1496 1947 3058 2081 wie vom Ball kommst du gelaufen...
1481 2089 2851 2257 Und wie deine Wangen brennen!
1512 2189 2975 2375 .. Katharina! Katharino! Qu.
1763 2354 2092 2468 zu zum
1254 2365 2884 2542 DER ARZT: Wir müssen sie zu Bette
1502 2561 1897 2760 bringen.)
1274 2708 2938 2890 KATHARIA: Was wollt ihr denn? Ich
1502 2861 2125 3018 nuss ja fort!
1289 2965 2940 3165 DER ARZT: Sie sollen sich nur eine
1514 3153 2940 3304 halbe Stunde mit uns zu Tische
1512 3269 3027 3494 setzen, etwas essen und trinken.
