3336 4008
1137 420 2502 624 Szene. Der Adjunkt und Marie.
1144 565 3027 822 In den Häusern gegenüber Lichter. Draus-
1112 736 3054 940 sen Marschieren. Adjunkt am Fenster. Marie
1056 891 2980 1122 kommt heraus, zündet die Lampe an, stellt
1068 1063 1942 1277 sie auf den Tisch:
1068 1210 2936 1397 M; Was wollen Sie von mir, Herr Adjunkt?
1085 1363 3042 1613 Adj: (Was ist geschehen, Marie, was ist ge-
1704 1510 2877 1645 Wie soll ich in verstehe, das ich se
1232 1579 1642 1733 schehen?
1667 1593 2561 1755 Moul ohr Antwort.
1090 1657 2894 1903 M: (Sie wundern sich, dass ich auf Ihre
1250 1800 2975 2016 Briefe nicht mehr antworte. Was giebt
1247 2016 1881 2195 zu antworten?
1124 2128 2622 2376 A: Mit einem Mal nichts mehr -?
1115 2241 3093 2521 M: Sie haben gesehen, wie krank mein Vater
1274 2433 2843 2654 ist. Ich hätte nicht einmal Musse
1282 2595 2143 2811 Wert zu schreiben.
1151 2755 2256 2966 A: Aush wenn Sie wollten
1156 2899 2182 3071 M: Auch wenn ich wollte
1176 3052 2097 3250 A: M###K Aber Sie welcke
2244 3214 2357 3346 8
1178 3196 2136 3390 M: Ich wüsste nicht,
1208 3356 1979 3555 A: Vom 1. September
1387 3508 1871 3690 ten Sie es.
