3432 3976
2713 349 2915 648 173
1431 643 3023 882 das wär‘ doch zu sonderbart.. Oder
1447 841 3003 1008 es hat sonstwas zwischen ihnen ge-
1460 981 3031 1198 geben... Man weiss ja nie bei den
1475 1122 3018 1350 jungen Leuten. Ich denk’ mir oft,
1471 1262 3064 1488 ob nicht das Jungsein überhaupt ###
1486 1438 2761 1657 eine Art von Krankheit ist?
1245 1574 2922 1861 DER ARZT: Dann hätte man wol nicht
1490 1754 3031 1960 viel Grund, sich auf's Gesundwer-
1495 1914 2886 2107 den zu freien. - Nun, und wie
1501 2063 2851 2256 geht's eigentlich der Marie?
1280 2193 3049 2428 DE TANTE: Ja, wenn ich das so sagen
1539 2335 3069 2566 könnte! Sie ist immer sehr ruhig
1539 2524 3082 2722 gefasst scheint mir. Nur wenn sie
1534 2645 3053 2858 abends da sitzt und hinausschaut
1545 2836 2943 3047 über’s Feld, da kommt sie mir
1558 2965 3044 3196 manchmal so seltsam vor und ich
1583 3113 3036 3350 trai' mich gar nicht, zu ihr zu
1605 3260 3042 3508 reden. Und sehr viel geht sie so
