3416 3960
331 236 524 506 8
416 513 518 557 ###
2759 464 2961 575 148
1250 459 1660 634 affice
1550 883 2287 993 III. Akt.
952 1168 3015 1304 Kleiner Garten. links ein einfaches weisses
962 1360 2923 1460 längliches Parterre-Hauschen, die Fenster
967 1517 3013 1612 von Blumen umrankt. Neben dem Tor, ans Haus
1019 1650 3020 1784 gerückt, eine Bank. Vorne rechts im Garten
970 1840 2818 1927 unter einem Niesbaum ein weisser Tisch,
988 1986 3033 2079 weisse Sessel. In der Mitte des Gartens ein
985 2145 3013 2238 Blumenbest. Einige blühende Rosensträucher.
988 2297 2985 2392 Der Garten ist hinten durch einen nicht zu
996 2446 3051 2559 niedern Zum abgeschlossen. In der Mitte ei-
1037 2584 2872 2702 ne Tire. Längs dieses Zaunes läuft ein
1001 2738 2995 2859 schmal er Weg. An den Weg grenzt ein weites
1011 2861 2992 3015 in Aehren stehendes Feld. Hinten Wald, Hü-
1016 3031 3056 3187 gellandschaft. Rechts hinten rücks der Wald
1065 3203 2931 3331 nahe an den Garten. Auch durch das Feld
1019 3344 3074 3480 führt ein schmaler Steig, der an der Garten-
