3432 3976
2420 475 2609 653 221
1406 696 2910 929 meinen Zügen. Dort hat sich wol
1432 865 2942 1044 nichts verändert. :Zum Fenster
1430 999 2885 1230 Nun hat sie sich auf den Diwan
1442 1154 2785 1389 hingestreckt und schlummert.
1232 1315 2942 1538 Der Adj: Auch um Katharinens willen
1476 1451 2942 1655 hab' ich Ihnen geflucht, Marie.
1479 1587 3006 1848 Ihnen hatt' ich sie aufgeopfert.
1500 1769 2944 1985 Und ich hasste Sie darum. Noch
1512 1924 2966 2115 in der Minute eh' ich hier ein-
1540 2032 3069 2265 trat. Wie seltsam! Nun ist Katha-
1542 2200 3044 2425 rina wieder da, ist so zurückge-
1563 2352 3038 2575 kommen, schwindet vor unsern Au
1578 2492 3048 2734 gen dahin, und ich fluche nicht
1595 2632 3025 2889 mehr Ihnen und nicht mir.. Als
1604 2813 3048 3042 könnte unser Glück doch diesen
1627 2949 3093 3192 Preis wert gewesen sein, Marie.
1459 3076 3139 3371 Marie: Unser Glück? - Es ist ja al¬
1669 3252 3159 3511 les vorbei. Haben Sie denn wirk-
1686 3366 3265 3657 lich vergessen?... Sie gehen fort,
