3416 4072
2649 350 2788 482 11
1023 447 3006 675 V: Lass die Türe offen. /:Auf der Strasse
1013 626 2455 829 Pferdegtrappel: Was ist das?
1018 760 2376 963 M:  dringt ein Glas Wasser:
1035 874 2366 1149 V: Was ist das?... Nun ja...
1038 1043 2917 1266 M: :blickt zum Fenster hin, totenblass:
1058 1177 2957 1405 V: stellt das Glas auf den Tisch: Da
1204 1360 2311 1569 reiten sie vorüber.
1095 1485 2917 1735 M: ƒzum Fenster: Darf ich's öffnen?
1085 1715 1529 1874 V: Warum?
1087 1800 2706 2036 M: Fragtest du nicht, was das sei?
1112 1979 2934 2185 V: Ich weiss es deckt, Ob es Ulanen oder
315 1971 956 2157 Ma der Getryzel
315 2100 745 2259 in bedeuten,
308 2185 1067 2356 Ich freunde?  als ersch
1231 2155 1926 2353 Dragener sind.
310 2314 784 2487 ich nicht? -
1112 2267 2274 2517 M: :öffnet das Fenster:
1130 2453 1902 2646 V: Was tust du?!
1122 2535 3111 2790 M: Sagtest du nicht, dass ich öffnen soll?
1147 2671 3138 2927 V: Bist du tell? Ich kann den Tod daven ha¬
1283 2919 1512 3088 ben!
1152 2981 3153 3215 M: Die Luft ist jetzt so warm. Der Dekter
1323 3111 3195 3399 wollte auch, dass man häufiger lüftet...
353 3312 1058 3500 Stadt die demnach der
1202 3279 3113 3540 V: Nun, man braucht sich nur ein bissehen
380 3456 566 3590 zen.
1363 3451 3039 3677 vorzubeugen und sieht, was man will.
