3464 3992
2597 449 2774 595 195
1177 686 2924 893 Der Adj: Und Sie haben keine Ahnung?
1194 826 2943 1059 Marie: Ich weiss, dass sie fort woll-
1436 1000 2970 1181 te - das ist alles. Sie sagte mir
1440 1159 2937 1355 nicht wann, nicht wohin. Am sel-
1405 1312 2976 1501 ben Tage, da Sie ihr auf der Stie-
1506 1425 2922 1684 ge begegneten, in unserm Haus,
1464 1612 2848 1804 hab' ich sie auch zum letzten
1482 1821 2070 1946 Male gesehn.
1255 1915 2887 2109 Der Arzt: Wahrhaftig, es hat sich
1503 2033 2978 2253 nicht wenig eriegnet in unserer
1521 2227 2861 2410 kleinen und auch draussen in
1540 2344 2948 2551 der grossen Welt, seit wir die
1567 2501 3035 2715 blauen Kürassiere an Ihrem Fens-
1562 2671 2669 2861 ter vorbeiziehen sahen.
1349 2845 2070 3068 Marie: :nickt:
1355 2939 3111 3203 Der Adj: Die haben ihren Schwur brav
1604 3094 3150 3342 gehalten. Keiner von allen zurück
