3384 3896
1199 575 2064 740 MARIE: Katharina!
1203 664 3001 879 KATHARINA: Nun ja, ich bin’ s. Wundert
1440 814 2889 1051 ihr euch?... Ist die Mutter da¬
1440 1011 1740 1179 heim?
1232 1120 2359 1375 DER ADJUNET: Katharina!
1234 1286 2918 1505 KATHARINA: :sieht ihn an: Eduard!
1516 1501 1957 1682 :Lächelt:
1237 1601 2988 1802 MARIE: Komm' doch herein! Wie siehst
1489 1787 2077 1977 du denn aus?
1252 1894 3046 2093 KATHARINA: /:herein:  Ich bin nur auf
1494 2077 2909 2263 ein Stündchen hier. - Wie, der
1509 2263 2100 2422 Doktor auch?
1270 2341 2921 2558 MARIE und DER ARZT: :geleiten sie:
1275 2554 2979 2757 KATHARIA: Ihr dürft nicht glauben,
1523 2672 3061 2874 dass ich bleibe... nur ein Stund-
1518 2829 3048 3048 ehen will ich ausruhn, dann geht
1518 2994 3032 3211 es weiter. I:Sie sinkt beinahe:
1301 3140 3075 3339 MARIE und DER ARZT: ###stiitzen sie, für
