3320 3992
2547 328 2730 602 172
1683 671 2267 818 Tante, Arzt.
1083 762 2875 961 Tante: Ich zermartre mir das Mirn, es
1217 920 2964 1110 hilft nichts - ich versteh's nicht...
1219 1101 2962 1270 ich versteh's nicht! Nicht einmal der
1232 1268 2922 1413 Mutter adieu sagen... warum denn?...
1237 1397 2882 1596 warum denn?... Sie hätte ja von mir
1244 1513 2944 1727 aus hin dürfen, wohin sie will. Wenn
1241 1640 2971 1877 ich nur was wüsst' von ihr!. - Da ha-
1261 1841 2851 2019 ben wir eine Frau im Dorf, die hat
1266 2013 2946 2182 eine Tochter in der Stadt, die führt
1279 2149 2848 2340 ein schlechtes Leben. Wie ich die
1282 2289 3049 2494 jetzt beneid'! Alles, alles möcht' ich
1279 2492 3024 2632 ihr ja verzeihn, nur dass sie sterben
1293 2621 3027 2784 könnt, ohne dass ich sie noch einmal
1299 2779 2946 2926 da hab - das nicht, das  nicht! Wie
1299 2926 3080 3094 ist es nur möglich?... Vielleicht sind
1315 3078 3036 3272 sie doch zusammen.... vielleicht wan-
1333 3241 2982 3426 dern sie über die Landstrasse. Venn
1324 3354 3065 3577 die heut' sich nur rechte Müh' geben
