3400 3912
2759 389 2944 525 213
2002 503 3042 643 Die wiederste ich mehr Mann
1482 603 2924 768 vorgespannt... Weisst du noch,
1468 805 3030 928 Marie, was ich dir von dem Garten
1491 919 2948 1086 erzählte mit den verschlungenen
1475 1126 3013 1253 Wegen?... weisst du noch, damals,
1482 1235 3004 1404 als mein Haar von Blüten duftete
1500 1402 2917 1573 — - Wann kommt die Mutter? Ich
1475 1560 3033 1713 hab' jd nicht so lange Zeit,- das
1486 1715 2336 1885 Leben ist so kurz!
1248 1880 3039 2036 MARIE: Du bist ja ganz bestaubt - dei-
1482 2051 2961 2194 ne Schuhe sind zerrissen, Katha¬
1484 2216 1740 2325 rina!
1248 2341 2904 2490 KATHARINA: Wie schön die Sonne bei
1493 2490 2995 2648 auch scheint, und wie hoch steht
1495 2623 2953 2788 das Korn!... Was macht denn der
1491 2799 3030 2944 Wirt vom goldnen Löwen, der immer
1491 2939 3017 3115 so lustig war?... und die Walpur-
1491 3108 2917 3277 ga, die dumme?... Oh, wenn ich
1482 3255 3073 3478 mehr Zeit hätte, ging' ich hin und
