3352 3896
2620 368 2823 520 214
1386 586 2870 768 besuchte den Wirt, die Walpurga
1384 776 2905 927 und den Pfarrer, und über's Feld
1379 927 2916 1090 und auch auf die Wiese ging' ich
1398 1115 2941 1251 - weisst du, Marie, wo ich einmal
1386 1227 2953 1410 geweint hab', weil dir jemand sei¬
1386 1412 2810 1555 nen Mantel unterbreitete...? -
1386 1536 2854 1691 Aber dazu ist heute nicht Zeit,
1398 1710 2972 1863 das lass' ich auf ein andermal...
762 1830 1208 2034 Ungrath
1392 1881 2881 2007 Wenn die Mutter nur bald da ist!
1406 2028 2846 2170 ... Wisst ihr, sie soll mir nur
1386 2181 2835 2346 einen Kuss auf die Stirn geben,
1392 2329 2901 2459 dann will ich wieder fort... Du
1388 2470 3048 2666 bist schön worden, Marie!... xxx
1392 2635 2810 2798 trägst immer noch Schwarz? Das
1388 2790 2947 2947 sollst du nicht... Sieh, ich geh
1373 2943 2839 3091 immer ganz weiss - und manchmal
1361 3075 2846 3261 hab' ich rote Schleifen im Haar
1367 3246 2806 3409 und manchmal blaue... Wenn man
