3464 4136
1177 498 2096 700 bringen ihn hinein:
1025 635 2438 857 Adj: Leben Sie wehl, Fräulein.
1020 727 2098 965 M: Sie wollen schen -
1047 806 2784 1090 Adj: Ich kann auch eine Weile warten.
1196 917 2943 1225 :Leise: Ich muss mit Ihnen spreehen.
464 1040 686 1167 asse.
1141 1165 1961 1369 M: Se varten Sie.
1121 1222 2969 1533 V: Was ist das? O Elend, Elend! - Allen
1263 1386 3114 1680 ist es gleichgiltig, was ich leide? Auch
1278 1617 2967 1841 wenn ihr mich liebtet, wäre euch das
1299 1694 3150 1985 gleichgiltig. Aber ihr liebt mich nicht,
1256 1834 3094 2154 ihr hasst mich und traut euch nicht, es
1307 2048 3164 2300 mir zu sagen. - Wenn sie mit Ihnen fort-
1338 2139 3118 2440 geht, mag sie mit Ihnen aussenbleiben!
1335 2296 3150 2565 Der Vater heult vor Schmerz, kann sich
1360 2447 3191 2755 nicht rühren, und die Tochter gelüstet’
1237 2839 2079 3092 A: Schweigen Sie!
1285 2919 3227 3183 V: Schweine? schmutzige seid ihr Alle! Ich
1405 3075 2719 3333 kenn‘ euch - ich kenn' euch
