3496 4056
2747 351 2899 608 ensr
1204 665 2949 903 MARIE: Und wär' ich nicht wieder zu-
1442 818 2940 1041 rückgekommen, ich hätt’ es doch
1459 979 2791 1225 getan. Ich hab' ihn gehasst!
1234 1102 2940 1433 DER ARZT: Und hätten Sie es auch ge¬
1494 1277 3055 1537 tan, wenn am Ausgang dieser Nacht
1507 1442 3040 1710 die Sühne Ihrer Tat gewartet hät-
1518 1680 1700 1851 tet
1286 1777 2970 2022 MARIE: Ich dachte nicht an den Aus-
1526 1933 2962 2152 gang. Aber auch wenn ich daran
1535 2065 2973 2327 gedacht hätte, ich hätt' es ge
1559 2195 3033 2440 tan. Und was immer mir gedroht,
1572 2340 3163 2602 wie immer ich hätte bissen müssen,
1580 2522 3120 2789 ich hätt' es doch getan und nich
1600 2665 3070 2923 darum nicht schuldiger gefühlt.
1370 2812 3105 3053 DER ARZT: Es fühlten sich schon Man-
1632 2996 2964 3204 che nicht schuldig, und viel-
1624 3118 3213 3397 leicht mit dem gleichen Recht vie
1652 3295 3085 3514 Sie, und doch mussten sie ihre
