3432 4040
2714 504 2905 681 165
1421 730 3017 950 red' ich denn dal... So ein Kind
1440 932 3019 1089 war doch die Kathrin auch im vori-
1455 1050 3048 1245 gen Jahr nimmer, bevor die Fräul'n
290 1021 1332 1270 Tauh. Sis. perits.
1446 1224 3015 1423 Marie mit ihrem kranken Vater zum
228 1274 1193 1587 Korn. Ich glaub.
1453 1380 3038 1548 Landaufenthalt ist herausgekommen.
266 1482 1282 1745 que cecy... or iscené
1399 1540 2988 1785 f... Und weil der Herr Adjunkt in
274 1631 1168 1940 so. ein Ida
1473 1643 3054 1859 der letzten Zeit so sonderbar wor¬
1492 1816 3003 2021 den ist, und man sieht ihn nicht
1484 1965 3106 2191 einmal mehr im Wirtshaus - hat ges-
1496 2143 3048 2339 tern der Herr Oberlehrer gesagt -
2206 2318 3083 2521 er sich so hat ver-
1486 2345 2187 2492 und auch, dass
1511 2486 3086 2675 setzen lassen, nach Steiermark...
1502 2621 3034 2820 da hab' ich mir gedacht, und die
1521 2762 3115 2955 Walpurga auch, ob nicht vielleicht
1513 2928 3000 3148 das schlechte Gewissen, weil er
1521 3092 2959 3279 die Kathrin hat sitzen lassen.
1297 3227 2965 3432 DIE TANTE: Er hat sie nicht sitzen
1519 3384 3086 3613 lassen, was fällt Ihnen denn ein,
