3400 4072
1170 433 3026 714 zu Ihrem Haus zu gelangen: die Freiung,
1175 609 2911 872 der Hof, der Graben - alles voll Mem
1195 837 1498 949 schen.
1055 894 2876 1170 M: Wie komt's, dass alles se still ist?
1190 1030 3066 1323 Man hört nur das Träben und Marschieren.
1077 1232 2355 1465 A: Es ist nicht überall so.
1082 1358 2991 1653 /:Er erzäalt nun von den schwarzen Drago-
1085 1490 3099 1748 nern, die dazu bestimmt sind, als Erste ver
1110 1633 3039 1884 den Feind zu rücken, u.zw. weil durch ihre
1105 1799 3109 2032 Schuld vor sieben Jahren eine Schlacht ver-
1145 1946 3084 2169 loren wurde und der Oberst geschworen hat,
1190 2094 2753 2330 diese Schmach zu sühnen, u.s.w.:/
974 2267 2903 2502 Auf dem Gläche ihrer Coll.... Du der glücken nicht dran¬
944 2382 2886 2628 Aber die müssen dran glauben die schwarzen Kriegene
1268 2615 1425 2768 ?
987 2728 1686 2898 sind logereicht.“
1125 2828 2563 3169 Mohn wurfe bei? Sie telle an mir!
