3432 3976
1425 673 2852 873 Ihr Bild in seiner Seele trägt
1414 826 2864 1022 und dass dieses Bild nicht Ihr
1448 997 2828 1159 wahres ist. Und solang er das
1450 1121 3008 1335 wahre nicht kennt, ist er so frei
1439 1274 2983 1468 nicht, wie er das Recht hätte zu
1452 1470 1846 1650 sein...
1216 1598 2197 1801 MARIE: Komt or...t
1229 1742 3026 1959 DER ARZT: Ja... Er will sich von Frau
1457 1923 2501 2091 Richter verabschieden.
1220 2067 2999 2260 MARIE: Wann wollen Sie von hier fort-
1459 2260 1778 2409 gehen?
1236 2364 3046 2537 DER ARZT: Noch Vormittag. Wir wollten
1470 2512 2981 2720 vor Abend in Hasbach eintreffen.
1238 2692 2904 2888 MARIX: Und wie lange soll denn die
1479 2850 2116 3039 Reise dauern?
1252 2967 3005 3152 DER ARZT: Mein Urlaub währt vierzehn
1495 3127 3019 3381 Tage. Es ist seit drei Jahren das
1502 3305 3071 3532 erste Mal, dass ich die Stadt ver-
