<?xml version="1.0" encoding="UTF-8" standalone="yes"?>
<PcGts xmlns="http://schema.primaresearch.org/PAGE/gts/pagecontent/2013-07-15" xmlns:xsi="http://www.w3.org/2001/XMLSchema-instance" xsi:schemaLocation="http://schema.primaresearch.org/PAGE/gts/pagecontent/2013-07-15 http://schema.primaresearch.org/PAGE/gts/pagecontent/2013-07-15/pagecontent.xsd">
    <Metadata>
        <Creator>prov=READ-COOP:name=TrHtr:version=2.1.0:model_id=51170:date=29_07_2023_10:58</Creator>
        <Created>2023-05-10T12:30:30.292+02:00</Created>
        <LastChange>2023-07-29T10:58:39.677+02:00</LastChange>
        <TranskribusMetadata docId="1428203" pageId="55404392" pageNr="207" tsid="131408432" status="IN_PROGRESS" userId="64420" imgUrl="https://files.transkribus.eu/Get?id=IXUXLWQYAOKKKMDXJSWNPEHV&amp;fileType=view" xmlUrl="https://files.transkribus.eu/Get?id=SHGTIUUUGUZIFOIQNEDUNAUV" imageId="44679125"/>
    </Metadata>
    <Page imageFilename="1428203_0207.jpg" imageWidth="3464" imageHeight="3976">
        <ReadingOrder>
            <OrderedGroup id="ro_1711796109980" caption="Regions reading order">
                <RegionRefIndexed index="0" regionRef="tr_2"/>
                <RegionRefIndexed index="1" regionRef="tr_1"/>
            </OrderedGroup>
        </ReadingOrder>
        <TextRegion id="tr_2" custom="readingOrder {index:0;}">
            <Coords points="1211,385 3116,385 3116,1768 1211,1768"/>
            <TextLine id="tr_2_tl_1" custom="readingOrder {index:0;}">
                <Coords points="2517,481 2576,471 2600,447 2609,455 2633,455 2652,474 2666,466 2701,469 2704,357 2668,362 2642,353 2623,367 2578,350 2564,362 2521,362"/>
                <Baseline points="2531,441 2573,438 2617,438 2662,435 2707,438"/>
                <TextEquiv>
                    <Unicode>176</Unicode>
                </TextEquiv>
            </TextLine>
            <TextLine id="tr_2_tl_2" custom="readingOrder {index:1;}">
                <Coords points="1312,682 1645,708 2083,625 2796,623 2988,587 2993,528 2019,580 1321,549"/>
                <Baseline points="1325,677 1337,671 1382,668 1426,665 1471,662 1516,662 1561,659 1605,656 1650,653 1695,650 1740,647 1785,647 1829,647 1874,641 1919,635 1964,632 2008,629 2053,626 2098,626 2143,623 2187,620 2232,617 2277,617 2322,611 2367,605 2411,605 2456,602 2501,602 2546,599 2590,596 2635,591 2680,588 2725,582 2770,579 2814,579 2859,576 2904,576 2949,576 2993,576"/>
                <TextEquiv>
                    <Unicode>mand weiss, was Sie getan. Niemand.</Unicode>
                </TextEquiv>
            </TextLine>
            <TextLine id="tr_2_tl_3" custom="readingOrder {index:2;}">
                <Coords points="1335,840 3109,758 3116,653 1982,739 1795,696 1340,767"/>
                <Baseline points="1349,820 1370,820 1414,817 1459,817 1504,814 1549,814 1593,808 1638,808 1683,805 1728,802 1773,799 1817,796 1862,794 1907,791 1952,791 1996,785 2041,782 2086,779 2131,776 2176,773 2220,770 2265,767 2310,764 2355,761 2399,758 2444,755 2489,755 2534,749 2579,746 2623,743 2668,737 2713,734 2758,731 2802,728 2847,725 2892,722 2937,719 2982,716 3026,716 3071,713 3116,713"/>
                <TextEquiv>
                    <Unicode>Verstehn Sie mich? Niemand ausser mir.</Unicode>
                </TextEquiv>
            </TextLine>
            <TextLine id="tr_2_tl_4" custom="readingOrder {index:3;}">
                <Coords points="1198,1006 1477,990 1612,1035 1821,961 2098,966 2197,928 2261,954 2299,947 2306,852 1565,919 1425,893 1307,930 1205,893"/>
                <Baseline points="1211,994 1232,991 1277,988 1322,985 1367,982 1411,979 1456,976 1501,973 1546,973 1590,964 1635,961 1680,958 1725,955 1770,952 1814,949 1859,946 1904,943 1949,940 1993,937 2038,934 2083,931 2128,928 2173,922 2217,922 2262,919 2307,916"/>
                <TextEquiv>
                    <Unicode>Marie: Was heisst das?</Unicode>
                </TextEquiv>
            </TextLine>
            <TextLine id="tr_2_tl_5" custom="readingOrder {index:4;}">
                <Coords points="1205,1165 3030,1063 3104,1042 3111,945 2228,966 1210,1099"/>
                <Baseline points="1220,1140 1232,1140 1277,1137 1322,1134 1367,1131 1411,1128 1456,1125 1501,1122 1546,1119 1590,1116 1635,1113 1680,1110 1725,1107 1770,1101 1814,1098 1859,1095 1904,1092 1949,1089 1993,1086 2038,1083 2083,1080 2128,1077 2173,1074 2217,1071 2262,1068 2307,1065 2352,1065 2396,1059 2441,1056 2486,1053 2531,1050 2576,1047 2620,1044 2665,1044 2710,1038 2755,1035 2799,1032 2844,1029 2889,1026 2934,1020 2979,1017 3023,1014 3068,1011 3113,1011"/>
                <TextEquiv>
                    <Unicode>Arzt: Keine Gefahr bedrcht Sie. Niemand</Unicode>
                </TextEquiv>
            </TextLine>
            <TextLine id="tr_2_tl_6" custom="readingOrder {index:5;}">
                <Coords points="1349,1307 2940,1203 3023,1181 3028,1110 2266,1174 1948,1134 1757,1210 1354,1229"/>
                <Baseline points="1364,1280 1373,1280 1417,1277 1462,1274 1507,1271 1552,1268 1596,1268 1641,1262 1686,1259 1731,1259 1776,1256 1820,1253 1865,1250 1910,1244 1955,1241 1999,1238 2044,1235 2089,1232 2134,1226 2179,1223 2223,1220 2268,1220 2313,1214 2358,1214 2402,1208 2447,1205 2492,1202 2537,1199 2582,1196 2626,1193 2671,1188 2716,1185 2761,1182 2805,1179 2850,1176 2895,1173 2940,1170 2984,1167 3029,1167"/>
                <TextEquiv>
                    <Unicode>weiss es. Sie dürfen frei atmen wie</Unicode>
                </TextEquiv>
            </TextLine>
            <TextLine id="tr_2_tl_7" custom="readingOrder {index:6;}">
                <Coords points="1376,1463 1615,1423 2003,1425 2055,1397 2287,1442 2301,1250 2192,1241 1861,1319 1679,1283 1560,1326 1385,1321"/>
                <Baseline points="1388,1438 1402,1438 1447,1429 1492,1423 1537,1420 1582,1417 1626,1414 1671,1411 1716,1408 1761,1405 1805,1399 1850,1399 1895,1396 1940,1393 1985,1391 2029,1385 2074,1382 2119,1379 2164,1376 2208,1376 2253,1376 2298,1382"/>
                <TextEquiv>
                    <Unicode>jeder andre Mensch.</Unicode>
                </TextEquiv>
            </TextLine>
            <TextLine id="tr_2_tl_8" custom="readingOrder {index:7;}">
                <Coords points="1233,1622 1721,1615 1979,1551 2086,1591 2344,1529 2349,1465 2022,1468 1877,1510 1818,1477 1354,1541 1241,1515"/>
                <Baseline points="1250,1596 1274,1596 1319,1590 1364,1590 1408,1588 1453,1585 1498,1579 1543,1576 1588,1576 1632,1570 1677,1567 1722,1564 1767,1561 1811,1561 1856,1558 1901,1555 1946,1549 1990,1546 2035,1543 2080,1537 2125,1534 2170,1531 2214,1531 2259,1528 2304,1525 2349,1528"/>
                <TextEquiv>
                    <Unicode>Marie: Ich?... ich?...</Unicode>
                </TextEquiv>
            </TextLine>
            <TextLine id="tr_2_tl_9" custom="readingOrder {index:8;}">
                <Coords points="1255,1764 2377,1669 2637,1705 2855,1638 3047,1693 3059,1563 2787,1537 1856,1645 1688,1605 1508,1686 1262,1688"/>
                <Baseline points="1268,1758 1313,1755 1358,1749 1402,1746 1447,1740 1492,1740 1537,1734 1582,1731 1626,1725 1671,1722 1716,1716 1761,1713 1805,1707 1850,1704 1895,1704 1940,1698 1985,1695 2029,1692 2074,1686 2119,1683 2164,1680 2208,1677 2253,1674 2298,1671 2343,1668 2387,1662 2432,1659 2477,1656 2522,1653 2567,1650 2611,1644 2656,1641 2701,1638 2746,1632 2790,1629 2835,1626 2880,1623 2925,1617 2970,1614 3014,1611 3059,1608"/>
                <TextEquiv>
                    <Unicode>Arzt: Niemand hat auch nur einen Ver-</Unicode>
                </TextEquiv>
            </TextLine>
        </TextRegion>
        <TextRegion id="tr_1" custom="readingOrder {index:1;}">
            <Coords points="1376,1708 3235,1708 3235,3568 1376,3568"/>
            <TextLine id="tr_1_tl_1" custom="readingOrder {index:0;}">
                <Coords points="1409,1922 3042,1806 3052,1693 2349,1726 1712,1830 1423,1754"/>
                <Baseline points="1423,1898 1441,1898 1486,1892 1531,1886 1576,1883 1620,1880 1665,1877 1710,1874 1755,1871 1799,1868 1844,1862 1889,1859 1934,1853 1979,1850 2023,1847 2068,1844 2113,1838 2158,1835 2202,1832 2247,1826 2292,1823 2337,1820 2382,1817 2426,1811 2471,1808 2516,1805 2561,1802 2605,1799 2650,1796 2695,1790 2740,1785 2784,1782 2829,1779 2874,1776 2919,1773 2964,1767 3008,1761 3053,1758"/>
                <TextEquiv>
                    <Unicode>dacht gegen Sie. Man weiss, wie Si</Unicode>
                </TextEquiv>
            </TextLine>
            <TextLine id="tr_1_tl_2" custom="readingOrder {index:1;}">
                <Coords points="1411,2069 2848,1970 2907,1956 2914,1863 2320,1922 2126,1875 1963,1953 1416,1991"/>
                <Baseline points="1423,2050 1438,2047 1483,2044 1528,2038 1573,2035 1617,2032 1662,2029 1707,2026 1752,2020 1796,2017 1841,2014 1886,2008 1931,2005 1976,2002 2020,1996 2065,1990 2110,1990 2155,1985 2199,1982 2244,1979 2289,1976 2334,1973 2379,1967 2423,1961 2468,1958 2513,1952 2558,1949 2602,1949 2647,1949 2692,1946 2737,1937 2782,1934 2826,1928 2871,1925 2916,1925"/>
                <TextEquiv>
                    <Unicode>Ihren Vater betreut haben,- man</Unicode>
                </TextEquiv>
            </TextLine>
            <TextLine id="tr_1_tl_3" custom="readingOrder {index:2;}">
                <Coords points="1439,2209 3118,2112 3158,1953 1444,2140"/>
                <Baseline points="1453,2196 1495,2190 1540,2190 1585,2187 1629,2185 1674,2182 1719,2179 1764,2170 1808,2167 1853,2161 1898,2155 1943,2152 1988,2149 2032,2146 2077,2140 2122,2140 2167,2134 2211,2131 2256,2122 2301,2119 2346,2116 2390,2110 2435,2107 2480,2104 2525,2098 2570,2095 2614,2095 2659,2089 2704,2086 2749,2080 2793,2077 2838,2074 2883,2068 2928,2065 2973,2059 3017,2056 3062,2059 3107,2056 3152,2056"/>
                <TextEquiv>
                    <Unicode>weiss, dass Sie zeitlebens die aufop-</Unicode>
                </TextEquiv>
            </TextLine>
            <TextLine id="tr_1_tl_4" custom="readingOrder {index:3;}">
                <Coords points="1447,2382 2753,2280 2836,2254 2843,2171 2562,2195 2427,2145 2100,2242 1903,2199 1764,2273 1461,2233"/>
                <Baseline points="1465,2346 1498,2343 1543,2337 1588,2337 1632,2334 1677,2328 1722,2325 1767,2319 1811,2316 1856,2310 1901,2304 1946,2301 1990,2298 2035,2295 2080,2289 2125,2286 2170,2283 2214,2280 2259,2271 2304,2268 2349,2265 2393,2259 2438,2256 2483,2253 2528,2247 2573,2241 2617,2241 2662,2238 2707,2235 2752,2232 2796,2232 2841,2235"/>
                <TextEquiv>
                    <Unicode>ferungsvollste Tochter waren.</Unicode>
                </TextEquiv>
            </TextLine>
            <TextLine id="tr_1_tl_5" custom="readingOrder {index:4;}">
                <Coords points="1364,2526 2827,2424 3092,2391 3097,2330 2893,2280 2649,2353 2510,2304 1880,2415 1605,2358 1376,2396"/>
                <Baseline points="1376,2510 1399,2507 1444,2504 1489,2501 1534,2498 1579,2495 1623,2492 1668,2483 1713,2480 1758,2474 1802,2468 1847,2465 1892,2462 1937,2456 1982,2453 2026,2450 2071,2444 2116,2444 2161,2435 2205,2432 2250,2429 2295,2423 2340,2420 2385,2414 2429,2411 2474,2405 2519,2399 2564,2396 2608,2393 2653,2393 2698,2387 2743,2385 2787,2382 2832,2376 2877,2373 2922,2367 2967,2361 3011,2358 3056,2355 3101,2358"/>
                <TextEquiv>
                    <Unicode>Marie: Aber es ist doch - - ich hab</Unicode>
                </TextEquiv>
            </TextLine>
            <TextLine id="tr_1_tl_6" custom="readingOrder {index:5;}">
                <Coords points="1475,2694 3026,2552 3068,2443 2183,2531 2043,2495 1785,2576 1492,2528"/>
                <Baseline points="1492,2656 1498,2656 1543,2650 1588,2644 1632,2641 1677,2635 1722,2632 1767,2623 1811,2620 1856,2617 1901,2614 1946,2608 1990,2599 2035,2599 2080,2593 2125,2587 2170,2584 2214,2582 2259,2579 2304,2573 2349,2570 2393,2567 2438,2561 2483,2555 2528,2546 2573,2540 2617,2540 2662,2537 2707,2534 2752,2531 2796,2525 2841,2522 2886,2519 2931,2513 2976,2507 3020,2504 3065,2504"/>
                <TextEquiv>
                    <Unicode>ihn doch - - das Gift - - auf dem</Unicode>
                </TextEquiv>
            </TextLine>
            <TextLine id="tr_1_tl_7" custom="readingOrder {index:6;}">
                <Coords points="1487,2841 2495,2723 2995,2739 3007,2630 2512,2630 2311,2687 2126,2644 2003,2713 1832,2661 1501,2694"/>
                <Baseline points="1504,2802 1534,2799 1579,2793 1623,2790 1668,2787 1713,2782 1758,2779 1802,2776 1847,2770 1892,2767 1937,2761 1982,2755 2026,2752 2071,2746 2116,2749 2161,2740 2205,2734 2250,2731 2295,2728 2340,2725 2385,2719 2429,2713 2474,2707 2519,2704 2564,2698 2608,2695 2653,2692 2698,2689 2743,2683 2787,2680 2832,2674 2877,2668 2922,2662 2967,2653 3011,2641"/>
                <TextEquiv>
                    <Unicode>Fussboden - - Wie ist es denn -</Unicode>
                </TextEquiv>
            </TextLine>
            <TextLine id="tr_1_tl_8" custom="readingOrder {index:7;}">
                <Coords points="1503,2983 3227,2848 3241,2711 1667,2898 1515,2865"/>
                <Baseline points="1519,2949 1534,2949 1579,2946 1623,2943 1668,2940 1713,2937 1758,2934 1802,2928 1847,2922 1892,2922 1937,2916 1982,2910 2026,2907 2071,2904 2116,2898 2161,2895 2205,2892 2250,2889 2295,2883 2340,2877 2385,2871 2429,2868 2474,2862 2519,2856 2564,2853 2608,2850 2653,2847 2698,2841 2743,2838 2787,2835 2832,2829 2877,2826 2922,2817 2967,2811 3011,2805 3056,2802 3101,2796 3146,2790 3190,2784 3235,2787"/>
                <TextEquiv>
                    <Unicode>Warum sagen Sie mir das?... Sie wol-</Unicode>
                </TextEquiv>
            </TextLine>
            <TextLine id="tr_1_tl_9" custom="readingOrder {index:8;}">
                <Coords points="1525,3116 2001,3111 2855,2985 3068,3009 3165,2985 3177,2867 2903,2919 2346,2903 2034,3009 1679,3042 1534,3009"/>
                <Baseline points="1537,3104 1564,3101 1608,3098 1653,3095 1698,3092 1743,3089 1788,3083 1832,3077 1877,3074 1922,3071 1967,3065 2011,3062 2056,3056 2101,3050 2146,3047 2190,3041 2235,3038 2280,3032 2325,3026 2370,3023 2414,3017 2459,3014 2504,3008 2549,3005 2593,2999 2638,2996 2683,2996 2728,2993 2773,2987 2817,2984 2862,2979 2907,2973 2952,2967 2996,2961 3041,2955 3086,2952 3131,2946 3176,2949"/>
                <TextEquiv>
                    <Unicode>len mich ihnen ausliefern!... Nein!</Unicode>
                </TextEquiv>
            </TextLine>
            <TextLine id="tr_1_tl_10" custom="readingOrder {index:9;}">
                <Coords points="1529,3267 2022,3274 2441,3168 2917,3189 3172,3127 3184,3026 2803,3085 2583,3049 1731,3194 1541,3135"/>
                <Baseline points="1543,3259 1573,3256 1617,3253 1662,3250 1707,3244 1752,3238 1796,3235 1841,3235 1886,3232 1931,3223 1976,3220 2020,3211 2065,3208 2110,3202 2155,3196 2199,3193 2244,3190 2289,3184 2334,3179 2379,3176 2423,3170 2468,3161 2513,3158 2558,3155 2602,3152 2647,3146 2692,3143 2737,3137 2782,3134 2826,3128 2871,3125 2916,3119 2961,3116 3005,3110 3050,3104 3095,3101 3140,3095 3184,3092"/>
                <TextEquiv>
                    <Unicode>nein!... ich mach' es schon selbst!</Unicode>
                </TextEquiv>
            </TextLine>
            <TextLine id="tr_1_tl_11" custom="readingOrder {index:10;}">
                <Coords points="1397,3471 2815,3293 3066,3322 3123,3198 2223,3305 2098,3243 1411,3324"/>
                <Baseline points="1414,3423 1420,3423 1465,3423 1510,3420 1555,3414 1599,3411 1644,3408 1689,3405 1734,3396 1779,3390 1823,3384 1868,3381 1913,3376 1958,3373 2002,3370 2047,3364 2092,3358 2137,3352 2182,3349 2226,3346 2271,3340 2316,3337 2361,3331 2405,3328 2450,3325 2495,3319 2540,3316 2584,3307 2629,3304 2674,3301 2719,3298 2764,3295 2808,3289 2853,3283 2898,3277 2943,3271 2987,3265 3032,3259 3077,3256 3122,3253"/>
                <TextEquiv>
                    <Unicode>Arzt: Fassen Sie sich doch. Ich war</Unicode>
                </TextEquiv>
            </TextLine>
            <TextLine id="tr_1_tl_12" custom="readingOrder {index:11;}">
                <Coords points="1579,3608 3165,3454 3177,3345 2822,3293 1958,3435 1598,3428"/>
                <Baseline points="1596,3558 1608,3558 1653,3555 1698,3555 1743,3549 1788,3543 1832,3540 1877,3534 1922,3531 1967,3528 2011,3519 2056,3516 2101,3513 2146,3504 2190,3501 2235,3495 2280,3495 2325,3495 2370,3489 2414,3486 2459,3477 2504,3474 2549,3468 2593,3462 2638,3456 2683,3450 2728,3444 2773,3441 2817,3435 2862,3432 2907,3429 2952,3423 2996,3417 3041,3414 3086,3408 3131,3405 3176,3405"/>
                <TextEquiv>
                    <Unicode>des Morgens dort, ich habe ihn mit</Unicode>
                </TextEquiv>
            </TextLine>
        </TextRegion>
    </Page>
</PcGts>
