3448 3960
2437 563 2620 728 192
1378 789 2848 970 jene Nacht war, die Sie für den
1359 895 2876 1054 Inhalt Ihres Daseins halten. Und
1366 1113 2840 1270 wer weiss, ob nicht ein Tag wie
1378 1211 2894 1378 der heutige in seiner Sonnenklar-
1374 1376 2899 1543 heit Ihnen später einmal als ein
1395 1541 2876 1673 viel reicherer und schönerer er-
1389 1682 2911 1863 scheint als jener andere, an dem
1384 1828 2817 1979 Sie Dinge erlebt haben, die so
1389 1993 2777 2167 furchtbare und glühende Namen
1397 2160 2809 2309 tragen wie Mord und Liebe. Und
1399 2277 2940 2441 wieder andere Tage werden kommen,
1405 2441 2943 2616 und was sie Ihnen bringen werden,
1405 2583 2926 2750 das vermögen Sie nicht einmal zu
1416 2752 2903 2905 ahnen. Menschen werden Ihnen be-
1420 2897 2888 3064 gegnen, Schicksale sich mit dem
1422 3030 2941 3215 Ihren verflechten, und mit einem
1460 3192 2972 3367 Mal wird der Augenblick da sein,
1430 3342 2901 3526 für den Sie bereit sein müssen,
1439 3507 2907 3685 die Verantwortung zu tragen für
1441 3631 2574 3798 das was Sie getan.
