3448 3960
2532 505 2708 683 191
1285 776 1733 925 und Ruhe.
1099 880 2753 1089 Der Arzt: Heute - vielleicht. Aber
1352 1072 2234 1230 Sie sind noch jung.
1107 1205 2294 1381 Marie: Ich bin sehr alt.
1107 1325 2490 1538 Der Arzt: Sie sind nur müde.
1114 1497 2776 1693 Marie: Mein Schicksal ist erfüllt.
1362 1644 2852 1830 Wenn Sie es völlig kennten, wür-
1368 1817 2416 1987 den Sie das verstehen.
1132 1948 2691 2145 Der Arzt: Sie leben weiter. Jene
1358 2122 2817 2302 Nacht, die nun drei Monate hin-
1377 2269 2720 2451 ter Ihnen liegt - und hätten
1391 2397 2859 2585 Sie tausendfach Schlimmeres und
1428 2530 2855 2757 Schöneres durchlebt, als Ihnen
1401 2734 2815 2902 beschieden war - ist Ihres Da-
1410 2865 2869 3066 seins nur ein kleiner Teil. Das
1447 2999 2950 3213 Uebersfeldspazi er engehn, das Un-
1414 3138 2759 3355 terdenbuchenliegen, dass Sie
1428 3329 2964 3523 Blumen Pfliicken, dass Sie mit mir
1430 3469 2960 3689 reden, ist Leben, geradeso vie
