3416 3992
1447 693 2937 896 die Worte ihren wahren Sinn ver¬
1470 810 2933 1023 lieren, wenn die Stimmen vieler
1476 984 2898 1197 frander Menschen um uns tönen?
1472 1146 2942 1326 Und wollen Sie nun heute selbst
1490 1291 3028 1496 eine solche Stimme bedeuten? Wol-
1472 1429 3042 1626 len Sie, dass ich zu den Menschen
1484 1593 2952 1806 gehe und mich vom Widerhall der
1501 1747 2974 1962 Worte verwirren lasse? Soll ich
1511 1925 2970 2128 eine Strafe auf mich nehmen für
1505 2062 2743 2259 etwas, das mir nicht Sünde
1500 2243 3052 2413 scheint? Soll ich, was ich getan,
1511 2380 3060 2548 der Velt erzählen, die mich nicht
1525 2536 3001 2704 kümmert? Soll ich bereuen, ohne
1513 2694 3062 2894 mich schuldig zu fühlen? Kein Be-
1498 2825 3038 3048 denken hielt mich ab zu tun, was
1541 2991 2872 3173 ich getan. Keine Ueberlegung
1539 3153 3104 3341 treibt mich, vor irgendwen Rechen-
1550 3284 3026 3513 schaft abzulegen. Ich allein tra¬
