3448 3992
2711 385 2910 562 193
1429 603 2969 839 reden miissen, und der Sie fühlen
1440 791 2969 1000 lässt, dass Sie wieder aufgehört
1436 923 2978 1128 haben allein zu sein, derhat ein
1456 1088 2969 1291 Anrecht zu wissen, ver Sie sind.
1229 1255 2925 1451 MARIB: Und glauben Sie, es war not-
1458 1427 2848 1608 wendig, mich daran zu mahnen?
1467 1548 2916 1742 Glauben Sie, ich wäre die Frau,
1480 1714 2907 1890 irgend einem Menschen, der mir
1498 1859 2958 2051 etwas bedeutet, verschweigen zu
1489 2020 3002 2216 wollen - zu können, wer ich bin?
1271 2174 2815 2374 DER ARZT: Mit Wissen und Willen
1493 2308 2949 2542 nicht. Aber etwas Anderes wäre
1515 2482 3033 2672 möglich: dass Sie sich selbst zu
1507 2621 3125 2854 gestehen scheuten, wenn Ihnen
1529 2771 3000 2989 jemand wieder etwas zu bedeuten
1526 3000 1932 3130 anfinge.
1288 3066 2689 3313 MARIE: Warum sollt' ich das?
1306 3262 3081 3478 DER ARZT: Um weiter schweigen zu dür¬
