<?xml version="1.0" encoding="UTF-8" standalone="yes"?>
<PcGts xmlns="http://schema.primaresearch.org/PAGE/gts/pagecontent/2013-07-15" xmlns:xsi="http://www.w3.org/2001/XMLSchema-instance" xsi:schemaLocation="http://schema.primaresearch.org/PAGE/gts/pagecontent/2013-07-15 http://schema.primaresearch.org/PAGE/gts/pagecontent/2013-07-15/pagecontent.xsd">
    <Metadata>
        <Creator>prov=READ-COOP:name=TrHtr:version=2.1.0:model_id=51170:date=29_07_2023_10:58</Creator>
        <Created>2023-05-10T12:30:21.493+02:00</Created>
        <LastChange>2023-07-29T10:58:24.886+02:00</LastChange>
        <TranskribusMetadata docId="1428203" pageId="55404064" pageNr="153" tsid="131408376" status="IN_PROGRESS" userId="64420" imgUrl="https://files.transkribus.eu/Get?id=QNDEQTTQBLSJBDRLCDAIHEPE&amp;fileType=view" xmlUrl="https://files.transkribus.eu/Get?id=VCYWSVSKWANMUEMDTRGYETWJ" imageId="44678832"/>
    </Metadata>
    <Page imageFilename="1428203_0153.jpg" imageWidth="3544" imageHeight="4040">
        <ReadingOrder>
            <OrderedGroup id="ro_1711796066760" caption="Regions reading order">
                <RegionRefIndexed index="0" regionRef="tr_1"/>
            </OrderedGroup>
        </ReadingOrder>
        <TextRegion id="tr_1" custom="readingOrder {index:0;}">
            <Coords points="1491,501 3264,501 3264,3677 1491,3677"/>
            <TextLine id="tr_1_tl_1" custom="readingOrder {index:0;}">
                <Coords points="2706,587 2732,583 2751,600 2768,589 2827,594 2864,572 2881,579 2885,400 2864,404 2851,396 2766,406 2730,430 2710,432"/>
                <Baseline points="2718,557 2751,554 2795,551 2840,551 2885,551"/>
                <TextEquiv>
                    <Unicode>188</Unicode>
                </TextEquiv>
            </TextLine>
            <TextLine id="tr_1_tl_2" custom="readingOrder {index:1;}">
                <Coords points="1476,913 2889,813 3010,772 3017,674 2634,653 2140,736 1964,696 1487,779"/>
                <Baseline points="1491,877 1536,874 1581,871 1626,868 1670,865 1715,862 1760,856 1805,850 1849,850 1894,847 1939,841 1984,841 2028,838 2073,835 2118,832 2163,829 2207,826 2252,823 2297,820 2342,817 2387,811 2431,808 2476,805 2521,802 2566,799 2610,796 2655,793 2700,790 2745,787 2789,781 2834,778 2879,772 2924,769 2968,760 3013,757"/>
                <TextEquiv>
                    <Unicode>oder säss' im Gefängnis und hiel-</Unicode>
                </TextEquiv>
            </TextLine>
            <TextLine id="tr_1_tl_3" custom="readingOrder {index:2;}">
                <Coords points="1476,1066 2919,970 2955,825 2821,798 2138,900 2030,862 1711,934 1487,923"/>
                <Baseline points="1491,1035 1521,1032 1566,1029 1611,1026 1655,1023 1700,1017 1745,1014 1790,1011 1835,1008 1879,1002 1924,999 1969,996 2014,993 2058,987 2103,984 2148,981 2193,978 2237,972 2282,969 2327,966 2372,963 2416,957 2461,954 2506,954 2551,951 2595,945 2640,945 2685,942 2730,939 2774,930 2819,927 2864,924 2909,916 2953,913"/>
                <TextEquiv>
                    <Unicode>te mich selbst für eine Verbre-</Unicode>
                </TextEquiv>
            </TextLine>
            <TextLine id="tr_1_tl_4" custom="readingOrder {index:3;}">
                <Coords points="1489,1200 2615,1130 2819,1096 2827,989 2679,957 2436,1023 1864,1036 1664,1087 1500,1055"/>
                <Baseline points="1503,1184 1524,1184 1569,1181 1614,1178 1658,1178 1703,1172 1748,1169 1793,1166 1837,1163 1882,1157 1927,1154 1972,1151 2017,1145 2061,1139 2106,1136 2151,1133 2196,1127 2240,1127 2285,1121 2330,1118 2375,1118 2419,1112 2464,1109 2509,1106 2554,1101 2598,1098 2643,1098 2688,1095 2733,1089 2777,1086 2822,1080"/>
                <TextEquiv>
                    <Unicode>cherin. Hab' ich Sie's nicht</Unicode>
                </TextEquiv>
            </TextLine>
            <TextLine id="tr_1_tl_5" custom="readingOrder {index:4;}">
                <Coords points="1502,1342 2234,1340 2374,1281 2915,1251 2972,1236 2978,1145 2883,1174 2689,1102 2132,1202 1513,1219"/>
                <Baseline points="1515,1339 1545,1339 1590,1333 1635,1330 1679,1327 1724,1321 1769,1321 1814,1315 1858,1309 1903,1309 1948,1306 1993,1300 2037,1294 2082,1291 2127,1285 2172,1283 2216,1280 2261,1277 2306,1274 2351,1271 2395,1268 2440,1265 2485,1259 2530,1256 2574,1250 2619,1247 2664,1244 2709,1244 2754,1238 2798,1235 2843,1229 2888,1226 2933,1220 2977,1220"/>
                <TextEquiv>
                    <Unicode>selbst einmal sagen hören, dass</Unicode>
                </TextEquiv>
            </TextLine>
            <TextLine id="tr_1_tl_6" custom="readingOrder {index:5;}">
                <Coords points="1511,1513 2266,1428 2579,1445 2783,1385 2983,1413 2991,1325 2653,1259 2019,1366 1772,1340 1674,1402 1523,1364"/>
                <Baseline points="1524,1491 1560,1491 1605,1488 1650,1485 1694,1482 1739,1479 1784,1473 1829,1465 1873,1465 1918,1459 1963,1453 2008,1450 2052,1447 2097,1441 2142,1438 2187,1435 2231,1432 2276,1429 2321,1426 2366,1423 2410,1417 2455,1414 2500,1408 2545,1405 2589,1399 2634,1396 2679,1390 2724,1387 2768,1384 2813,1384 2858,1381 2903,1378 2947,1378 2992,1375"/>
                <TextEquiv>
                    <Unicode>die Worte ihren Sinn verlieren,</Unicode>
                </TextEquiv>
            </TextLine>
            <TextLine id="tr_1_tl_7" custom="readingOrder {index:6;}">
                <Coords points="1517,1698 1919,1621 2953,1559 3032,1532 3047,1387 2670,1406 2425,1489 2255,1464 1893,1530 1762,1489 1532,1547"/>
                <Baseline points="1536,1641 1563,1641 1608,1641 1652,1638 1697,1635 1742,1629 1787,1626 1832,1623 1876,1620 1921,1617 1966,1611 2011,1605 2055,1605 2100,1599 2145,1593 2190,1587 2234,1584 2279,1581 2324,1575 2369,1572 2413,1569 2458,1566 2503,1560 2548,1557 2592,1551 2637,1545 2682,1545 2727,1539 2771,1533 2816,1530 2861,1524 2906,1521 2950,1518 2995,1512 3040,1509"/>
                <TextEquiv>
                    <Unicode>wenn sie mit den Stimmen fremder</Unicode>
                </TextEquiv>
            </TextLine>
            <TextLine id="tr_1_tl_8" custom="readingOrder {index:7;}">
                <Coords points="1534,1817 3027,1698 3076,1687 3085,1591 2710,1651 2106,1628 1545,1696"/>
                <Baseline points="1548,1799 1563,1796 1608,1793 1652,1790 1697,1787 1742,1784 1787,1781 1832,1775 1876,1772 1921,1766 1966,1763 2011,1757 2055,1754 2100,1751 2145,1745 2190,1742 2234,1739 2279,1736 2324,1733 2369,1727 2413,1724 2458,1721 2503,1715 2548,1715 2592,1709 2637,1706 2682,1700 2727,1697 2771,1691 2816,1685 2861,1682 2906,1679 2950,1670 2995,1667 3040,1661 3085,1652"/>
                <TextEquiv>
                    <Unicode>Menschen um uns tönen, die nichts</Unicode>
                </TextEquiv>
            </TextLine>
            <TextLine id="tr_1_tl_9" custom="readingOrder {index:8;}">
                <Coords points="1562,1981 2079,1970 2493,1874 2593,1917 2910,1838 3091,1896 3132,1745 2936,1781 2770,1715 1711,1855 1576,1825"/>
                <Baseline points="1578,1945 1611,1945 1655,1942 1700,1942 1745,1939 1790,1933 1835,1927 1879,1924 1924,1918 1969,1912 2014,1909 2058,1906 2103,1900 2148,1897 2193,1891 2237,1888 2282,1882 2327,1879 2372,1873 2416,1870 2461,1867 2506,1861 2551,1858 2595,1855 2640,1852 2685,1849 2730,1843 2774,1840 2819,1835 2864,1832 2909,1826 2953,1820 2998,1814 3043,1808 3088,1799 3132,1796"/>
                <TextEquiv>
                    <Unicode>von unserer Seele wissen? Und wol</Unicode>
                </TextEquiv>
            </TextLine>
            <TextLine id="tr_1_tl_10" custom="readingOrder {index:9;}">
                <Coords points="1606,2096 1766,2140 2281,2040 2562,2047 2708,1996 2802,2030 2996,1987 3004,1893 2847,1879 2674,1949 1996,2015 1619,1976"/>
                <Baseline points="1620,2094 1658,2094 1703,2094 1748,2091 1793,2088 1837,2082 1882,2076 1927,2073 1972,2070 2017,2064 2061,2061 2106,2055 2151,2052 2196,2046 2240,2043 2285,2037 2330,2031 2375,2025 2419,2020 2464,2017 2509,2011 2554,2008 2598,2002 2643,2002 2688,1996 2733,1993 2777,1990 2822,1984 2867,1978 2912,1975 2956,1969 3001,1969"/>
                <TextEquiv>
                    <Unicode>len Sie, Sie selbst mir heute</Unicode>
                </TextEquiv>
            </TextLine>
            <TextLine id="tr_1_tl_11" custom="readingOrder {index:10;}">
                <Coords points="1598,2283 2106,2219 2151,2259 2298,2198 2744,2183 2874,2134 3096,2149 3110,2006 2879,1987 1608,2174"/>
                <Baseline points="1614,2258 1629,2258 1673,2252 1718,2249 1763,2243 1808,2237 1852,2231 1897,2228 1942,2222 1987,2219 2031,2216 2076,2210 2121,2207 2166,2204 2210,2199 2255,2193 2300,2187 2345,2181 2389,2175 2434,2169 2479,2166 2524,2163 2569,2160 2613,2154 2658,2151 2703,2145 2748,2142 2792,2139 2837,2133 2882,2130 2927,2127 2971,2124 3016,2118 3061,2112 3106,2109"/>
                <TextEquiv>
                    <Unicode>eine solche Stimme bedeuten? Ich</Unicode>
                </TextEquiv>
            </TextLine>
            <TextLine id="tr_1_tl_12" custom="readingOrder {index:11;}">
                <Coords points="1604,2457 2281,2347 2925,2317 3136,2279 3144,2213 2849,2236 2687,2183 1619,2319"/>
                <Baseline points="1620,2419 1623,2419 1667,2413 1712,2407 1757,2401 1802,2398 1846,2392 1891,2387 1936,2384 1981,2381 2025,2375 2070,2372 2115,2369 2160,2360 2204,2354 2249,2348 2294,2345 2339,2339 2384,2333 2428,2330 2473,2324 2518,2321 2563,2312 2607,2309 2652,2303 2697,2300 2742,2294 2786,2288 2831,2285 2876,2282 2921,2276 2965,2273 3010,2267 3055,2261 3100,2255 3144,2258"/>
                <TextEquiv>
                    <Unicode>bin ruhig. Ich bin ohne Sehnsucht</Unicode>
                </TextEquiv>
            </TextLine>
            <TextLine id="tr_1_tl_13" custom="readingOrder {index:12;}">
                <Coords points="1617,2581 2100,2523 2242,2555 2689,2455 3002,2462 3044,2345 2879,2308 1630,2457"/>
                <Baseline points="1629,2574 1655,2569 1700,2566 1745,2560 1790,2554 1835,2548 1879,2545 1924,2539 1969,2533 2014,2527 2058,2524 2103,2518 2148,2515 2193,2509 2237,2506 2282,2503 2327,2497 2372,2494 2416,2488 2461,2479 2506,2476 2551,2467 2595,2464 2640,2458 2685,2455 2730,2449 2774,2446 2819,2440 2864,2437 2909,2431 2953,2425 2998,2419 3043,2416"/>
                <TextEquiv>
                    <Unicode>und ohne Reue. Ich bin beinahe</Unicode>
                </TextEquiv>
            </TextLine>
            <TextLine id="tr_1_tl_14" custom="readingOrder {index:13;}">
                <Coords points="1628,2776 2159,2668 2423,2685 2593,2623 2659,2653 2881,2591 3091,2600 3104,2496 2864,2538 2727,2476 2572,2485 1645,2634"/>
                <Baseline points="1644,2736 1667,2733 1712,2724 1757,2715 1802,2712 1846,2703 1891,2700 1936,2694 1981,2688 2025,2682 2070,2676 2115,2673 2160,2664 2204,2664 2249,2658 2294,2652 2339,2646 2384,2643 2428,2637 2473,2631 2518,2625 2563,2622 2607,2616 2652,2610 2697,2607 2742,2601 2786,2595 2831,2589 2876,2583 2921,2580 2965,2571 3010,2569 3055,2563 3100,2563"/>
                <TextEquiv>
                    <Unicode>glücklich. Vor einer Stunde war</Unicode>
                </TextEquiv>
            </TextLine>
            <TextLine id="tr_1_tl_15" custom="readingOrder {index:14;}">
                <Coords points="1642,2915 2983,2768 3181,2730 3187,2662 2947,2676 2806,2615 2630,2662 2589,2625 2304,2713 2253,2683 1659,2772"/>
                <Baseline points="1658,2879 1667,2882 1712,2876 1757,2870 1802,2867 1846,2861 1891,2855 1936,2852 1981,2846 2025,2840 2070,2834 2115,2828 2160,2825 2204,2822 2249,2816 2294,2810 2339,2804 2384,2801 2428,2792 2473,2786 2518,2783 2563,2777 2607,2771 2652,2765 2697,2759 2742,2754 2786,2748 2831,2742 2876,2736 2921,2730 2965,2727 3010,2724 3055,2718 3100,2715 3144,2712 3189,2706"/>
                <TextEquiv>
                    <Unicode>ich's gewiss... vor einer Stunde,</Unicode>
                </TextEquiv>
            </TextLine>
            <TextLine id="tr_1_tl_16" custom="readingOrder {index:15;}">
                <Coords points="1664,3059 3200,2876 3217,2738 1681,2921"/>
                <Baseline points="1679,3031 1685,3031 1730,3025 1775,3022 1820,3019 1864,3013 1909,3007 1954,3001 1999,2995 2043,2992 2088,2983 2133,2977 2178,2971 2222,2965 2267,2962 2312,2956 2357,2950 2401,2944 2446,2938 2491,2933 2536,2927 2580,2924 2625,2918 2670,2915 2715,2906 2759,2903 2804,2897 2849,2894 2894,2888 2938,2882 2983,2876 3028,2870 3073,2864 3118,2858 3162,2855 3207,2852"/>
                <TextEquiv>
                    <Unicode>als ich draussen auf meiner Wiese</Unicode>
                </TextEquiv>
            </TextLine>
            <TextLine id="tr_1_tl_17" custom="readingOrder {index:16;}">
                <Coords points="1674,3219 3189,3038 3210,2874 2391,3008 1693,3057"/>
                <Baseline points="1691,3177 1721,3177 1766,3174 1811,3174 1855,3168 1900,3165 1945,3156 1990,3150 2034,3144 2079,3138 2124,3132 2169,3126 2213,3123 2258,3118 2303,3112 2348,3109 2392,3103 2437,3097 2482,3091 2527,3085 2571,3082 2616,3076 2661,3070 2706,3064 2751,3064 2795,3058 2840,3052 2885,3043 2930,3037 2974,3028 3019,3025 3064,3019 3109,3010 3153,3004 3201,2997"/>
                <TextEquiv>
                    <Unicode>lag unter den Buchen, den Duft</Unicode>
                </TextEquiv>
            </TextLine>
            <TextLine id="tr_1_tl_18" custom="readingOrder {index:17;}">
                <Coords points="1706,3349 1885,3364 2017,3298 2996,3191 3183,3272 3213,3030 2432,3100 1719,3236"/>
                <Baseline points="1721,3338 1766,3332 1811,3326 1855,3320 1900,3317 1945,3311 1990,3305 2034,3297 2079,3294 2124,3288 2169,3282 2213,3276 2258,3273 2303,3267 2348,3261 2392,3255 2437,3249 2482,3246 2527,3240 2571,3234 2616,3228 2661,3222 2706,3219 2751,3213 2795,3207 2840,3201 2885,3198 2930,3192 2974,3183 3019,3177 3064,3171 3109,3162 3153,3159 3198,3159"/>
                <TextEquiv>
                    <Unicode>Wälder atmete und durch die Zwei</Unicode>
                </TextEquiv>
            </TextLine>
            <TextLine id="tr_1_tl_19" custom="readingOrder {index:18;}">
                <Coords points="1715,3530 2032,3455 2357,3455 2619,3381 2915,3370 2936,3213 2249,3293 2042,3374 1738,3361"/>
                <Baseline points="1730,3496 1760,3496 1805,3490 1849,3482 1894,3473 1939,3467 1984,3461 2028,3455 2073,3446 2118,3443 2163,3434 2207,3431 2252,3425 2297,3419 2342,3413 2387,3410 2431,3404 2476,3395 2521,3389 2566,3386 2610,3380 2655,3371 2700,3365 2745,3359 2789,3353 2834,3347 2879,3347 2924,3344"/>
                <TextEquiv>
                    <Unicode>ge den blauen Himmel sah.</Unicode>
                </TextEquiv>
            </TextLine>
            <TextLine id="tr_1_tl_20" custom="readingOrder {index:19;}">
                <Coords points="1549,3685 1642,3715 2057,3604 2202,3657 2491,3555 2808,3557 3068,3483 3242,3566 3272,3349 2591,3385 1836,3585 1574,3500"/>
                <Baseline points="1563,3664 1608,3667 1652,3664 1697,3658 1742,3652 1787,3649 1832,3640 1876,3634 1921,3628 1966,3625 2011,3616 2055,3604 2100,3601 2145,3595 2190,3589 2234,3583 2279,3577 2324,3571 2369,3565 2413,3559 2458,3556 2503,3550 2548,3547 2592,3541 2637,3535 2682,3529 2727,3520 2771,3514 2816,3508 2861,3502 2906,3496 2950,3490 2995,3485 3040,3479 3085,3470 3129,3464 3174,3458 3219,3455 3264,3446"/>
                <TextEquiv>
                    <Unicode>Der Arzt: Sie werden nicht Ihr Lebe-</Unicode>
                </TextEquiv>
            </TextLine>
        </TextRegion>
    </Page>
</PcGts>
