3448 3976
1249 704 2966 921 DER ADJUNKT: Guten Tag... Guten Pag.
1462 851 2842 1095 lieber Freund.- Guten Morgen,
1473 1068 1794 1199 Marte.
1244 1140 2622 1351 MARIS: Seien Sie willkommen.
1253 1292 2919 1493 DER ABZT: Konmen Sie schon zum Auf-
1498 1477 2138 1661 bruch mahnen?
1276 1586 3034 1853 DER ADJUNET: Wenn wir noch vor Abend
1523 1756 2941 1962 in Haebach sein wollen, müssen
1722 1919 1867 2005 uns
1511 1891 3088 2122 wir xxM bald auf die Reise machen.
1561 2041 3054 2285 ... Ist Ihre Tante noch nicht da-
1525 2235 3120 2439 heim, Marie? - Ich wollte Abschied
1541 2351 2946 2584 nehmen... von Ihnen... beiden.
1315 2516 3136 2729 MARIE: Sie ist in der Kirche. Der Got-
1570 2654 3111 2889 tesdienst russ bald zu Ende sein.
1563 2835 3127 3029 Wollen Sie nicht solang Platz neh-
1563 3016 2437 3197 men, Herr Adjunkt?
1376 3115 3140 3364 DER ADJUNKT: :setzt sich: von Ihrer
1593 3267 3118 3520 Base Katharina haben Sie noch in-
