3464 3976
1503 601 3124 847 geständen... dürften Sie sich dann
1503 816 2437 973 noch einsan nennen?
1275 931 2954 1155 MARIE: Vielleicht nicht... aber in
1517 1102 3080 1317 solch einem Falle darf ich.. wol
1486 1286 2302 1439 weiter schweigen.
1293 1419 2969 1601 DER ARZT: Glauben Siet... Wenn nun
1517 1539 3031 1772 aber das ganze Leben dieses Men-
1543 1701 3100 1907 schen, das er nun freilich an das
1532 1865 3082 2073 Ihre nicht knüpfen darf.. in sei-
1543 2025 3029 2233 nem ganzen weiteren Verlauf von
1546 2180 3051 2344 seinem Gefühl für Sie abhängt...
1557 2302 2936 2546 wenn Sie wiissten, dass dieser
1557 2461 3091 2685 Mensch völlig anders le ben wurde,
1561 2643 3098 2830 wenn er wiisste, wer Sie sind -
1566 2765 3160 2998 ren Sie auch dann nicht verpflich-
1577 2925 3136 3140 tet, ihm die Wahrheit über sich an
1594 3124 1887 3295 sagen?
1346 3191 3136 3459 MARIS: Ich habe Sie verstanden. Aber
