3496 4040
2739 326 2947 536 1.96
1199 558 2918 873 MARIN: Geht er denn schon heute von
1437 829 1936 1004 hier fort!
1229 923 2964 1186 DER ARET: Ja, so ist unsere Absicht.
1444 1129 2977 1306 Heut Vormittag sollt' ich ihn ab-
1461 1286 2907 1461 holen. Hat er Ihnen denn nicht
1474 1444 2251 1617 Lebewohl gesagt?
1253 1597 1897 1794 MARIB: Nein.
1282 1689 2848 1949 DER ARET: So wird er wol noch im
1518 1851 3082 2069 Lauf des Vormittags hierherkommen
1512 2017 2936 2225 und ich verwarte ihn vielleicht
1514 2192 2253 2398 besser hier ab.
1295 2310 2916 2579 MARIE: Ver weiss, ob er kommt; er
1547 2500 2879 2695 lässt sich nicht sehen. Seit
1549 2612 3023 2846 ich hier bin, habe ich ihn kein
1564 2837 2702 2997 einziges Mal gesprochen.
1330 2990 2708 3170 DER ARZT: Kein einziges Mal?
1337 3115 2942 3340 MARIN: Vissen Sie denn das nicht?
1354 3246 3117 3502 DER ARET: Er hat mir selten geschrie-
1597 3445 3150 3651 ben, und von Ihnen kann ein Vort.
