3432 3960
2658 400 2842 559 190
1407 667 2894 807 sein wird, das können Sie heute
1454 803 2939 959 noch nicht wissen; aber wenn er
1470 990 2955 1123 einmal vor Sie hintritt, werden
1466 1162 2156 1288 Sie es fühlen.
1610 1255 3027 1411 Mussten Sie daran mich mahnen?
1236 1335 1553 1505 Marie:
1245 1456 2900 1647 D.A: Vielleicht schwiegen Sie unbe-
1505 1583 2896 1750 wusst, um gerade den nicht zu
1514 1740 2976 1896 verlieren, der ein Anrecht hat,
1514 1869 3044 2052 zu wissen, wer Sie sind; verzieh-
1524 2048 2972 2179 teten auf ein ganzes Glück, um
1524 2185 3068 2343 sich einen Schein davon zu bewah-
1538 2323 3031 2495 ren; bildeten sich ein, es wäre
1553 2436 3103 2655 Ihnen die Kraft verliehen, allein
1561 2621 2920 2810 zu bleiben, und es wäre doch
1565 2793 3120 2957 nichts als die Furcht, es zu wer-
1569 3007 1809 3177 den.
1711 3091 3089 3245 Angst davor, allein zu sein -
1353 3165 1668 3329 Marie:
1604 3181 2998 3409 ich...? Es verlangt mich nach
1606 3333 3167 3567 nichts Anderm als nach Einsamkeit
