3528 4024
2018 651 2445 871 ene.
1491 686 1994 897 6. 8 2
1544 917 2460 1176 DRR ADJUKT. MARIN.
1271 1102 3043 1332 MARIE: Mein Vater starb nicht an sei-
1524 1231 3109 1504 ner Krankheit... Er starb an Gift,
1535 1409 2960 1645 und ich hab' es ihm gegeben...
1561 1563 3133 1792 Wenn Sie daran zweifeln - da draus
1618 1715 3142 1935 sen am Waldesrand geht Einer, der
1566 1860 3080 2102 Ihnen sagen wird, dass ich nicht
1581 2036 3052 2267 lüge. Und von meinem ermordeten
1590 2166 3131 2377 Vater bin ich in der selben Minn-
1620 2278 3138 2544 te zu dem Manne geeilt, nach dem
1618 2471 3127 2696 ich mich sehnte. Sie wissen, wer
1653 2623 3111 2850 es war... Ich hab' mich in sein
1640 2779 3197 3017 Zimmer geschlichen, eh er da war.
1662 2953 3122 3168 Er kam nicht allein. Er kam mit
1656 3096 3129 3325 der Frau des Obersts. Sie ahnte
1686 3234 3215 3489 beide nicht, dass ich da war. Ich
