3336 3912
1458 530 2966 728 beitet; aber dem hab' ich auf der
1519 690 2856 860 standstrasse gesagt: “Fort, ich
1647 840 2964 1025 dich satt! was willst du?...
1482 985 2960 1174 Dieben Nächte bist du bei mir ge-
1438 1152 2845 1339 wesen, ist das nicht genig?...
1453 1280 3010 1482 So kiisste er mir die Hand, "Danka
1271 1348 1394 1497 Une
1460 1456 2931 1638 schönstes Fräulein!“ und sprang
1458 1649 2863 1805 aus dem Wagen und lief durch'
1467 1790 3023 1999 Korn... Aber der mit den zornigen
1467 1948 2656 2199 Augen reitet mir nach...
2073 2166 2346 2471 ent
1783 2190 2054 2487 ..
1341 2469 2823 2682 DIE VORIGEN. DIE TANTE und DER
1845 2638 2258 2810 ARJUN – T.
1282 2808 3050 3025 DIE TANTE: Katharina! Katharina, mein
1519 2992 2955 3175 Kind! Jetzt bleibst du aber da!
1275 3131 2872 3379 KATHARINA: Natter! : Sie will au
