3384 3960
2717 439 2923 589 188
1194 644 3031 850 DER ARZT: So? Wofür wird denn gedankt?
1191 845 2904 1041 WALPURGA: Vaffenstillstand soll ge-
1427 995 2166 1182 schlossen sein.
1191 1141 2951 1334 DER ARZT: Es ist sogar schon Friede,
1448 1332 2069 1459 wie man hört.
1212 1401 1893 1540 DIE NACHBARIN:
1212 1491 3006 1646 Wie der Herr Oberlehrer ges
1448 1588 3011 1808 tern gesagt hat!... Der Bräutigam
1441 1771 2891 1956 von meiner Tochter ist auch im
1443 1932 2179 2113 Feld gestanden.
1214 2085 3006 2270 DER ARZT: Nun, ist ihm was geschehen!
1214 2223 3068 2429 WALPURGA: Gott sei Dank, er ist gesund
1457 2406 1854 2565 blieben!
1226 2498 2994 2729 DER ARZT: Gott wird viel Dank zu emp-
1461 2662 2999 2870 fangen haben - auch von den Fein-
1475 2807 3036 3036 den unseres Lands... die haben so
1461 2967 2988 3170 gar für noch mehr zu danken: die
1475 3138 2764 3345 kriegen eine ganze Provinz.
1237 3311 2867 3498 DIE NACHBARIN: So? ist's wirklich
