3480 3992
2639 357 2813 529 160
1309 538 2989 747 gen. Dann hab' ich natürlich die nö-
1309 672 2963 912 tigen Schritte bei den Behörden un-
1316 820 2970 1027 ternommen, die allerdings in diesen
1325 989 3062 1213 Zeitläuften Wichtigeres zu tun haben,
1342 1114 2945 1316 als sich um ein paar verschwundene
1344 1257 3041 1504 Mädchen zu kümmern. Die Aufregung in
1354 1401 3008 1654 der Stadt ist gross, von der Grenze
1351 1631 2503 1814 kommen böse Nachrichten.
1222 1711 3121 1958 Adj: Auch die dringen wie verhallend in
1384 1861 3086 2101 unser stilles Tal. Solange nicht die
1386 2000 3057 2254 Mautsekranken mit neuen Farben ange-
1401 2169 3015 2385 strichen werden müssen, klingt all
1405 2315 3062 2578 das Kriegsgeschrei den Leuten nicht
1412 2446 3163 2731 kräftiger ins Ohr als Fabeln aus ver-
1445 2594 3128 2855 gangenen Jahrhunderten und von frem-
1436 2846 2023 3027 den Ländern
