3464 4056
2754 442 2956 613 159
1195 758 1456 884 chen?
970 828 2930 1034 DIE TANTE: Nein. Sie ist spazieren gegan-
1205 1084 1422 1192 gen.
2690 1143 2889 1301 Und
972 1187 2568 1360 WALPURGA: Blick auf ihre Mutter:
1205 1327 2943 1497 wir haben schon geglaubt, sie ist in
1216 1526 1792 1678 der Kirchen!
991 1655 3036 1816 DIE TANTE: Sie geht immer so früh fort vom
1218 1808 2941 1973 Haus. Ich schlaf' oft noch, wenn sie
1236 1947 2832 2100 fortgeht. Sie spaziert so gern im
1236 2108 2868 2271 Freien herum - im Wald und auf den
1241 2250 2959 2444 Wiesen. Na ja, sie hat lang genug im
1241 2441 2915 2591 Zimmer sitzen müssen; es ist ihr zu
1252 2612 1614 2760 gönnen.
1022 2736 2842 2917 DIE NACHBARIN: Ja freilioh, freilich.
1306 2873 3098 3078 :Plötzlich: Ah, jetzt weiss ich's...
1280 3052 2139 3228 jetzt weiss ich's!
1040 3173 2064 3396 DIE TANTE: Vas denn?
1042 3292 3124 3554 DIE NACHBARIN: "Habe keine Sorgen...“ Nicht
