3464 3976
1596 542 2979 777 xxx, der Mutter und der Base und
1488 713 2976 972 den guten Freunden von einst ei-
1488 847 3060 1069 nen schön guten Tag zu winschen.
1264 1043 2494 1240 DER ADJUNHT: Was ist ihr
1280 1168 2814 1381 DER ARZT: Holen Sie die Mutter.
1280 1361 2153 1552 DER ADJUNET: : ab:
1962 1646 2647 1848 Szene.
1697 1688 1826 1879 8
1550 1826 2924 2046 KATHARINA. MARIE. DER ARZT.
1328 2116 2726 2331 MARIE: Voher kommst du denn?
1343 2224 3117 2485 KATHARIA: Das werd' ich auch gleich
1596 2390 3025 2599 sagen!... Und wenn ihr den Mit-
1600 2529 3165 2748 scher fragen wollt, der wird euch
1633 2715 2919 2902 auch nichts verraten. Er ist
1607 2864 2821 3082 und hat einen roten Hut und
1662 3023 2544 3257 zumaschen und fährt.
1763 3172 2658 3451 ###l!... Sind auch vier
