3416 3976
1394 681 2760 911 nicht wissen, was noch kommen
1394 891 1669 1053 wird.
1152 965 2965 1179 MARIE: Ich weiss es... soweit es eben
1396 1112 2970 1324 möglich ist, seine Zukunft vorher
1396 1326 2052 1477 zu bestimmen.
1182 1441 2853 1630 DER ARZT: Sie haben noch nicht die
1414 1578 2934 1809 Ruhe gefunden, ernstlich darüber
1425 1736 2857 1944 nachzu denken. Sie werden nicht
1425 1876 3022 2086 Ihr Lebenlang in diesem Hause woh-
1434 2027 2997 2266 nen, nicht jeden Tag unter den Ei-
1445 2212 3049 2406 ehen liegen, in den Himmel schauen
1434 2361 2043 2546 und träunen.
1211 2501 2936 2720 MARIE: Es verlangt mich nach nichts
1461 2645 2947 2868 Anderem. Ich fühle mich wohl in
1468 2801 2866 3031 dem Frieden, der mich hier um-
1470 2947 3062 3177 giebt. Meine Tante wird mich nicht
1484 3123 2947 3337 aus ihrem Hause weisen. Und sie
1502 3252 2909 3491 wird mich nicht halten, wenn in
