3496 4120
2919 379 3045 492 30
1345 431 3087 689 bis Ihr Vater nach Ihnen schrie. - Am
1340 649 3170 843 nächsten Morgen nahmen wir Abschied von
1359 814 3208 1030 einander. Ich stand auf der Landstrasse,
1349 980 3253 1146 als Ihr Wagen davenfuhr, Sie wandten sich
1342 1113 3161 1309 um... Oh, noch einmal ein Blick wie da-
1347 1260 3189 1463 mals! - Was für einen Traum hab' ich ge-
1366 1397 3127 1626 träumt von diesem Morgen an. Und jeder
1368 1584 3087 1757 Brief von Ihnen, so stille sie waren,
1376 1702 3161 1915 wiegte mich weiter. - Nein, wir hatten
1376 1861 3206 2079 uns nicht verlebt, Marie, aber es waren
1387 2029 3182 2242 die Briefe einer Braut. - Und der Weih-
1387 2140 3220 2370 nachtstag, als Sie dort in der Türe mit
1385 2304 3127 2507 mir standen und es duldeten, dass ich
1399 2465 3132 2685 Sie auf die Stirne küsste... "Im Früh
1411 2602 3187 2817 jahr komm' ich wieder, sagte ich. Krin-
1404 2763 3232 2964 nern Sie sich Ihrer Antwort nicht mehr?
1435 2886 3229 3099 "Ich erwarte dich." - - Und nun bin ich
1430 3054 3227 3284 da, und wollte Ihnen sagen: "Kennen Sie
1425 3227 3118 3426 mit mir." (Und ich finde - was ich ja
1492 3419 3165 3565 schen fürchten musste nach diesem en
1506 3516 3042 3814 setzlichen Schweigen von Monaten
