3416 3976
2686 393 2882 592 17a
1202 646 2970 897 DER ARZT: Nein. Ich hol' ihn ab; wir
1448 836 3049 1023 wollen zusammen eine Rusawanderung
1455 980 2905 1188 machen. Wir hatten es schon im
1459 1102 3013 1342 Frühjahr besprochen. Ich begleit'
1470 1247 3009 1486 ihn vielleicht bis in sein neues
1482 1405 3083 1635 Revier. Ich dachte eigentlich, Sie
1477 1574 3074 1814 hätten von ihm erfahren, dass ich
1495 1782 1823 1972 konne.
1274 1873 2948 2128 DE TANTE: Er lässt sich gar nicht
1502 2101 1918 2250 blicken.
1301 2241 1988 2426 DER ARZT: So?
1303 2342 3124 2555 DIE TANTB: In der ganzen Zeit hab' ich
1545 2512 3061 2747 ihn zweimal gesprochen, einmal an
1543 2663 3126 2880 Markt drin, und einmal ist er spät
1556 2799 3131 3000 abends da vorübergegangen; aber gr
1568 2939 3151 3149 ist nicht hereingekommen. Ich kam
1565 3140 3097 3329 mir das gar nicht erklären. Viel-
1586 3253 3034 3533 leicht wegen der Trauer - - Abend
