3400 4104
1078 454 3030 701 A: Herr Kanzleirat, ich bedaure, dass Sie
1182 619 2300 859 mein Besuch so aufregt.
1063 792 3047 1024 V: Kennen Sie den Dektor?... Natürlich ken-
1192 933 2954 1155 nen Sie ihn! - An dem Tisch dort sind
1204 1041 3067 1283 Sie ja zu Weihnachten beieinander geses-
1219 1204 2919 1453 sen! Sind Sie einverstanden mit ihm?
1219 1397 2455 1621 Haben Sie ihm geschrieben?
1098 1456 3037 1777 A: Ich habe den Dekter ein Mal gesprochen
1221 1641 3084 1920 in Ihrem Hause... Was soll ich denn mit
1251 1856 2265 2080 ihm besprechen haben?
1113 2009 2490 2255 M: Was willst du denn, Vater?
1150 2100 3124 2374 V: Darum wünschte der Dekter plötzlich, dam
1293 2260 3089 2532 ich eine Wärterin nehme!... Sie wissen
1291 2396 3109 2680 „Nichts davon, Herr Adjunkt?... Eine wäre
1318 2546 3018 2803 terin! Das Velk!... Ich habe eine ge-
1332 2724 3158 2954 kannt, die hat einer alten Frau Gift in
1342 2818 3166 3114 die Medizin gegossen. Und warum? Einfra-
1362 2996 3151 3272 weil sie zu einer andern Kranken hätte
1360 3144 3158 3440 gehen können, we sie um einen Guldezet
1377 3279 3126 3558 tel mehr kriegt. Da ist man drauf gekann.
2791 3422 3210 3640 die alte
1387 3467 2477 3719 men und hat sie gehängt
