3448 3976
2632 310 2807 467 182
1212 482 3018 691 war mein erstes Wort "Retten Sie mich!"
1200 630 3000 839 Nun weiss ich, dies kam aus den Tiefen
1221 806 2980 1010 meiner Seele. Nun weiss ich, dass ich
1234 945 2998 1173 auf dieser tagelangen Wanderung meiner
1239 1104 3009 1288 Taten kaum mehr gedacht. Ich komme aus
1250 1256 2955 1452 Mord, habe morden gesehn, einer, den
1250 1396 2951 1604 ich geliebt, ist gestorben,... wofür
1259 1553 2935 1748 hab' ich gemordet, wenn all dies so
1274 1694 2881 1898 wenig wert war, dass ich kaum mehr
1286 1831 3040 2040 daran denke? was für ein Geschöpf bin
1288 2024 2452 2226 ich, dass ich noch lebe?
