3384 3992
2577 324 2750 461 172
1186 428 2847 670 man miisst' sie doch finden!... Aber
1200 656 2960 820 es kümmert sich keiner um den andern -
1209 803 2951 1007 das ist es. Auf dem Markt weichen sie
1211 922 2971 1118 mir am liebsten aus, - und mich schau¬
1228 1042 3002 1262 dert ja manchmal schon selbst vor mir.
1242 1266 2976 1415 prei Mädeln - eine nach der andern...
1248 1395 3016 1563 Aber solang die Katharin da war, war's
1253 1537 2994 1714 in dem Haus nicht leer. Auch wenn sie
1251 1650 2909 1865 fort war... In der letzten Zeit war
1275 1803 3007 2025 sie oft ganze Tage und Nächte fort...
1279 2005 2938 2178 wenn ich gewusst hab, sie kommt am
1282 2115 3073 2322 Abend zurück, da war's nicht einsam in
1291 2266 2685 2490 dem Haus. Aber jetzt - jetzt!
