3464 4008
1232 630 3014 865 DER ARET: Er hat mir selten geschrie-
1473 772 3029 1017 ben und von Ihnen kein Wort.- Und
1462 951 3076 1143 nicht einmal gesehen haben Sie ihn
1482 1117 2355 1322 diese drei Monate?
1252 1249 2928 1484 MARIE: Gesehen wol. Er grüsst mich
1495 1393 3027 1636 auch von fern.- Drei Monate sind
1515 1585 2103 1765 es schon — —
1291 1696 2998 1933 DER ARZT: Ja, so lange sind Sie wol
1519 1838 3089 2059 hier - etwas länger sogar. Gleich
1521 2017 3018 2229 nach dem Tode Ihres Vaters sind
1541 2163 3016 2390 Sie ja hergefahren. Am Tag nach
1566 2355 2160 2543 seinem Tode.
1320 2461 3038 2704 MARIE: Ja; am Tag nach seinem Tode.
1616 2620 3136 2866 Ihn gross ansehend: Sie sagen
1581 2797 3173 2985 das so seltsam.
1588 2937 3063 3169 Sie mich lieber an seinem Grabe
1597 3096 3120 3301 stehen gesehn als trauernde Toch-
1619 3217 3120 3474 ter! Wäre Ihnen das nicht sonder
