3496 4168
1113 491 2292 740 Szene. - Der Arzt kommt.
1098 595 3003 918 Arzt: Guten Abend. - O, der Herr Adjunkt,
1251 814 2179 1046 wenn ich nicht irre.
1108 886 2991 1229 Adj: Zu Weihnachten hatte ich das Vergnü-
1133 1130 3134 1525 A: Wie geht's, Ihnen, Fräulein Marie? - xxx
1253 1207 1488 1350 gen.
1335 1367 2519 1690 Herrgott, sind Sie blass!
1172 1480 3052 1838 V: Da ist noch einer, Herr Doktor, dem's
1320 1678 2290 1917 nicht ganz wohl ist.
1214 1833 3057 2142 A: Herr Rat, ich dachte, Sie zu Bett zu
1411 1959 3220 2290 finden. Es ist acht, Sie sollten schla-
1281 2238 3257 2623 V. Schlafen? - Ich will nicht schlafen! Ich
1330 2292 1567 2480 fen.
1431 2426 3237 2687 zähle an den Tod nicht solche Vorsehüss
1328 2729 3272 3070 A: Jede Stunde Schlafs ist Gewinn für Sie.
1443 2749 1656 2838 aus.
1468 2870 3237 3198 Sie würden überhaupt weniger Schmerzen
1488 3035 3188 3297 haben, ruhiger sein. - Haben Sie die
1495 3168 3227 3521 Tropfen genommen? - Noch nicht einmal
2828 3331 3114 3531 d nun,
1532 3408 2401 3664 öffnet, das Fläsche
2741 3462 3316 3728 ev 1.10
1814 3600 2164 3820 Girter in
