3368 3944
2611 305 2793 448 208
1375 579 2843 807 den. Der Oberst fand sie Beide.
1159 734 2827 961 DER ADJUKT: Und er war's, der sie
1384 929 2179 1123 Beide tötete -!
1161 1027 2913 1270 MARIE: Nein. Seine Gattin tötete er,
1420 1214 2654 1436 den Andern liess er leben.
1186 1361 2963 1593 DER ADJUNKT: Und der Andere -? Auch
1438 1561 1982 1741 er ist tot!
1207 1577 3045 1895 MARIE: Auch er ist tot. Am Morgen hat
1468 1870 2372 1979 er sich erschossen.
1243 1984 2886 2198 DER ADJUNKT: Sie waren bei ihm bis
1457 2170 2136 2309 zum Morgen - -
1250 2286 3059 2477 MARIE: Ich war bei ihm bis zum Morgen
1261 2436 2945 2666 DER ADJUKT: Und verliessen ihn -?
1252 2563 2927 2816 MARIE: Er führte mich bis an meine
1523 2707 2988 2929 Tür; er wusste, was ich für ihn
1529 2918 2913 3125 getan. An meiner Tür erst ver-
1529 3086 2223 3216 liess er mich.
1302 3225 2859 3404 DER ADJUNET: Verliess er Sie -?
