3480 3976
1465 575 3060 858 auch ein Narr war... Solche Launen
1467 753 2947 1024 hat der Ruhm. Und dabei wär es
1488 934 2913 1148 möglich, dass das Ganze nichts
1496 1037 3041 1314 ist als eine Legende von der wan-
1503 1215 2932 1448 derlichen Art, wie sie sich in
1522 1345 3073 1637 solchen Zeiten zu bilden pflegen.
1318 1543 2940 1763 DER ADJUNKT: Warum sollte das eine
1545 1727 2315 1906 Legende sein -!
1320 1822 2974 2069 DER ARZT: Wie manches Andere.- Sie
1549 1979 3035 2225 haben doch gewiss auch davon ge¬
1566 2134 3102 2369 hört, dass in der Nacht vor dem
1593 2283 3129 2527 Abmarsch des Regiments ein junger
1603 2437 3110 2674 Offizier die Frau des Oberstund
1608 2605 2806 2838 dann sich erschossen hat?
1391 2775 2810 2993 MARIE: Davon hab' ich gehört.
1406 2892 3100 3131 DER ARZT: Man wird diese Geschichte
1656 3043 3121 3293 schon in einer lächerlich roman
1652 3182 3070 3438 haften Weise so erzählt, dass
