3480 3992
2711 446 2888 585 151
973 664 3010 867 DIE TANTE: Ich hab' noch Etliches zu besor-
1201 836 3020 1046 gen. Wollen Sie nicht eintreten solangt
970 1024 2663 1178 DIE NACHBARIN: Wenn’s erlaubt ist -
2415 1166 2967 1330 Wird eine
1239 1181 2394 1338 :Tritt mit WALPURGA ein:
1224 1307 1323 1399 xx
1211 1333 3053 1503 schöne Predigt sein heut, möcht' nichts
1224 1515 1698 1667 versäumen.
991 1652 2901 1809 DIE TANTE: Wird’s heut schöner sein als
1234 1840 1774 1971 gewöhnlich?
1008 1943 2926 2106 DIE NACHBARIN: Freilich! Es ist ja Dank-
1236 2113 3073 2275 gottesdienst. Waffenstillstand heisst's
1242 2278 3084 2405 aber es soll Friede gemacht werden, hat
1239 2435 2982 2595 gestern Abend der Herr Oberlehrer ge¬
1259 2643 1508 2754 sagt.
1029 2729 3038 2886 WALPURGA: Ja, wir haben ihn auf dem Kreuz-
1252 2886 2997 3048 platz getroffen, und Frieden soll ge-
1259 3076 2607 3203 macht werden, hat er gesagt.
1039 3175 2997 3377 DIE NACHBARIN: Und da dauert’s ja nimmer
1277 3332 3053 3565 lang und der Franz Hofer kommt zurück
