3400 3992
2392 365 2559 489 161
1045 489 2886 756 Arzt: Wann wollen wir von hier aufbre-
1202 756 1464 896 chen?
1068 816 2865 1004 Adj: Es eilt nicht. Vor Abend sollten
1229 983 2971 1142 wir wol in Hasbach sein, wohin ich un-
1218 1149 2872 1307 ser Gepäck durch die Post habe vor-
1241 1273 2888 1457 aussenden lassen. So wollen wir, so
1287 1413 3014 1588 leicht es eben geht, unsere Wanderung
1261 1647 1702 1767 antreten.
1128 1728 2973 1953 Arzt: Lieber Freund, ich brauche Ihnen
1284 1866 2851 2059 wol nicht zu sagen, dass Sie mein
1284 1951 2961 2196 Hierherkommen nicht als Zwang aufzu¬
1296 2169 2916 2357 fassen haben. Es hat sich viel ver-
1323 2300 2955 2504 ändert seit dem Tage, da wir unsere
1333 2456 2922 2667 gemeinschaftliche Reise verabredet
1330 2631 3001 2821 haben. Sie werden vielleicht vorzie-
1342 2778 3010 2966 hen, bis auf weiteres hierzubleiben
1356 2909 3083 3118 und dann geradenwegs in ihr neues Re-
1383 3145 2086 3279 vier zu reisen.
1243 3207 3097 3449 Adj: Hier bleiben -? Die wenigen Tage
1406 3366 3051 3584 die ich hier noch verweilen könnte?
1413 3497 3166 3745 Was soll ich hi er? Warten? Welcher Er
