3416 3976
2595 434 2778 556 101
1360 651 2873 833 Vorte ängstigen und verwirren zu
1364 822 2864 974 lassen? Soll ich der Welt erzäh-
1364 964 2880 1145 len, was ich getan,... der Welt,
1387 1136 2943 1290 die nicht weiss, wer ich bin, und
1378 1274 2810 1439 nur sieht, was ich verbrochen?
1387 1412 2905 1590 Sollen Menschen eine Strafe über
1385 1568 2914 1748 mich verhängen dürfen, denen ich
1391 1735 2921 1922 nichts bin als eine Stinderin und
1405 1904 2977 2058 die mir doch nichts wären als Ver-
1418 2053 2799 2209 treter eines Amts?... Was hab'
1416 2207 2882 2397 ich mit den Menschen zu tun?...
1414 2349 2945 2532 Erst wenn ich bereute, fing' ich
1418 2507 2934 2692 an, schuldig zu werden. Vor nie-
1421 2654 3002 2862 mandem hab' ich mich zu verantwor-
1434 2864 1649 3020 ten!
1208 2966 3027 3153 DER ARZT: Sie haben Recht. Da Sie kei-
1448 3146 3013 3296 ne Reue fühlen und da kein Mensch
1452 3316 2925 3490 Sie kümmert, sind Sie niemandem
