3528 4088
2738 398 2921 595 157
1171 683 2813 891 man ja nicht weiss, wo sie ist und
1186 842 2896 1020 weil's ja unser Herrgott auch gefügt
1191 996 2950 1186 hat, dass Sie nicht allein sind, weil
1215 1154 3011 1352 ja die Marie jetzt bei Ihnen heraussen
1230 1281 3050 1496 wohnt... da ist doch was Junges, Liebes
1222 1454 2982 1679 im Haus,- braucht man ja nicht zu ver¬
1235 1701 1681 1818 zweifeln!
1025 1767 2989 1964 DIE TANTE: Ja, jung ist sie wol und lieb,
1257 1932 2945 2115 aber still. Wenn ich so an meine Ka-
1274 2069 3089 2296 tharin' denk' – wie lustig sie einmal
1279 2335 1484 2438 war.
1064 2364 2950 2591 DIE NACHBARIN: Na, dass die Marie still
1293 2550 3113 2725 ist, das ist doch nicht zum Verwundern.
1335 2686 3072 2928 : Sieht manchmal Zustimmung erwartend
1305 2843 3089 3045 auf ihre TOCHTER, die nickt: Vor ei-
1320 2999 3104 3201 nem Vierteljahr erst der Vater gestor-
1337 3135 3145 3338 ben, da kann man nicht lustig sein. Da
1340 3292 3148 3509 ist wol keine lustig... Aber ich hab's
1132 3655 1218 3853 verte
