3512 4040
1442 627 2897 916 Oberst, der sein Unglück längst
2259 808 3020 1043 um die Fahne
1453 887 2111 1088 geahnt, nicht
1466 974 2951 1216 des Regiments zu entsichnen, son-
1466 1124 3067 1350 dern aus Verzweiflung über die Un¬
1502 1285 3069 1529 treue seiner Frau sich und die An¬
1509 1440 2812 1670 dern in den Tod geführt hat.
1292 1596 2939 1842 DER ADJUNET: Und es sollte am Ende
1522 1719 2919 1968 gar nicht wahr sein, dass die
1529 1869 3128 2165 blauen Kiirassiere eine alte Schuld
1549 2091 2362 2299 zu sichnen hatten:
1334 2192 3110 2472 DER ARZT: Jedenfalls ist es Tatsache,
1585 2353 3087 2601 dass von dieser Schuld in keiner
1587 2501 3058 2742 Geschichte des damaligen Kriegs
1610 2711 2610 2906 etwas zu lesen steht.
1370 2789 3179 3063 MARIE: Und doch ist es wahr. Ich weiss
1637 2960 3089 3222 es von meinem Vater, der es mir
1659 3112 3130 3340 erzählte in der Stunde, bevor er
1668 3333 1957 3535 starb.
