3384 3976
2266 459 2448 591 163
1258 560 2945 770 mir so fremd ist wie kein andres We-
1261 708 2971 935 sen, ob sie nun noch auf Erden weilt
1282 897 3043 1120 oder nicht. - Ja, auch wenn nicht mein
1282 1007 2902 1232 Beruf mich von hier fortriefe, ich
1292 1165 2948 1385 bliebe hier nicht mehr. Alle Winkel
1292 1340 3067 1546 hier, jeder Ort in Dorf und Wald, ein-
1311 1464 3007 1694 same Stellen sogar, die keiner kennt
1318 1634 3010 1864 als ich, sind mir unheimlich verwan-
1340 1780 3058 1986 delt. Nicht, seit ich weiss, dass Ma-
1340 1912 3072 2148 rie verschwunden ist,- nein, seit je-
1345 2067 3060 2287 ner Stunde, da sie das letzte Mal zu
1364 2203 3079 2452 mir sprach. Kaum h채tt' ich Geduld ge-
1373 2371 3117 2589 habt, hier l채nger mehr zu warten, und
1383 2534 3144 2759 Sie kamen doch auf die Stunde, die Sie
1392 2672 3082 2909 mir versprochen haben. Ich danke Ih-
1402 2830 3156 3060 nen. Es tut mir nun doch wohl, Sie in
1464 2969 3194 3184 meiner N채he zu haben. Wie lange w채hrt
1436 3170 1983 3369 Ihr Urlaub?
1306 3237 3237 3527 Arzt: So lange als unsere Wanderung. Ich
1486 3455 2596 3629 halte mein Versprechen.
