3464 4008
2919 476 3077 642 277
1313 682 3030 926 DE TANTE: Ja, das ist eine seltene
1553 873 3081 1061 Art. Mein Mann, der ja sa viel
1546 999 3159 1207 herumgereist ist, um wieder gesund
1546 1185 3054 1349 zu werden, hat sie aus Sizilien
1557 1349 3063 1482 mitgebracht, von seiner letzten
1555 1480 3154 1675 Reise. Die blichen nicht früher bei
1562 1646 3061 1790 uns. - 0, da kommt die Marie, so
1559 1841 1965 1954 hen Sie!
1482 1929 3114 2118 Man sieht MARIN von weither kommen,
1415 2113 3094 2279 am Hügel herab. Ohne Hut, Feldblumen
1389 2286 2853 2483 in der Hand, schwarz gekleidet:
1351 2425 3130 2576 DIE TANTE: Ich werd' sie mit Ihnen ab
1588 2538 3021 2720 lein lassen, Herr Doktor. Viel-
1579 2713 3081 2902 leicht spricht sie sich ein bis
1593 2860 3117 3050 chen aus. Ich geh' in die Kirche
1595 3032 2882 3241 und schau“, was noch von Da
1613 3159 3216 3347 gottesdienst für mich übrig bleibt.
2733 3316 2977 3551 viel
1613 3342 2600 3546 Ich selber hab‘ ja ni
