3528 4072
2702 493 2929 666 162
1466 734 3059 916 Stunden gelebt als brav gestorben.
1495 889 3012 1072 ... und demnach, weil sie ein gu-
1502 1047 3062 1211 tes Kind ist, soll die Mutter lie
1484 1229 3010 1378 ber glauben, sie lebt in S체nden,
1488 1376 3107 1513 und daweil hat sie sich vielleicht
1506 1529 3037 1675 l채ngst - - - Na, es ist mir halt
1515 1682 2787 1826 so durch den Kopf gegangen.
2488 1796 3012 1956 Wissen Sie
1288 1839 2384 2004 DIE TANTE: :angstvoll:
2348 1898 2485 1986 F
1520 1979 2972 2136 was, Frau Kaumberger... wissen
1526 2184 1936 2305 Sie was?
1308 2294 3120 2447 DIE NACHBARIN: Aber was soll denn ich
1547 2404 3082 2593 wissen?... Nichts weiss ich! T채t
1556 2596 3138 2760 ich Sie dann fragen, Frau Richter,
1560 2729 3055 2902 wenn ich was w체sst'? Ich sprech'
1565 2886 3102 3057 nur meine Gedanken aus, weil ich
1585 3053 2909 3222 eine aufrichtige Person bin.
1364 3163 3030 3381 DIE TANTE: Ja, wie kommen Sie denn
1592 3341 3048 3564 auf solche Gedanken, Frau Kaum-
