3496 4088
2745 507 2937 682 174
1438 664 2945 968 zieren und immer allein. So mit
1456 916 2953 1127 den Leuten, wenn sie wen trifft
1452 1079 2911 1267 oder wenn wir zu uns kommt, da
1720 1227 3034 1428 sie schon vnd ist auch ganz
2296 1327 3056 1444 mussith Ihnen ersable
1474 1301 1696 1484 red
1478 1391 3028 1626 freundlich. x/  Und noch was. Den-
1480 1532 2931 1730 ken Sie sich,) Herr Doktor, Sie
1468 1702 2939 1901 Wissen ja — oder wissen's auch
1478 1843 3090 2111 nicht wir haben dadrin ein Kla-
1500 1995 2989 2214 vier stehn, ein altes, noch von
1500 2177 3058 2396 meinem seligen Mann her, der wun-
1514 2336 2957 2502 derschön gespielt hat! Da sind
1528 2480 3012 2675 die Leute oft stehn geblieben...
1526 2621 3066 2815 auch Fremde aus der Stadt... und
1520 2771 3134 2989 haben zugehört. Meine Töchter, die
1538 2961 2879 3152 haben's nicht weit gebracht,
1530 3076 3140 3276 haben auch nicht viel Zeit gehabt.
1534 3214 3064 3471 Und es ist auch recht verstimmt,
1574 3408 2947 3633 das Klavier... Und denken Sie
