3416 4040
338 1290 1182 1563 + diesen aber
246 1480 1157 1746 nicht bötsam
340 1659 1133 1874 Frau Richter.
260 1840 1119 2093 id das Wir
454 2040 934 2290 al¬
2722 548 2984 737 164
2228 571 2700 857 mort.
1446 779 3027 1019 uns halt Beiden/so allerlei durch
1455 960 2315 1110 den Kopf gefahren.
1231 1099 3007 1265 DIE TANTE: Aber was soll denn der Ad¬
1478 1236 2962 1417 junkt bei der ganzen Geschichte
2268 1375 2899 1495 et deux ans J
1238 1426 2892 1621 DIE NACHBARIN: Also aufrichtig: Lob
1466 1556 2993 1742 sie sich nicht doch wegen dem Ad-
1478 1706 2613 1896 junkten was angetan hat?
1247 1856 2984 2062 DIE TANTE: Aber was fällt Ihnen denn
1883 2028 2022 2125 was
1473 2031 3074 2219 ein! Das ist ja längst vorbei! Und
1341 2230 3058 2357 es war ja nie was... Meine Kathrin
1464 2353 3022 2541 war ja damals noch ein Kind... war
1484 2530 3009 2678 ja nie im Ernst die Red' von was!
1254 2675 3051 2816 DIE NACHBARIN: Na ja, das ist es eben
1491 2783 3083 2915 dass uns in Comp von mir die Red wa¬
1460 2850 2951 2995 Und dass grad die nächsten Ver-
1475 2973 3040 3161 wandten sowas nicht bemerken, das
2660 3128 3004 3320 — Und
1475 3121 2617 3282 ist eine alte Geschicht'
1482 3280 2978 3441 grad so ein Kind, wie Sie sagen,
1493 3445 3002 3607 war doch die selige - - Aber was
