3432 3976
1398 655 2844 880 ge die Verantwortung für meine
1535 798 2819 1025 Tat und für mein Schweigen
1532 979 2903 1158 denn ich bin allein. Was also
1562 1116 2671 1326 verlangen Sie von mir? -
1223 1286 2802 1461 DER ARZT: Nichts. Heute nichts.
2743 1398 3069 1583 allein
2574 1446 2665 1591 G.C.F.P.
1452 1425 2473 1627 Nichts verlange ich.
1463 1577 2873 1804 sind. Solange werden Sie sich
1461 1730 2903 1943 nicht zu verantworten haben...
1229 1863 2922 2086 MARIE: Das also meinen Siet.. Min,
1490 2038 3027 2257 dann werd' ich wol für alle Zeit
1522 2242 2128 2404 schweigen....
1305 2372 2448 2579 DER ARZT: Sie sind jung.
1276 2509 2612 2726 MARIE: Ich bin.. sehr alt..
1282 2690 2675 2865 DRR ABZT: Sie sind mir müde.
1292 2831 2924 3027 MARIE: Moin Schioksel ist erfüllt.
1532 2941 3143 3160 Venn Sie es völlig kennten, würden
1541 3113 2734 3345 Sie nicht daran zweifeln.
1343 3242 3040 3484 DER ARET: Sie leben weiter. Sie könne
