3368 3896
2665 331 2844 486 202
1383 555 2825 724 sie von Wien abmarschiert sind,
1381 724 2898 882 beim Sturm von Cerisio, sind sie
1375 856 2959 1078 bis auf den letzten Mann zusammen
1385 1048 2114 1217 gehauen worden.
1154 1219 2890 1381 DER ADJUNKT: Es ist doch ein seltsa-
1385 1321 2920 1511 mer Geist, der in dieser Art von
1388 1502 2959 1647 Menschen lebendig ist.- Haben Sie
1398 1662 2967 1844 davon gehört? Ein junger Leutnant,
1407 1798 2974 1975 der dem Gemetzel irgendwie entgan-
1409 1982 2836 2133 gen ist, hat sich am Abend der
1407 2140 2686 2300 Schlacht selbst erschossen.
1180 2282 2825 2429 DER ARZT: Ja, das hab' ich gehört.
1411 2408 2983 2581 Ich hab' mir seinen Namen gemerkt
1426 2581 2788 2760 Albrecht von Wartholz.... Wer
1429 2743 2760 2913 weiss übrigens, ob das nicht
1422 2877 2907 3037 schon eine Legende ist, wie sie
1435 3043 2916 3227 sich in solchen Zeiten leicht zu
1420 3194 2159 3395 bilden pflegen.
