3448 3944
2721 404 2869 529 225
1293 644 3038 879 MARIB: Gehen Sie, Herr Adjunkt, auch
1543 764 3071 974 ich bitte Sie darum. Mir ist, als
1508 959 2995 1144 hätten wir Beide erst aus einem
1541 1076 3081 1291 Traim zu erwachen,- dies ist noch
1543 1269 2975 1465 Dämmerung. Vielleicht begegnen
1547 1421 2639 1634 wir uns einmal bei Tag.
1322 1567 3038 1829 DER ADJUNKT: Marie, Sie werden hier
1558 1725 3129 1897 nicht bleiben können oder wollen,
1586 1864 3099 2077 wenn die Stunde kommt. Vergessen
1588 2009 3053 2203 Sie nicht, dass ein Haus bereit
1599 2181 3066 2359 steht. Ich sage nicht, dass Sie
1604 2294 3110 2513 einen Gatten finden werden, aber
1617 2469 3127 2702 Ihr Kind wird einen Vater haben.
1608 2587 3186 2843 Nun haben Sie Ihre Sache nur mehr
1628 2788 3016 2999 mit der Ewigkeit selber auszug
2956 2914 3173 3103 drie in
1647 2960 2706 3153 ehen. Leben Sie wohl.
2048 3088 2884 3337 die Hand und geht
