3432 3960
2740 366 2918 530 158
1259 530 2944 722 Endlich kam Frau Richter, die Katha-
1262 713 3004 867 rina suchte; im Gasthif hatte sie sie
1281 817 2882 1043 vergeblich erwartet. - Sie wissen,
1276 998 2951 1164 dass keines der Mädchen wiedergekom-
1278 1148 2925 1352 men ist; mehr weiss ich auch nicht.
1297 1288 2878 1476 Ob sie zusammen fort sind - ob al-
1300 1421 2956 1623 lein - wohin - ob sie noch leben...
1312 1594 2633 1787 das können wir nicht wissen.
1167 1735 3082 1956 Adj: Ja, es ist viel geschehen, seitdem
1321 1875 2963 2079 die blauen Kürassiere an jenem Fen-
1331 2074 2205 2243 ster vorüberzogen.
1200 2160 3051 2405 Arzt: Ja, vieles in der grossen und in
1345 2348 2345 2559 unserer kleinen Welt.
1212 2462 2897 2728 Adj: Ob die Kürassiere schon ihren
1371 2633 2573 2856 Schwur gehalten haben -?
1233 2792 3072 3039 Arzt: Wir werden wol bald davon hören.
1388 2961 2911 3153 Eine Woche ist es eben, dass sie
1395 3072 2911 3291 fortgezogen sind. Haben Sie auh
1259 3206 3113 3479 Adj: Haben Sie auch schon die seltsame
1428 3336 3044 3652 Geschichte gehört, die sich in der
