3336 3864
1796 497 1980 681 229
1252 734 2067 901 13. Szene.
1176 866 2593 1060 Marie. Katharina und der Arzt.
1187 950 2791 1227 Der Arzt: Kommen Sie nur - kommen
1435 1140 2913 1337 Sie nur - hier aussen ists frei¬
1441 1368 2065 1494 lich schöner.
1221 1498 2257 1662 Kath: Weiter! weiter!
1250 1578 2294 1810 Der Arzt: Wohin denn?
1291 1729 2720 2004 Marie: Wohin denn, Katharina?
1293 1902 2716 2175 Kath: Dort in den Wald - aber
1515 2051 2975 2247 schnell! Ich weiss eine Wiese -
1537 2196 3079 2428 und dorthin möcht ich!... Marie!
1547 2340 3013 2565 siehst du!... t:Der Adj. taucht
1558 2473 2897 2736 in der Lichtung auf und ver-
1580 2610 3044 2871 schwindet wieder: Er geht mir
1598 2773 2850 3042 voraus... :Sie sinkt hin:
1366 2950 2987 3238 Der Arzt: I: zu ihr nieder. Dann zu
1617 3070 3121 3344 Marie: Wo ist denn die Mutter:
1419 3211 3062 3513 Marie: Sie ist nach dem Pfarrer ge-
