3496 4056
2752 349 2905 667 62
1478 586 3085 931 Stunden gelebt als brav gestorben.
1503 892 3025 1073 ... und demnach, weil sie ein gu-
1490 1041 3067 1273 tes Kind ist, soll sie Mutter lie
1483 1188 3011 1391 ber glauben, sie hebt in S체nden,
1483 1334 3103 1571 und daweil hat sie sich vielleicht
1492 1515 3031 1720 l채ngst - - Ja, es ist mir halt
1503 1677 2795 1864 so durch den Kopf gegangen.
1289 1837 2991 2010 DIE TANTE:  :angstvoll: Wissen Sie
1526 1968 2955 2195 was, Frau Kaumberger... wissen
1512 2146 1931 2326 Sie was?
1300 2308 3112 2504 DIE NACHBARIN: Aber was soll denn ich
1539 2421 3079 2632 wissen?... Nichts weiss ich! T채t'
1533 2563 3139 2770 ich Sie dann fragen, Frau Richter,
1548 2736 3043 2943 wenn ich was w체sst'? Ich sprech'
1548 2907 3097 3126 nur meine Gedanken aus, weil ich
1560 3067 2887 3250 eine aufrichtige Person bin.
1336 3218 3000 3430 DIE TANTE: Ja, wie kommen Sie denn
1575 3378 3016 3601 auf solche Gedanken, Frau Kaum-
