3432 4104
1190 387 3047 674 sie blass ist, so mag sie gehn. Wenn sie
1205 538 3040 772 blass ist, so mag sie sich herumtreiben,
1145 698 2933 944 we man rete Wangen kriegt, und braucht
1193 796 3093 1095 nimmer zurückzukommen... Sieh mich nicht
1255 970 3023 1240 se an! Ich verbiete dir, mich so anzu-
1221 1126 3117 1396 sehn! - Das sind die Augen deiner Mutter,
1076 1293 2772 1587 M: Lass die Mutter in Frieden ruhn.
1159 1470 3093 1742 V: Ich will reden, was mir durch den Sinn
1260 1589 3066 1890 kommt - ich will sagen, was ich denke!)
1276 1738 3109 2003 Glaubst, ich hab' Angst ver dir?... Ieh
1276 1926 3076 2201 hab' Angst vor irgendwem, weil mir die
1298 2039 2985 2366 Beine lahm sind und ich wehrlos bin?
1319 2184 3112 2493 Meinst, ich will mir’s durch süsse Wer-
1338 2373 2976 2619 te erkaufen, dass du an meinem Bett
1348 2538 2959 2806 sitzst in der Nacht und mir Wasser
1381 2658 3164 2935 bringst? Du hast deinen Ldhn dahin! Du
1377 2794 3167 3133 bist jung... du bist jung - was willst
1396 3052 2036 3250 du noch mehr?
1286 3148 3090 3399 A: Es ist nicht schön, Herr Kanzleirat,
1417 3270 3083 3528 dass Sie solche Dinge reden. Ihre
1424 3425 2923 3716 Tochter opfert sich auf für Sie.
