3384 3896
2707 382 2877 561 221
1468 631 3013 824 Sie sollen nicht gehen. Es schau-
1479 771 3049 1009 ert mich nicht mehr. Vor Ihren un-
1488 986 2926 1173 erf端llten W端nschen hat mich ge-
1481 1103 3066 1315 graut, - nun ist Ihre Stirn wieder
1490 1254 3041 1417 licht, wie zur端ckgekehrt scheinen
1494 1424 3003 1581 Sie mir. Seit ich weiss, dass es
1496 1515 3077 1711 geschehen, sind Sie mir nicht mehr
1498 1683 3060 1932 fremd. Ich werde Ihrer denken wie
1473 1870 2979 2104 einer Freundin..: Er reicht ihr
1515 2070 1953 2250 die Hand:
2756 2134 2988 2340 si.
1275 2131 2694 2406 MARIE: /:nimmt die Hand nicht:
1526 2350 2792 2482 wissen ja noch nicht alles.
1296 2454 3005 2720 DER ADJUNKT: sieht sie an: Nicht
1532 2699 1995 2873 alles -?
1296 2767 2960 3020 MARIE: Ich selbst weiss das Letzte
1534 2911 3098 3105 noch nicht so langer, - aber seit
1547 3068 3013 3260 ich das weiss, ist mir leichter
1585 3317 2097 3445 als fr端her.
1443 3400 2293 3598 J.D.KT: Marie
