3464 4008
2677 427 2873 597 155
1148 693 2893 909 nicht leben? Auch wenn man's auf der
1158 853 2992 1034 Brust hat, kuriert sich’s manchmal aus-
1168 1011 2992 1212 Meine Schwester - die Frau Richter hat
1184 1153 3012 1367 sie ja gekannt - war aufgegeben von al-
1194 1298 3048 1511 len Doktoren, wie sie achtzehn war, und
1204 1483 2929 1674 jetzt ist sie frisch und gesund, ist
1217 1651 2817 1811 siebenundvierzig, hat drei Kinder,
1204 1788 2931 1981 Zwillinge drunter, und lebt in Guss-
1217 1961 2974 2139 haus, wo die vielen Fabriken sind...
1240 2096 3043 2322 ist gewiss keine gute Luft und schad't
1242 2291 1974 2461 ihr gar nichts.
1024 2380 3035 2624 DIE TANTE: Bei uns in der Familie kuriert
1270 2550 2944 2738 sich nichts aus - meinen armen Mann
1267 2713 3106 2901 haben sie hinausgetragen, die Brigitte
1270 2931 1935 3066 und die Anne.
1059 2990 3104 3208 DIE NACHBARIN: Na, da wird schon der liebe
1303 3167 2982 3396 Gott diesmal ein Einsehn haben. Ver
1300 3330 3155 3561 weiss, vielleicht geht’s ihr sogar sehr
