3416 3992
2708 369 2883 560 179
1155 507 2952 729 Nicht immer, wenn uns einergezeugt hat
1174 701 2883 909 ist er unser Vater. Sie wissen, dass
1181 851 1946 1022 er verloren war.
1036 980 2890 1197 Marie: Hab' ich's darum getan, weil er
1183 1162 2661 1328 verloren war?... Weil ich davon
1185 1289 2802 1453 wollte, hab' ich's getan! weil das
1176 1462 2802 1693 Leben mich rief, hab ich's getan!
1042 1624 1589 1792 Arzt: Nun?
1049 1732 2899 1912 Marie: War es das Leben, das ich fand?
1190 1887 2913 2080 War das, was ich erlebt, wert, darum
1204 2062 2984 2198 einen Vater zu morden? Wäre es so viel
1206 2214 2915 2382 wert gewesen... könnt ich dann noch
1208 2341 2830 2581 leben? Ich hab' ja sterben wollen.
