3480 4024
2467 534 2627 673 186
1439 725 1799 916 können!
1193 876 3001 1051 Marie: Und hätt' ich's nur tun müssen
1430 1040 3001 1229 um am nächsten Morgen die Erinner
1430 1153 2720 1358 ung an die vergangene Nacht
1434 1330 2940 1524 nicht von den Flüchen dieses bö-
1457 1497 2978 1666 sen sterben Manns beschmutzen zu
1452 1630 2641 1787 lassen. Ich hätt ’s getan!
1209 1767 3014 1974 Der Arzt: War Ihnen die Erinnerung so
1457 1932 2981 2172 teuer, wer zwang Sie zurückzukeh-
1452 2123 1679 2263 ren?
1225 2204 2958 2418 Marie: Und wär' ich nicht wieder zu-
1468 2371 2963 2591 rückgekommen, ich hätt' es doch
1470 2566 2803 2733 getan! Ich hab' ihn gehasst
1488 2697 3008 2913 und nicht nur für das; was er an
1477 2900 2071 3057 mir veriibte.
1265 2967 2987 3179 Der Arzt: Aber hätten Sie’s auch ge-
1452 3131 3010 3332 tan, wenn am Ausgang dieser Nacht
1562 3309 2877 3496 die Sühne Ihrer Tat gewartet
1508 3487 1819 3645 hätte?
