3416 3992
2729 422 2896 593 170
1208 661 2884 882 DER ARZT: Nein. Ich weiss ja, dass
1466 848 2415 1026 sie bei Ihnen wohnt.
1231 976 3067 1170 DIE TANTE: Ja freilich. Aber da werden
1473 1124 3044 1350 Sie vielleicht eine Weile auf sie
1475 1252 2928 1491 warten müssen. Sie ist nämlich
1491 1409 3023 1667 noch nicht zuhaus. - Wo sind Sie
2912 1582 3012 1731 3.
1503 1621 2332 1815 denn abgestiegen?
1288 1726 2987 1961 DER ARZT: Im goldnen Löwen. Ich bin
1537 1890 2896 2116 schon gestern Abend gekommen.
1281 2047 3053 2273 DE TANTE: Varum sind Sie dem nicht
1541 2225 3069 2421 gradewegs zu uns hergekommen? In
1532 2339 3137 2574 dem Haus ist Platz genug... es ist
1564 2501 3042 2729 viel Platz worden mit der Zeit.-
1582 2649 3085 2900 Es ist schön, dass Sie sich nach
2458 2843 2599 2971 G.F.P.
1573 2841 2396 3051 der Marie umsehn.
1363 2980 3069 3185 DER ARZT: Ich hab' es ihr ja verspro
1591 3126 2624 3358 ehen, und Ihnen auch.
1418 3265 2948 3539 DIE TANTE: Ja, in solchen Zeiten
