3432 3960
2712 285 2896 489 216
1423 569 3003 767 leitet; aber dem hab' ich auf der
1448 708 2882 910 Landstrasse gesagt: "Fort, ich
1448 867 3017 1069 hab' dich satt! was willst du?...
1466 1015 2990 1230 Sieben Nächte bist du bei mir ge-
1473 1163 2907 1385 wesen, ist das nicht genug?...
1286 1336 3062 1533 Und da kiisste er mir die Hand, "Danke,
1497 1466 2965 1697 schönstes Fräulein!" und sprang
1515 1650 2927 1860 aus dem Wagen und lief durch's
1511 1764 3073 1992 Korn... Aber der mit den zornigen
1513 1959 2701 2136 Augen reitet mir nach...
1757 2286 2533 2492 9. Szene.
1410 2508 2884 2737 DIE VORIGEN. DIE TANTE und DER
1927 2647 2326 2876 ADJUKKT.
1331 2846 3133 3086 DIE TANTE: Katharina! Katharino, mein
1571 3014 3046 3216 Kind! Jetzt bleibst du aber da!
1343 3185 3149 3375 KATHARINA: Mutter! :Sie will aufste-
