3496 4056
1032 449 1935 818 Sant seul
1218 681 2237 926 gestern Abend gesagt.
1006 828 3081 1053 DIE NACHBARIN: Nein, Walpurga, das hab' ich
1256 1004 3055 1210 selbar gesagt. Den Herr Oberlehrer hat
1264 1189 2944 1370 nur gesagt: "Wahr ist es, Frau Kaum-
1269 1318 3050 1610 bergeni“:Pause.- Blick auf Walpurgs
1267 1489 3078 1674 Na, und weil wir schon so vorbeigekom-
2887 1553 3099 1659 wir
1249 1625 3060 1847 men sind, Frau Richter, so möcht“ ich
1295 1791 3109 2030 mich doch erkundigen, ob Sie denn noch
1176 1806 1414 1948 une
1313 1930 2975 2183 immer von der Kathrin nichts gehört
1311 2183 1631 2312 haben?
1102 2237 3086 2500 DIE TANTE: :beginnt zu weinen, stellt die
1347 2353 3111 2632 Giesskanne hin. - DIE NACHBARIN sieht
1352 2528 3155 2807 ihre Tochter an. WALPURGA nickt unmerk-
1349 2807 1607 2988 lich:
1138 2835 3173 3088 DIE NACHBARIN: Aber Frau Richter... es tut
1380 2957 3176 3243 mir wirklich leid - - Wenn ich gewusst
1380 3122 3016 3418 hätt'... so hätt' ich mir nicht er
1391 3398 1765 3571 laubt -
