3464 3992
2664 389 2859 546 194
1423 615 3009 850 fen und sich den zu erhalten, den
1440 796 3018 991 Sie durch die Wahrheit wahrschein-
1436 918 2892 1122 lich verlieren würden. Denn ir-
1447 1111 2971 1310 gend einmal könnte Ihr Schweigen
1451 1248 2883 1456 nicht mehr die Kraft bedeuten,
1462 1407 3042 1631 allein zu sein, sondern die Angst.
1478 1584 2279 1759 einsam zu werden.
1232 1697 3016 1925 MARIE: Ich verstehe Sie. Venn der Au-
1482 1867 3007 2058 genblick kommt, in dem ich reden
1476 1993 2909 2210 müsste, werde ich nicht mutlos
1504 2179 2872 2385 sein. Ich weiss, dass ich das
1504 2308 2965 2533 Recht verwirkt habe, irgend ein
1518 2493 3000 2688 Schioksal mit dem meinen zu ver-
1513 2615 3027 2841 knüpfen... Für sich: ausser
1524 2821 2332 3009 einem vielleicht.
