3368 4088
1091 439 2761 686 Mitten in der Stadt haben wir unsere
1108 609 2953 839 Wehnung: nur ein Blick um die Eeke, und
1093 776 3035 1018 das ganze Leben treibt vorbei. - Ich will
1116 936 2439 1153 zum Fenster! Hörst du nicht?
974 1118 1835 1323 M: Zum Fenster -?
1952 1151 2207 1276 Marn
1001 1148 3010 1450 V: Führ' mich hin. Ich will (auch was sehen!
1128 1388 2893 1570 Ich will auch wissen, was in der Welt
1158 1505 2986 1740 vergeht, will) auch die jungen Leute se-
1143 1635 2968 1900 hen, die vielleicht nicht einmal sechs-
1163 1810 2948 2042 undsiebzig Jahre alt werden, denen die
1168 1972 2926 2142 Kugeln die Köpfe, die Arme, die Beine
1191 2072 2986 2304 wegreissen werden, die auf den Feldern
1191 2259 2971 2471 herumliegen werden, blutig und verdur-
1216 2394 3030 2599 stend... Jetzt traben sie... jetzt tra-
1216 2486 3115 2756 ben sie... Gieb mir den Mantel um. Kenn
1276 2666 3105 2936 :se nimmt den Mantel vom Kleiderständer
1078 2783 1201 2946 M:
1246 2838 2237 3070 bringt ihn dem Vater.
1121 2968 3048 3220 V: Ich will hin! :Sie hebt ihn mühselig
1248 3108 3083 3370 auf, er schlingt die Arme um ihre Schul-
1281 3283 2978 3527 tern: Das linke, wenn ich mir Mühe
1286 3382 2931 3667 gebe, geht ja noch ganz leidlich...
