3448 4008
2464 447 2639 624 184
1340 653 2845 889 Ton Ihrer Stimme, mit dem Blick
1347 766 2917 1047 Ihrer Augen und in einer Art, die
1349 1025 2508 1196 ich nicht erwartet habe.
1128 1152 2891 1356 Der Arzt: Sie waren wol der Mienung,
1384 1272 2897 1507 dass ich völlig eines Sinnes mit
1369 1491 1877 1651 Ihnen bin?
1189 1607 2834 1805 Marie: Wenn ich mich der Dinge er-
1395 1695 2891 1962 innere, die Sie zu mir sprachen
1406 1905 2698 2116 am Abend, bevor es geschah,
1413 2043 2895 2251 konnt' ich nicht darauf gefasst
1424 2181 2935 2422 sein, dass Sie meine Tat verdam-
1432 2433 1647 2569 men.
1215 2512 2860 2718 Der Arzt: Die Tat verdamm' ich ge-
1459 2619 2893 2875 wiss nicht; und hätten Sie sie
1454 2801 2983 3044 nur darum begangen, um einen Ver-
1478 2930 3038 3182 lorenen von seinem elenden Dasein
1485 3127 2880 3281 zu erlösen; so trieb' es mich
1489 3246 3044 3500 kaum, Sie zu fragen; aber das war
1509 3331 3070 3589 es doch nicht, worauf es Ihnen an
1535 3651 1732 3762 kam.
