3480 4024
2519 347 2689 579 187.
1236 655 2923 900 Marie: Ich dachte nicht an den Aus-
1485 813 2921 1032 gang. Das Leben rief mich, und
1506 953 3027 1202 diesem Ruf bin ich gefolgt. Auch
1517 1104 3049 1334 wenn ich gewusst hätte, dass ich
1536 1268 2959 1487 dafür büssen muss, hätt' ich's
1551 1400 3070 1664 getan... und wenn mich die ganze
1570 1551 2951 1787 Welt verurteilt, so hätt' ich
1583 1711 2919 1974 mich nicht schuldig gefühlt.
1362 1842 3081 2168 Der Arzt: Schon mancher fühlte sich
2693 1947 2864 2038 und
1623 1976 3157 2251 nicht schuldig wie Sie, die viel-
1640 2164 3027 2413 leicht mit dem gleichen Recht
1732 2302 3134 2542 und doch mussten sie ihre Tat
1702 2551 2145 2723 bezahlen.
1474 2583 3178 2898 Marie: Wollen Sie Zweifel in mir er
1721 2744 3138 3025 wecken, ob ich tun durfte, was
1747 2913 3132 3196 ich getan? Wär' ich unter den
1759 3040 3289 3317 Menschen in der Stadt geblieben,
1793 3157 3330 3468 wer weiss, so läg' ich vielleicht
1802 3338 3300 3627 längst auf dem Strassenpflaster,
