3448 4008
2762 459 2961 633 134
1248 690 3009 895 DER ARZT: Dachten Sie, es sollte nie
1489 837 2980 1060 zwischen uns darüber gesprochen
1502 1034 1872 1213 werden?
1273 1156 2941 1372 MARIE: Gesprochen - - warum nicht?
1523 1294 2922 1518 Aber dass Sie fragen, berührt
1516 1431 3101 1661 mich so eigen... Fragen, als wenn
1525 1592 2970 1814 Sie eine Aufklärung wünschten.
1314 1803 2613 2016 DER ARZT: Ich frage nicht.
1321 1890 3115 2140 MARIE: Nicht mit Worten, aber mit Ih-
1571 2037 3138 2326 rem ganzen Wesen fragen Sie mich,
1571 2200 3179 2413 und in einer Art, wie ich es nicht
1596 2376 2340 2594 erwartet hätte.
1362 2525 3069 2789 DER ARZT: So waren Sie der Meinung,
1617 2716 2957 2872 dass ich Ihre Tat gutheisse?
1379 2817 3225 3037 MARIE: : befremdet: Gutheissent.. Nach
1633 2989 3115 3197 den, was Sie am Abend, bevor es
1645 3138 3197 3372 geschah, zu mir sprachen, war ich
1645 3278 3115 3539 zumindest nicht darauf gefasst.
