3432 4072
2831 233 2934 447 28
1016 435 2993 695 M: Und jetzt eben nicht mehr. Sollte das xxx
1036 627 3076 910 A: Ihre Briefe waren niemals wie die meinen.
1188 629 1802 766 seltsam sein?
1180 675 3043 1011 Und doch - und doch – wie hoffnungsreich
1180 771 2993 1175 war jeder Morgen, an dem ein Brief von
1208 935 2975 1244 Ihnen kam! Ich will’s Ihnen nicht ver-
1271 1236 3119 1474 hehlen Marie, ich glaubte nicht, dass xx
1292 1350 3053 1613 irgendwas auf der Welt geben, das uns
1317 1534 2654 1764 ven einander trennen könnte.
1165 1734 1807 1949 M: Wirklich?
1190 1800 3129 2090 A: Erinnern Sie sich doch. Sehen Sie mich
1340 1934 3139 2257 doch an, kommen Sie zu sich. Verzeihen
1340 2116 3195 2366 Sie, dass ich so zu Ihnen rede. Ich bin
1415 2244 3233 2550 es. :Ihr gegenüber am Tisch, ergreift
1377 2414 3147 2654 ihre Hand. Acht Tage hindurch im Am-
1393 2560 3154 2816 gust des vorigen Jahres haben wir täg-
1413 2692 3200 2967 lich mit einander gesprochen. Morgens
1413 2879 3200 3132 s echs kam ich am Haus Ihrer Tante vor-
1426 3005 3210 3258 bei, Sie standen am Fenster und lächelt.
1468 3182 3177 3417 ten. Diesen Morgengruss nahm ich mit
2143 3359 2909 3518 d. An einem Nachricht.
1681 3407 1784 3556 1m
1605 3468 3091 3698 gleiteten Sie und Ihre Base nicht
