3464 4008
2759 494 2933 660 274
1451 720 2945 935 zieren und immer allein. So mit
1465 867 2947 1055 den Leuten, wenn sie wen trifft
1461 1039 2917 1216 oder wenn wir zu uns kommt, da
1473 1182 3030 1386 red’t sie schon und ist auch ganz
1479 1334 3032 1551 freundlich... Und noch was. Den-
1491 1469 2941 1657 ken Sie sich, Herr Doktor, Sie
1497 1649 2935 1836 wissen ja - oder wissen' a auch
1503 1788 3084 1974 nicht -: wir haben dadrin ein Xla
1505 1970 2991 2131 vier stehn, ein altes, noch von
1501 2095 3058 2311 meinem seligen Mann her, der wun-
1527 2251 2967 2458 derschön gespielt hat! Da sind
1533 2406 3029 2582 die Leute oft stehn geblieben...
1543 2534 3068 2743 auch Fremde aus der Stadt... und
1525 2713 3130 2913 haben zugehört. Meine Töchter, die
1543 2857 2983 3050 haben’s nicht weit gebracht, -
1545 3021 3136 3224 haben auch nicht viel Zeit gehabt.
1553 3186 3030 3377 Und es ist auch recht verstimmt
1591 3328 2951 3541 das Klavier... Und denken Sie
