3416 4008
2456 339 2645 479 165
1184 514 2794 751 Macht, die man ja auh nicht gerade
1184 634 2868 871 nennen muss, war sie ja doch wol Ih-
1200 887 1426 1071 nen.
1071 958 2928 1203 Adj: Mir...? Wissen Sie denn nicht -?
1138 1097 2942 1357 Arzt: Darauf kommt es vielleicht weni¬
1251 1352 1617 1511 ger an.
1113 1368 2868 1668 Adj: Hätt' ich sie halten sollen?...
1267 1530 2923 1818 halten können?... halten dürfen?...
1285 1684 2910 1965 Wein. Sie wissen, was ich alles an
1320 1811 3039 2124 jenem letzten Abend von ihr habe ver-
1318 2009 3006 2265 nehmen müssen. Vergeblich seit jener
1341 2147 2986 2435 entsetzlichen Stunde müh' ich mich,
1352 2301 3117 2578 mir das milde Antlitz, die schweigende
1355 2403 3110 2714 Anmut vorzusellen, mit der sie mir in
1394 2557 3076 2875 frühem Zeiten entgegentrat. Vergeb-
1410 2705 3094 3023 lieh look' ich aus meiner Erinnerung
1412 2900 3147 3161 den Wohllaut ihrer Stimme mir hervor.
1424 2986 3205 3310 Wenn ich jetzt an sie denke, erscheint
1456 3158 3253 3456 mir ihr Antlitz von der Qual ungestill-
1470 3338 3117 3605 ter wilder und grauenvoller Wünsche
