3416 3944
2690 280 2886 485 206
1401 528 2984 768 mer von mir gehen, habe ich Ihnen
1428 740 2143 927 etwas zu sagen.
1196 893 2073 1066 DER ADJUKT: Mir?
1182 998 2993 1259 MARIE: Ich muss Ihnen sagen, dass ich
1423 1175 3006 1360 mich, als wir zum letzten Mal mit
1433 1330 2876 1542 einander sprachen, einer Stinde
1437 1476 2817 1690 mit Unrecht beschuldigt habe.
1221 1660 2214 1854 DER ADJUKT: Marie -
1218 1806 2879 2025 MARIE: Einer Stunde - der Feigheit.
1230 1945 2706 2161 DER ADJUNKT: Vas bedeutet das?
1228 2091 3056 2307 MARIE: Ich habe den Mut noch gefunden.
1464 2243 2904 2471 zu tun, was ich wollte. Es war
1474 2416 2544 2615 nicht zu spät gewesen.
1257 2526 3040 2783 DER ADJUNET: Ich verstehe Sie, Marie.
1496 2744 3015 2908 Sie fürchten, dass ich mit einer
1489 2867 3038 3072 Hoffnung von hier fortgehen könn-
1508 3025 3072 3229 te. Sie irren. Es hat sich nichts
1510 3173 3097 3409 in mir geändert seit jener Stunde.
