3448 3944
1707 549 2316 885 szene
1525 883 2475 1113 MARIN. DER ADJUN – T.
1275 1051 3011 1304 DER ADJUNKT: Sie wird... sterben...!
1257 1263 3022 1456 MARIE: Gehen Sie zu ihr, Eduard. Sie
1514 1411 2939 1586 sollen jetzt nicht dieses Haus
1534 1570 3024 1758 verlassen... Gehen Sie zu ihr...
1304 1702 2524 1929 DER ADJUNKT: Und Sie...?
1310 1832 3116 2083 MANIB: Ich begreife sehr gut, dass in
1537 2032 3024 2229 dieser Stunde, mehr noch als in
1537 2166 3020 2397 irgend siner andern, meine Anwe-
1564 2321 2986 2529 senheit Ihnen entsetzlich sein
1552 2471 2972 2679 nuss... Es ist wahrscheinlich,
1568 2663 3028 2822 dass ich weniger hierher gehöre
1572 2782 3049 3024 als Sie... Lassen Sie mich gehn
1581 2972 2498 3143 und bleiben Sie...
1348 3105 3022 3288 DER ADJUKT: Das will ich tun. Aber
1599 3246 3098 3476 wahrhaftig, Marie, auch sie braut
