3496 4168
1055 481 2927 724 V: Ich will daven nicht mehr reden hören!
1162 628 2859 930 Es handelt sich nicht um Sie allein.
1154 751 3004 1104 Maben Sie nicht Fieber, Fräulein Marie?
1193 932 3031 1222 Ich habe nicht Fieber. Ich glaube nicht,
1041 1108 1157 1297 M:
1164 1176 2202 1393 dass ich Fieber habe.
1072 1239 2939 1548 A: Armes Kind! So geht das nicht weiter.
1217 1386 2997 1688 Morgen Früh schicke ich Ihnen die Wär-
1258 1676 1531 1864 ter in.
1142 1732 3050 2004 V: Wie können Sie es wagen, über mich zu
1287 1857 3038 2149 verfügen? Ich habe kein Geld für eine
1193 2183 3137 2473 A: Ueberlassen Sie das mir; Sie werden mir
1307 2181 1741 2350 Wärterin.
1357 2352 2910 2642 das Geld zurückzahln, sobald - -
1227 2429 3176 2768 V: Sie wollen mir was schenken? Was unter-
1369 2630 3130 2925 stehen Sie sich? Was wagen Sie? - Ein
1403 2787 2946 3062 Wärterin kennt mir nicht über die
1403 2893 3091 3226 Schwelle! Wezu hätte man Kinder, von
1430 3055 3272 3374 sie einem in der schwersten Stunde nicht
1447 3210 3275 3504 beistehen? /:Nach einigen Worten beredet
1485 3342 3253 3666 in der Arzt zum Zweck einer Untersuchung.
1538 3511 3019 3794 mit ihm ins Nebenzimmer zu gehen
