3432 4008
2721 444 2913 688 176
1439 715 2983 918 sie auf und davon... aus und da-
1712 891 2462 1049 /: Sie halt inne:
2529 905 2631 1072 G.
1437 916 1722 1078 von.
1712 1002 1843 1065 G.T.
1212 1040 2674 1225 DER ARZT: t:verlegen: Nun -.
1259 1207 2908 1376 DE TANTE: (:vischt sich die Augen:
1446 1349 3048 1509 Ja, das war der letzte Abend. Aber
1453 1482 3028 1670 da hat’s noch gar nicht ausgesehn
1469 1634 3048 1814 als ging' es so bald zu Ende. Bös
1462 1787 2978 1970 var er damals! O du meine Selig-
1478 1945 3039 2155 keit, nur dass er nicht über mich
1464 2101 3062 2328 hergefallen ist! Und am Morgen isi
1489 2279 2337 2450 er nimmer erwacht.
1264 2405 3078 2613 DER ARZT: Ja, es war ein leichter Tod
1489 2547 3073 2746 soweit wir das beurteilen können.-
1509 2708 3093 2913 Schön ist's da bei Ihnen. Die Laft
1505 2865 3068 3064 tut mir wohl... Und wie hübsch ge¬
1514 3008 3064 3204 pflegt der Garten! Und die präch-
1518 3175 3001 3400 tigen Rosen! Dass die so spät noch
1525 3360 2004 3578 blühent...
