3416 4088
1010 463 3014 717 M: Es wird besser werden, wenn der Frühling
1155 652 2170 866 weiter ist, sagt er.
1033 752 2999 1005 V: Das sagt er mir auch. Aber das Andere,
1192 943 3021 1152 wie lang es noch dauern wird. Du redest
1207 1098 3111 1319 ja mit ihm noch viertelstundenlang manch-
1185 1237 3029 1478 mal draussen in der Küche. Da fragst du
1207 1416 3054 1605 ihn doch, wie lang es noch dauern wird,
1207 1568 3098 1794 Sieben Jahre... oder drei... eder eins..
1404 1692 2892 1899 oder nicht einmal mehr eins?...
1100 1819 3086 2086 M: Wenn es (ganz) warm (sein) wird, werden wir
1252 2018 2320 2230 wieder aufs Land gehn.
1132 2143 2655 2384 V: Aufs Land?... Zu Tante Teni?
1130 2329 1954 2558 M: Ieh denke wel.
1147 2414 3143 2703 V: Weht’s wieder da her?... Mussmieder im
1302 2563 3096 2825 Wald und auf Wiesen herumgelaufen wer-
1312 2703 3126 2979 den, und bis spät in die Nacht hin und
1319 2835 3138 3113 herspaziert mit Base Katharina und dem
1334 3049 2339 3293 Herrn Ferstadjunkten?
1200 3158 3066 3467 M: Beim Himmel, ich dachte nicht an ihn
1364 3310 3128 3644 Nicht?... nicht?... Schreibt er denn
1234 3457 1341 3656 V:
1376 3566 2138 3770 nicht alle Tage?
