3432 4104
2782 318 2911 440 34
1106 490 2628 723 nicht bei Sinnen. Was für Werte!
1109 609 2916 878 haben Recht, wenn Sie mich davinjagen.
987 781 2996 1052 M: Haben Sie sonst nichts auf meiner Stirn
1154 885 3080 1183 gesehen?... Schauen Sie doch genauer hin.
1149 1032 2862 1357 All das, all das und noch etwas mehr
1186 1258 2193 1509 steht drauf zu lesen!
1064 1474 1574 1686 A: Marie!
1072 1537 3048 1842 M: Ich gütig - ich treu - ieh geduldig?...
1216 1663 3098 1952 Hören Sie mich doch erst, und dann prei-
1233 1855 2901 2103 sen Sie mich! - Seit einer gewissen
1275 1984 3105 2240 Stunde sind Sie mir nichts... nicht mehr
1318 2061 1509 2178 zeit.
1268 2118 3073 2409 als irgend ein Unbekannter; Sie hätten
1278 2253 3143 2543 sterben können und ich hätte keine Träne
1293 2449 3051 2693 geweint, Ihr kaum gedacht. Seit einem
1313 2591 3063 2869 gewissen Tage ist keine Stunde vergan-
1338 2747 3053 3001 gen, in der ich nicht nach den Umarmant-
1335 2857 3202 3160 gen eines Andern lechzte, den ich einmal
1362 3003 3160 3342 gesehen, der eine Sekunde darauf nicht
1362 3200 3140 3466 mehr an mich dachte... Seit einem ge-
1400 3304 3118 3578 wissen Tage ist keine Nacht heraufge-
1405 3461 3008 3767 gangen, in der ich nicht diesen al
