3464 3960
2785 363 2966 515 212
1476 601 3025 814 nug, der Mutter und der Base und
1492 785 2985 959 den guten Freunden von einst ei-
1494 944 3056 1111 nen schön guten Tag zu winschen.
1901 1045 2112 1140 - 29-
1278 1069 2526 1278 DER ADJUNKT: Was ist ihr?
1278 1252 2801 1426 DER ARZT: Holen Sie die Mutter.
1291 1408 2174 1593 DER ADJUNKT: ab:
1756 1707 2627 1896 8. Szene.
1549 1885 2906 2097 KATHARINA. MARIE. DER ARZT.
1313 2176 2710 2422 MARIE: Woher kommst du denn?
1331 2334 3102 2495 KATHARIA: Das werd' ich aich gleich
1564 2479 3029 2640 sagen!... Und wenn ihr den Kut-
1571 2638 3150 2820 scher fragen wollt, der wird auch
1582 2754 3192 2939 auch nichts verraten. Er ist stumm
1577 2930 3117 3124 und hat einen roten Hut und rote
1597 3117 3102 3267 Gamaschen und fährt wie der Teu-
1602 3230 3078 3445 fel!... Sind auch vier Schimmel
