3432 3960
2666 306 2859 521 19a
1396 554 2880 790 Wünsche gestanden und ihn schon
1403 797 2961 946 vor ihnen so geschauert hat, dass
1414 959 2981 1079 er von diesem Augenblick an meine
1403 1138 1992 1289 Nähe flieht.
1191 1252 2854 1436 DER ARZT: Der uns flieht, ist noch
1427 1434 2854 1552 bei uns; erst der, der uns ver-
1429 1565 2813 1727 gisst, hat uns verlassen. Ver
1429 1677 2909 1865 flieht, trägt noch den Duft des
1438 1898 2865 2027 Orts in seinen Haaren, aus dem
1451 2055 2911 2198 er enteilt, und wer diesen Duft
1436 2184 2979 2344 noch in seinen Haaren trägt, ist
1449 2333 2950 2502 nicht so frei, wie er sein muss.
1224 2493 2850 2664 MARIE: Was verlangen Sie von mir?
1237 2648 2994 2813 DER ARZT: Ich verlange, dass Sie dem
1473 2804 3047 2968 einzigen Menschen die Wahrheit sa¬
1488 2966 2985 3136 gen, der ein Anrecht hat, Sie zu
1484 3139 2953 3263 kennen: dem, der das Gefühl des
1491 3261 2948 3445 Alleinseins von Ihnen genommen.
