3464 4088
2675 278 2788 428 32
1172 401 3076 691 noch von Einsicht in ihm schlummert, und
1197 599 2971 852 den Funken Vaterliebe zu Flammen anzu-
1202 731 2953 1030 fachen. Geben Sie mir das Recht dazu.
1120 804 3139 1155 M: Sie werden nicht mit ihm reden. Hhn I.
1100 1005 3081 1298 A: Und ich soll fort? Sie so zurücklassen,
1252 1157 3114 1458 wie ich Sie fand? Sell wieder monatelang
1280 1338 3094 1598 weit entfernt von Ihnen leben, ohne zu
1298 1465 3134 1784 wissen, was Sie denken, was sie denken.
1313 1646 3051 1924 was Sie tun... ohne irgend eine Hoff-
1305 1911 1583 2094 nung?
1180 2017 2292 2232 M: Das sagt' ich nicht.
1205 2089 3204 2395 A (: So sagen Sie wenigstens, dass Sie meine
1353 2282 2605 2530 Briefe beantworten werden.
1235 2440 2861 2680 M: Das kann ich nicht versprechen.
1255 2560 3206 2841 A: Nicht einmal das?... Marie, was ist ge-
1405 2688 3241 2966 schehn?... Was ich hier sah, hörte, ist
1413 2846 3211 3129 nicht alles. Es giebt irgendetwas, was
1440 2946 3312 3277 sich zwischen uns gedrängt hat. Ich will
1453 3099 3264 3427 nicht sagen, dass Sie mich liebten, Ma-
1460 3297 3166 3547 rie, aber Sie waren dazu bereit. Ich
1490 3464 3179 3672 will nicht sagen, dass Ihre Augen je
