3432 4056
2769 526 2955 740 170
1334 535 2443 827 auf mit der Stiftheim
2278 713 2456 848 J’ai
1245 781 2897 999 DER ARZT: Nein. Ich weiss ja, dass
1483 969 2447 1147 sie bei Ihnen wohnt.
1248 1092 3087 1273 DIE TANTE: Ja freilich. Aber da werden
1693 1229 2072 1348 könnten
1499 1266 3073 1444 Sie/vielleicht eine Weile auf sie
1520 1380 2950 1609 warten müssen. Sie ist nämlich
350 1417 1396 1670 + weil sie Gazin
1515 1533 3030 1782 noch nicht zu haus. (— Wo sind Sie
642 1590 1140 1812 ger ist
1531 1764 2351 1951 denn abgestiegen!
1298 1878 3014 2084 DER ARZT: Im goldnen Löwen. Ich bin
1542 2018 2941 2226 schon gestern Abend gekommen.
1312 2152 3064 2395 DIE TANTE: Warum sind Sie denn nicht
1558 2315 3089 2511 gradewegs zu uns hergekommen? In
1565 2498 3151 2657 dem Haus ist Platz genug... es ist
1581 2628 3055 2865 viel Platz worden mit der Zeit.-
1570 2779 3108 2993 Es ist schön, dass Sie sich nach
1600 2986 2411 3142 der Marie umsehn.
1360 3050 3133 3309 DER ARZT: Ich hab' es ihr ja verspro-
1606 3265 2600 3459 chen, und Ihnen auch.
1382 3386 3185 3622 DIE TANTE: Ja, in solchen Zeiten sagt
