3448 4024
2753 462 2959 596 185
1489 694 2592 919 dass Sie sie verdammen.
1260 810 2925 1048 DER ARZT: Ihre Tat - nein, die ver¬
1500 1005 2891 1179 damm' ich auch nicht. Aber es
1502 1162 2949 1375 komst auf die Gründe an, warum
1517 1347 2215 1510 man etwas tut.
1283 1438 2995 1718 MARIB: Auch dass Sie die verdammen,
1532 1655 2588 1841 hab' ich nicht geadnt.
1317 1773 3019 2007 DER ARZT: Haben Sie es getan, um ei
1559 1903 3004 2138 nen Menschen von einem elenden
1570 2079 3084 2297 Dasein zu erlösen, das selbst zu
1576 2242 2594 2439 enden zu schwach war?
1336 2355 3029 2618 MARIE: Nicht darum - aber immerhin
1597 2560 3014 2751 wurde auch das damit erreicht.
1375 2675 3069 2915 DER ARZT: Wollen Sie sich diesen Er
1604 2832 2679 3059 folg zugute schreiben?
1430 3014 3055 3203 MARIE: Nein. Umsoweniger, als ich
1652 3139 3176 3375 vielleicht das selbe getan hätte,
1699 3286 3067 3530 wenn er noch zu retten gewesen
