<?xml version="1.0" encoding="UTF-8" standalone="yes"?>
<PcGts xmlns="http://schema.primaresearch.org/PAGE/gts/pagecontent/2013-07-15" xmlns:xsi="http://www.w3.org/2001/XMLSchema-instance" xsi:schemaLocation="http://schema.primaresearch.org/PAGE/gts/pagecontent/2013-07-15 http://schema.primaresearch.org/PAGE/gts/pagecontent/2013-07-15/pagecontent.xsd">
    <Metadata>
        <Creator>prov=READ-COOP:name=TrHtr:version=2.1.0:model_id=51170:date=29_07_2023_10:58</Creator>
        <Created>2023-05-10T12:30:30.896+02:00</Created>
        <LastChange>2023-07-29T10:58:40.754+02:00</LastChange>
        <TranskribusMetadata docId="1428203" pageId="55404414" pageNr="211" tsid="131408436" status="IN_PROGRESS" userId="64420" imgUrl="https://files.transkribus.eu/Get?id=SFVTITQJNPCXHLSKRCWTEVZI&amp;fileType=view" xmlUrl="https://files.transkribus.eu/Get?id=KJWZKCRVWSTNLYJLUOYRWQRY" imageId="44679145"/>
    </Metadata>
    <Page imageFilename="1428203_0211.jpg" imageWidth="3368" imageHeight="3928">
        <ReadingOrder>
            <OrderedGroup id="ro_1711796113339" caption="Regions reading order">
                <RegionRefIndexed index="0" regionRef="tr_1"/>
                <RegionRefIndexed index="1" regionRef="tr_2"/>
            </OrderedGroup>
        </ReadingOrder>
        <TextRegion id="tr_1" custom="readingOrder {index:0;}">
            <Coords points="1077,349 2972,349 2972,1839 1077,1839"/>
            <TextLine id="tr_1_tl_1" custom="readingOrder {index:0;}">
                <Coords points="2541,505 2609,493 2659,460 2669,467 2683,457 2697,472 2718,472 2721,329 2702,322 2676,341 2666,337 2647,348 2545,332"/>
                <Baseline points="2557,402 2587,402 2632,405 2677,402 2722,399"/>
                <TextEquiv>
                    <Unicode>180</Unicode>
                </TextEquiv>
            </TextLine>
            <TextLine id="tr_1_tl_2" custom="readingOrder {index:1;}">
                <Coords points="1100,630 1258,659 1685,592 1839,633 2031,585 2214,595 2256,585 2259,483 1830,547 1612,500 1311,559 1104,540"/>
                <Baseline points="1116,620 1143,620 1187,617 1232,614 1277,614 1322,611 1367,611 1411,608 1456,605 1501,602 1546,602 1590,599 1635,599 1680,599 1725,596 1769,593 1814,590 1859,588 1904,588 1949,585 1993,582 2038,579 2083,579 2128,576 2172,576 2217,576 2262,582"/>
                <TextEquiv>
                    <Unicode>Arzt: Woher kommen Sie?</Unicode>
                </TextEquiv>
            </TextLine>
            <TextLine id="tr_1_tl_3" custom="readingOrder {index:2;}">
                <Coords points="1064,780 1168,820 2638,709 2813,780 2967,732 2972,611 2109,685 1794,616 1569,668 1313,628 1066,702"/>
                <Baseline points="1077,779 1092,776 1137,773 1181,773 1226,770 1271,770 1316,767 1361,761 1405,761 1450,761 1495,758 1540,758 1584,755 1629,755 1674,752 1719,752 1764,746 1808,743 1853,743 1898,743 1943,737 1987,737 2032,731 2077,731 2122,728 2166,728 2211,728 2256,725 2301,722 2346,719 2390,719 2435,716 2480,713 2525,713 2569,710 2614,710 2659,707 2704,704 2749,701 2793,701 2838,698 2883,701 2928,701 2972,701"/>
                <TextEquiv>
                    <Unicode>Marie: Woher ich komme? Ich habe in Lügel</Unicode>
                </TextEquiv>
            </TextLine>
            <TextLine id="tr_1_tl_4" custom="readingOrder {index:3;}">
                <Coords points="1206,929 1306,974 1375,927 2410,872 2692,939 2782,915 2789,770 2702,735 2560,822 1398,827 1211,872"/>
                <Baseline points="1220,925 1226,925 1271,922 1316,919 1361,919 1405,916 1450,910 1495,913 1540,910 1584,910 1629,907 1674,904 1719,901 1764,901 1808,898 1853,895 1898,892 1943,892 1987,889 2032,886 2077,883 2122,880 2166,880 2211,877 2256,877 2301,874 2346,871 2390,868 2435,868 2480,868 2525,865 2569,862 2614,862 2659,859 2704,853 2749,853 2793,856"/>
                <TextEquiv>
                    <Unicode>und Feigheit und Mord gesehn. Ich</Unicode>
                </TextEquiv>
            </TextLine>
            <TextLine id="tr_1_tl_5" custom="readingOrder {index:4;}">
                <Coords points="1209,1102 2702,1007 2768,1052 2960,1010 2965,929 1213,1014"/>
                <Baseline points="1223,1080 1265,1074 1310,1074 1355,1071 1399,1068 1444,1065 1489,1065 1534,1062 1578,1059 1623,1059 1668,1056 1713,1056 1758,1053 1802,1047 1847,1047 1892,1044 1937,1044 1981,1044 2026,1038 2071,1038 2116,1035 2160,1032 2205,1032 2250,1032 2295,1029 2340,1023 2384,1020 2429,1017 2474,1014 2519,1014 2563,1014 2608,1011 2653,1008 2698,1008 2743,1005 2787,1002 2832,999 2877,996 2922,996 2966,993"/>
                <TextEquiv>
                    <Unicode>habe einem Mann gehört, dem ich nicht</Unicode>
                </TextEquiv>
            </TextLine>
            <TextLine id="tr_1_tl_6" custom="readingOrder {index:5;}">
                <Coords points="1216,1228 2863,1166 2884,1050 2510,1126 1469,1173 1221,1102"/>
                <Baseline points="1229,1226 1274,1220 1319,1220 1364,1220 1408,1217 1453,1217 1498,1211 1543,1208 1587,1205 1632,1208 1677,1202 1722,1199 1767,1196 1811,1193 1856,1193 1901,1190 1946,1187 1990,1187 2035,1184 2080,1184 2125,1181 2169,1178 2214,1178 2259,1176 2304,1173 2349,1173 2393,1167 2438,1164 2483,1161 2528,1158 2572,1158 2617,1155 2662,1155 2707,1152 2751,1152 2796,1149 2841,1149 2886,1152"/>
                <TextEquiv>
                    <Unicode>mehr war als die Lust einer letzten</Unicode>
                </TextEquiv>
            </TextLine>
            <TextLine id="tr_1_tl_7" custom="readingOrder {index:6;}">
                <Coords points="1213,1396 2344,1320 2709,1389 2899,1337 2906,1216 2337,1287 2214,1247 1787,1296 1687,1223 1221,1270"/>
                <Baseline points="1226,1370 1247,1370 1292,1367 1337,1367 1381,1370 1426,1367 1471,1367 1516,1364 1561,1361 1605,1358 1650,1355 1695,1352 1740,1352 1784,1349 1829,1346 1874,1343 1919,1340 1964,1337 2008,1334 2053,1334 2098,1331 2143,1331 2187,1328 2232,1325 2277,1322 2322,1319 2366,1316 2411,1313 2456,1310 2501,1307 2546,1307 2590,1304 2635,1301 2680,1298 2725,1298 2769,1295 2814,1292 2859,1289 2904,1295"/>
                <TextEquiv>
                    <Unicode>Nacht. Ich habe mit ihm sterben wol-</Unicode>
                </TextEquiv>
            </TextLine>
            <TextLine id="tr_1_tl_8" custom="readingOrder {index:7;}">
                <Coords points="1240,1533 2214,1479 2581,1512 2894,1462 2901,1365 1969,1460 1244,1439"/>
                <Baseline points="1253,1525 1289,1525 1334,1522 1378,1522 1423,1522 1468,1519 1513,1516 1558,1513 1602,1510 1647,1507 1692,1504 1737,1501 1781,1498 1826,1498 1871,1492 1916,1492 1961,1492 2005,1489 2050,1486 2095,1483 2140,1480 2184,1477 2229,1474 2274,1471 2319,1468 2363,1465 2408,1465 2453,1465 2498,1462 2543,1459 2587,1456 2632,1453 2677,1453 2722,1450 2766,1447 2811,1444 2856,1441 2901,1444"/>
                <TextEquiv>
                    <Unicode>len, und er hat mich davongejagt in</Unicode>
                </TextEquiv>
            </TextLine>
            <TextLine id="tr_1_tl_9" custom="readingOrder {index:8;}">
                <Coords points="1247,1702 2951,1609 2955,1500 1564,1619 1256,1538"/>
                <Baseline points="1262,1680 1301,1677 1346,1674 1390,1674 1435,1674 1480,1668 1525,1665 1570,1659 1614,1656 1659,1653 1704,1650 1749,1647 1793,1644 1838,1644 1883,1641 1928,1641 1972,1638 2017,1635 2062,1632 2107,1632 2152,1626 2196,1623 2241,1620 2286,1617 2331,1614 2375,1614 2420,1608 2465,1608 2510,1605 2554,1605 2599,1605 2644,1602 2689,1596 2734,1593 2778,1590 2823,1587 2868,1584 2913,1581 2957,1581"/>
                <TextEquiv>
                    <Unicode>der grossen Stunde. Da wollt' ich al</Unicode>
                </TextEquiv>
            </TextLine>
            <TextLine id="tr_1_tl_10" custom="readingOrder {index:9;}">
                <Coords points="1256,1832 1431,1875 1960,1792 2659,1775 2832,1747 2835,1680 2242,1751 2171,1711 1808,1754 1676,1695 1263,1716"/>
                <Baseline points="1271,1829 1316,1826 1361,1826 1405,1826 1450,1823 1495,1820 1540,1814 1584,1811 1629,1805 1674,1805 1719,1802 1764,1802 1808,1799 1853,1796 1898,1793 1943,1790 1987,1787 2032,1784 2077,1781 2122,1781 2166,1775 2211,1775 2256,1775 2301,1767 2346,1764 2390,1764 2435,1761 2480,1758 2525,1755 2569,1752 2614,1749 2659,1749 2704,1746 2749,1740 2793,1737 2838,1740"/>
                <TextEquiv>
                    <Unicode>lein davon. Was hatt ich noch zu</Unicode>
                </TextEquiv>
            </TextLine>
        </TextRegion>
        <TextRegion id="tr_2" custom="readingOrder {index:1;}">
            <Coords points="1274,1827 3095,1827 3095,3520 1274,3520"/>
            <TextLine id="tr_2_tl_1" custom="readingOrder {index:0;}">
                <Coords points="1258,1998 2939,1910 2946,1801 1974,1891 1782,1839 1377,1887 1270,1844"/>
                <Baseline points="1274,1990 1292,1987 1337,1981 1381,1978 1426,1975 1471,1975 1516,1969 1561,1966 1605,1964 1650,1961 1695,1958 1740,1955 1784,1952 1829,1949 1874,1949 1919,1943 1964,1940 2008,1937 2053,1934 2098,1931 2143,1928 2187,1925 2232,1922 2277,1919 2322,1916 2366,1913 2411,1913 2456,1910 2501,1907 2546,1904 2590,1901 2635,1898 2680,1895 2725,1892 2769,1889 2814,1883 2859,1883 2904,1877 2948,1880"/>
                <TextEquiv>
                    <Unicode>tun?... Und der Morgen kam. Die Son-</Unicode>
                </TextEquiv>
            </TextLine>
            <TextLine id="tr_2_tl_2" custom="readingOrder {index:1;}">
                <Coords points="1268,2159 3012,2064 3017,1981 1626,2074 1277,2000"/>
                <Baseline points="1280,2146 1319,2137 1364,2134 1408,2131 1453,2128 1498,2122 1543,2119 1587,2116 1632,2113 1677,2110 1722,2110 1767,2104 1811,2104 1856,2101 1901,2095 1946,2089 1990,2086 2035,2086 2080,2083 2125,2083 2169,2077 2214,2074 2259,2071 2304,2068 2349,2065 2393,2062 2438,2062 2483,2059 2528,2056 2572,2053 2617,2050 2662,2050 2707,2047 2751,2044 2796,2038 2841,2035 2886,2032 2931,2032 2975,2032 3020,2038"/>
                <TextEquiv>
                    <Unicode>ne. Das Licht war hell. Ein Tag noch,</Unicode>
                </TextEquiv>
            </TextLine>
            <TextLine id="tr_2_tl_3" custom="readingOrder {index:2;}">
                <Coords points="1280,2308 2752,2192 3043,2261 3055,2095 1285,2247"/>
                <Baseline points="1295,2289 1310,2289 1355,2286 1399,2286 1444,2283 1489,2280 1534,2280 1578,2271 1623,2268 1668,2265 1713,2262 1758,2259 1802,2259 1847,2253 1892,2253 1937,2247 1981,2244 2026,2238 2071,2235 2116,2232 2160,2229 2205,2226 2250,2223 2295,2220 2340,2217 2384,2217 2429,2214 2474,2208 2519,2205 2563,2205 2608,2202 2653,2202 2698,2196 2743,2193 2787,2193 2832,2187 2877,2184 2922,2178 2966,2178 3011,2175 3056,2175"/>
                <TextEquiv>
                    <Unicode>sagt ich. Länger durft' ich ja nicht.</Unicode>
                </TextEquiv>
            </TextLine>
            <TextLine id="tr_2_tl_4" custom="readingOrder {index:3;}">
                <Coords points="1282,2474 2607,2349 2853,2394 2861,2285 1543,2382 1462,2318 1294,2313"/>
                <Baseline points="1298,2441 1340,2441 1384,2438 1429,2435 1474,2435 1519,2432 1564,2426 1608,2423 1653,2420 1698,2414 1743,2411 1787,2408 1832,2402 1877,2402 1922,2399 1966,2396 2011,2396 2056,2390 2101,2384 2146,2384 2190,2378 2235,2378 2280,2372 2325,2369 2369,2366 2414,2363 2459,2360 2504,2357 2549,2355 2593,2352 2638,2349 2683,2346 2728,2343 2772,2340 2817,2337 2862,2334"/>
                <TextEquiv>
                    <Unicode>Ich irrte weiter. Und wieder eine</Unicode>
                </TextEquiv>
            </TextLine>
            <TextLine id="tr_2_tl_5" custom="readingOrder {index:4;}">
                <Coords points="1294,2602 2998,2507 3031,2384 1704,2522 1479,2451 1301,2486"/>
                <Baseline points="1307,2596 1331,2590 1375,2587 1420,2587 1465,2587 1510,2584 1555,2581 1599,2578 1644,2575 1689,2569 1734,2566 1778,2563 1823,2557 1868,2554 1913,2554 1958,2552 2002,2549 2047,2546 2092,2540 2137,2537 2181,2534 2226,2528 2271,2525 2316,2522 2360,2519 2405,2516 2450,2516 2495,2513 2540,2510 2584,2504 2629,2501 2674,2498 2719,2492 2763,2489 2808,2486 2853,2480 2898,2477 2943,2474 2987,2474 3032,2468"/>
                <TextEquiv>
                    <Unicode>Nacht. Im Wald geschlafen. Da kam die</Unicode>
                </TextEquiv>
            </TextLine>
            <TextLine id="tr_2_tl_6" custom="readingOrder {index:5;}">
                <Coords points="1313,2759 2913,2659 2920,2574 1635,2697 1322,2631"/>
                <Baseline points="1325,2749 1355,2746 1399,2746 1444,2746 1489,2746 1534,2740 1578,2737 1623,2734 1668,2728 1713,2725 1758,2719 1802,2716 1847,2713 1892,2710 1937,2704 1981,2701 2026,2698 2071,2692 2116,2689 2160,2686 2205,2683 2250,2680 2295,2674 2340,2671 2384,2671 2429,2668 2474,2668 2519,2665 2563,2662 2608,2656 2653,2650 2698,2647 2743,2644 2787,2638 2832,2635 2877,2629 2922,2626"/>
                <TextEquiv>
                    <Unicode>Angst... Nun mäte es lang entdeckt</Unicode>
                </TextEquiv>
            </TextLine>
            <TextLine id="tr_2_tl_7" custom="readingOrder {index:6;}">
                <Coords points="1325,2906 2733,2835 2965,2773 3064,2818 3093,2699 1787,2835 1334,2794"/>
                <Baseline points="1337,2901 1349,2901 1393,2901 1438,2898 1483,2895 1528,2892 1572,2889 1617,2883 1662,2877 1707,2874 1752,2871 1796,2868 1841,2862 1886,2859 1931,2856 1975,2853 2020,2850 2065,2847 2110,2844 2155,2838 2199,2838 2244,2832 2289,2829 2334,2829 2378,2823 2423,2820 2468,2814 2513,2814 2557,2808 2602,2805 2647,2802 2692,2796 2737,2796 2781,2790 2826,2784 2871,2781 2916,2778 2960,2772 3005,2769 3050,2769 3095,2766"/>
                <TextEquiv>
                    <Unicode>sein; sie suchen mich. Und ich war en</Unicode>
                </TextEquiv>
            </TextLine>
            <TextLine id="tr_2_tl_8" custom="readingOrder {index:7;}">
                <Coords points="1341,3062 1977,3010 2133,3045 2270,2984 2763,2941 2932,2972 2984,2856 1953,2960 1846,2889 1353,2915"/>
                <Baseline points="1355,3053 1370,3053 1414,3050 1459,3047 1504,3044 1549,3041 1593,3035 1638,3032 1683,3029 1728,3026 1772,3023 1817,3020 1862,3014 1907,3011 1952,3008 1996,3005 2041,2999 2086,2996 2131,2993 2175,2990 2220,2984 2265,2981 2310,2975 2355,2972 2399,2969 2444,2966 2489,2963 2534,2960 2578,2957 2623,2954 2668,2951 2713,2946 2757,2943 2802,2940 2847,2934 2892,2931 2937,2925 2981,2928"/>
                <TextEquiv>
                    <Unicode>schlossen, wenn die Gefahr mir nahe</Unicode>
                </TextEquiv>
            </TextLine>
            <TextLine id="tr_2_tl_9" custom="readingOrder {index:8;}">
                <Coords points="1339,3242 2820,3109 2901,3095 2908,3024 2216,3064 2003,3124 1851,3093 1650,3164 1540,3117 1346,3143"/>
                <Baseline points="1355,3214 1384,3208 1429,3202 1474,3199 1519,3196 1564,3190 1608,3187 1653,3187 1698,3178 1743,3172 1787,3172 1832,3169 1877,3163 1922,3160 1966,3157 2011,3154 2056,3151 2101,3148 2146,3142 2190,3140 2235,3137 2280,3131 2325,3128 2369,3125 2414,3122 2459,3122 2504,3113 2549,3110 2593,3107 2638,3101 2683,3098 2728,3092 2772,3092 2817,3089 2862,3089 2907,3089"/>
                <TextEquiv>
                    <Unicode>kommt, selbst ein Ende zu machen.</Unicode>
                </TextEquiv>
            </TextLine>
            <TextLine id="tr_2_tl_10" custom="readingOrder {index:9;}">
                <Coords points="1353,3408 2690,3252 2946,3325 2960,3169 1699,3285 1586,3202 1367,3242"/>
                <Baseline points="1370,3363 1393,3360 1438,3354 1483,3351 1528,3345 1572,3342 1617,3342 1662,3337 1707,3334 1752,3328 1796,3325 1841,3322 1886,3316 1931,3313 1975,3307 2020,3304 2065,3301 2110,3295 2155,3292 2199,3286 2244,3286 2289,3280 2334,3277 2378,3274 2423,3271 2468,3268 2513,3265 2557,3259 2602,3256 2647,3253 2692,3250 2737,3244 2781,3244 2826,3241 2871,3238 2916,3241 2960,3238"/>
                <TextEquiv>
                    <Unicode>Aber keiner kümmerte sich um mich,</Unicode>
                </TextEquiv>
            </TextLine>
            <TextLine id="tr_2_tl_11" custom="readingOrder {index:10;}">
                <Coords points="1372,3536 2688,3406 3012,3486 3041,3320 2225,3391 2105,3313 1386,3368"/>
                <Baseline points="1387,3510 1429,3510 1474,3504 1519,3501 1564,3495 1608,3492 1653,3489 1698,3483 1743,3483 1787,3480 1832,3474 1877,3471 1922,3465 1966,3462 2011,3459 2056,3456 2101,3456 2146,3453 2190,3447 2235,3444 2280,3441 2325,3435 2369,3429 2414,3423 2459,3420 2504,3417 2549,3417 2593,3414 2638,3408 2683,3405 2728,3399 2772,3393 2817,3390 2862,3387 2907,3384 2951,3378 2996,3375 3041,3375"/>
                <TextEquiv>
                    <Unicode>überall vom Krieg die Rede. Ich kam</Unicode>
                </TextEquiv>
            </TextLine>
        </TextRegion>
    </Page>
</PcGts>
