3448 4040
2490 652 2674 772 172
1421 840 2908 1028 ihnen was gegeben - - man weiss
1447 1041 2967 1202 ja nie bei den jungn Leuten. Ich
1439 1152 2980 1355 denk' mir oft, ob nicht das Jung¬
1454 1342 2906 1517 sein überhaupt so eine Art von
1449 1517 2145 1644 Krankheit ist.
1224 1581 2901 1843 Der Arzt : Dann hätte man wol nicht
1482 1727 2995 1972 viel Grund, sich aufs Gesundwer-
1476 1920 2875 2116 den zu freuen. - Nun, und wie
1489 2064 2829 2280 geht's eigentlich der Marie?
1264 2195 3024 2427 Die Tante: Sie ist meistens sehr ru-
1504 2346 3054 2560 hig... gefasst, könnt' man sagen.
1506 2523 3072 2724 Und sehr viel geht sie spazieren,
1530 2637 3076 2881 und immer allein. So mit den Leu-
1533 2840 3013 3024 ten, wenn sie wen begegnet oder
1546 2962 2982 3194 wenn wer zu uns kommt, da redt
1568 3069 3102 3332 sie mit ihnen und ist freundlich
1583 3273 2969 3515 und lacht sogar; nur wenn sie
1587 3417 3096 3651 abends da sitzt und hinausschaut
