<?xml version="1.0" encoding="UTF-8" standalone="yes"?>
<PcGts xmlns="http://schema.primaresearch.org/PAGE/gts/pagecontent/2013-07-15" xmlns:xsi="http://www.w3.org/2001/XMLSchema-instance" xsi:schemaLocation="http://schema.primaresearch.org/PAGE/gts/pagecontent/2013-07-15 http://schema.primaresearch.org/PAGE/gts/pagecontent/2013-07-15/pagecontent.xsd">
    <Metadata>
        <Creator>prov=READ-COOP:name=TrHtr:version=2.1.0:model_id=51170:date=29_07_2023_10:58</Creator>
        <Created>2023-05-10T12:30:29.401+02:00</Created>
        <LastChange>2023-07-29T10:58:37.875+02:00</LastChange>
        <TranskribusMetadata docId="1428203" pageId="55404357" pageNr="201" tsid="131408426" status="IN_PROGRESS" userId="64420" imgUrl="https://files.transkribus.eu/Get?id=THCJBRHXVIQWDPCNIEJHDSFT&amp;fileType=view" xmlUrl="https://files.transkribus.eu/Get?id=TCVTWJBAWWTZIMPSFZANDBQG" imageId="44679092"/>
    </Metadata>
    <Page imageFilename="1428203_0201.jpg" imageWidth="3320" imageHeight="3992">
        <ReadingOrder>
            <OrderedGroup id="ro_1711796105044" caption="Regions reading order">
                <RegionRefIndexed index="0" regionRef="tr_1"/>
                <RegionRefIndexed index="1" regionRef="tr_2"/>
            </OrderedGroup>
        </ReadingOrder>
        <TextRegion id="tr_1" custom="readingOrder {index:0;}">
            <Coords points="1044,463 2971,463 2971,1627 1044,1627"/>
            <TextLine id="tr_1_tl_1" custom="readingOrder {index:0;}">
                <Coords points="2776,547 2817,545 2834,525 2844,533 2856,528 2897,540 2914,533 2943,535 2938,441 2906,441 2878,458 2865,455 2846,463 2832,448 2808,455 2793,443 2772,451"/>
                <Baseline points="2786,513 2831,516 2876,519 2920,519 2944,522"/>
                <TextEquiv>
                    <Unicode>170</Unicode>
                </TextEquiv>
            </TextLine>
            <TextLine id="tr_1_tl_2" custom="readingOrder {index:1;}">
                <Coords points="1164,721 2755,692 2759,581 2374,656 2311,612 1950,643 1858,588 1745,641 1600,586 1436,653 1166,622"/>
                <Baseline points="1178,710 1196,710 1241,707 1285,707 1330,707 1375,707 1420,704 1464,701 1509,701 1554,701 1599,698 1643,701 1688,698 1733,698 1778,698 1822,698 1867,698 1912,698 1957,692 2001,692 2046,692 2091,689 2136,689 2180,689 2225,686 2270,686 2315,686 2359,686 2404,683 2449,680 2494,677 2539,677 2583,674 2628,674 2673,674 2718,671 2762,674"/>
                <TextEquiv>
                    <Unicode>es kümmert mich gar nicht. Das Un-</Unicode>
                </TextEquiv>
            </TextLine>
            <TextLine id="tr_1_tl_3" custom="readingOrder {index:2;}">
                <Coords points="1157,882 2861,844 2863,752 1463,805 1159,745"/>
                <Baseline points="1169,865 1214,862 1259,856 1303,856 1348,856 1393,856 1438,856 1482,853 1527,853 1572,850 1617,847 1661,850 1706,847 1751,847 1796,844 1840,844 1885,841 1930,841 1975,841 2019,838 2064,838 2109,838 2154,835 2198,835 2243,835 2288,832 2333,832 2377,832 2422,829 2467,829 2512,826 2556,826 2601,826 2646,820 2691,820 2735,820 2780,820 2825,817 2870,814"/>
                <TextEquiv>
                    <Unicode>glück macht schlecht - ja, Hätt' ich</Unicode>
                </TextEquiv>
            </TextLine>
            <TextLine id="tr_1_tl_4" custom="readingOrder {index:3;}">
                <Coords points="1150,1019 1415,1058 2061,986 2885,991 2935,978 2938,858 2263,959 2164,911 1152,937"/>
                <Baseline points="1163,1017 1196,1014 1241,1011 1285,1008 1330,1008 1375,1005 1420,1005 1464,1002 1509,1002 1554,1002 1599,999 1643,999 1688,996 1733,993 1778,993 1822,993 1867,990 1912,990 1957,990 2001,987 2046,987 2091,987 2136,987 2180,987 2225,987 2270,987 2315,984 2359,981 2404,978 2449,978 2494,975 2539,975 2583,972 2628,972 2673,969 2718,969 2762,966 2807,963 2852,960 2897,963 2941,960"/>
                <TextEquiv>
                    <Unicode>nur die Eine wieder da... die Fine für</Unicode>
                </TextEquiv>
            </TextLine>
            <TextLine id="tr_1_tl_5" custom="readingOrder {index:4;}">
                <Coords points="1169,1181 2774,1154 2868,1133 2870,1053 1171,1113"/>
                <Baseline points="1184,1163 1217,1160 1262,1160 1306,1160 1351,1157 1396,1154 1441,1154 1485,1154 1530,1154 1575,1151 1620,1151 1664,1151 1709,1151 1754,1151 1799,1148 1843,1148 1888,1145 1933,1145 1978,1142 2022,1139 2067,1136 2112,1133 2157,1133 2201,1133 2246,1133 2291,1130 2336,1130 2380,1130 2425,1127 2470,1127 2515,1127 2559,1127 2604,1124 2649,1124 2694,1121 2738,1118 2783,1118 2828,1115 2873,1112"/>
                <TextEquiv>
                    <Unicode>eine Stund’... für die letzte...  für</Unicode>
                </TextEquiv>
            </TextLine>
            <TextLine id="tr_1_tl_6" custom="readingOrder {index:5;}">
                <Coords points="1164,1333 2434,1280 2605,1383 2902,1379 2906,1215 1166,1244"/>
                <Baseline points="1178,1315 1211,1312 1256,1312 1300,1309 1345,1306 1390,1303 1435,1303 1479,1303 1524,1303 1569,1303 1614,1300 1658,1300 1703,1303 1748,1297 1793,1297 1837,1297 1882,1297 1927,1291 1972,1291 2016,1288 2061,1288 2106,1285 2151,1285 2195,1282 2240,1279 2285,1279 2330,1276 2374,1276 2419,1273 2464,1270 2509,1273 2553,1270 2598,1270 2643,1270 2688,1270 2732,1268 2777,1265 2822,1262 2867,1259 2911,1256"/>
                <TextEquiv>
                    <Unicode>ihre letzte, könnten noch Hunderttau-</Unicode>
                </TextEquiv>
            </TextLine>
            <TextLine id="tr_1_tl_7" custom="readingOrder {index:6;}">
                <Coords points="1174,1468 1417,1497 1670,1456 1805,1480 2029,1439 2150,1456 2186,1446 2188,1381 1176,1405"/>
                <Baseline points="1190,1458 1208,1458 1253,1458 1297,1458 1342,1458 1387,1458 1432,1455 1476,1455 1521,1452 1566,1452 1611,1452 1655,1450 1700,1447 1745,1447 1790,1441 1834,1441 1879,1441 1924,1438 1969,1438 2013,1435 2058,1429 2103,1426 2148,1423 2192,1423"/>
                <TextEquiv>
                    <Unicode>send meinethalben –</Unicode>
                </TextEquiv>
            </TextLine>
            <TextLine id="tr_1_tl_8" custom="readingOrder {index:7;}">
                <Coords points="1029,1648 2911,1581 2969,1436 2772,1391 2227,1439 1979,1552 1034,1550"/>
                <Baseline points="1044,1614 1088,1614 1133,1617 1178,1617 1223,1614 1253,1614 1285,1611 1315,1611 1360,1614 1405,1608 1450,1608 1494,1608 1539,1602 1584,1605 1629,1602 1673,1599 1718,1596 1763,1593 1808,1593 1852,1593 1897,1590 1942,1590 1987,1590 2031,1587 2076,1587 2121,1581 2166,1581 2210,1581 2255,1578 2300,1575 2345,1575 2389,1572 2434,1572 2479,1569 2524,1569 2568,1569 2613,1566 2658,1566 2703,1563 2747,1560 2792,1560 2837,1557 2882,1554 2926,1554 2971,1554"/>
                <TextEquiv>
                    <Unicode>Adj: Ich will doch einmal selbst auf den</Unicode>
                </TextEquiv>
            </TextLine>
        </TextRegion>
        <TextRegion id="tr_2" custom="readingOrder {index:1;}">
            <Coords points="1068,1653 3079,1653 3079,3285 1068,3285"/>
            <TextLine id="tr_2_tl_1" custom="readingOrder {index:0;}">
                <Coords points="1176,1767 2704,1716 3020,1759 3025,1610 1178,1706"/>
                <Baseline points="1190,1766 1235,1763 1279,1763 1324,1760 1369,1760 1414,1760 1458,1754 1503,1754 1548,1751 1593,1751 1637,1751 1682,1751 1727,1748 1772,1748 1816,1745 1861,1742 1906,1739 1951,1739 1996,1739 2040,1742 2085,1739 2130,1736 2175,1733 2219,1733 2264,1730 2309,1730 2354,1727 2398,1727 2443,1724 2488,1721 2533,1721 2577,1718 2622,1718 2667,1715 2712,1712 2756,1712 2801,1709 2846,1706 2891,1706 2935,1703 2980,1703 3025,1703"/>
                <TextEquiv>
                    <Unicode>Markt und erfahren, was sich eigentlich</Unicode>
                </TextEquiv>
            </TextLine>
            <TextLine id="tr_2_tl_2" custom="readingOrder {index:1;}">
                <Coords points="1186,1947 1253,1957 1294,1926 1374,1959 1516,1926 1598,1945 1680,1904 1817,1906 1846,1928 1911,1916 1914,1863 1798,1827 1682,1861 1429,1836 1395,1863 1188,1865"/>
                <Baseline points="1199,1918 1202,1915 1247,1915 1291,1915 1336,1912 1381,1909 1426,1909 1470,1906 1515,1906 1560,1903 1605,1900 1649,1900 1694,1900 1739,1897 1784,1894 1828,1894 1873,1897 1918,1897"/>
                <TextEquiv>
                    <Unicode>zugetragen hat.</Unicode>
                </TextEquiv>
            </TextLine>
            <TextLine id="tr_2_tl_3" custom="readingOrder {index:2;}">
                <Coords points="1053,2087 2738,2046 2844,2017 2849,1887 1728,1906 1058,2008"/>
                <Baseline points="1068,2073 1103,2070 1148,2070 1193,2067 1238,2067 1282,2067 1327,2067 1372,2064 1417,2058 1461,2058 1506,2058 1551,2055 1596,2055 1640,2052 1685,2049 1730,2049 1775,2046 1819,2046 1864,2046 1909,2043 1954,2046 1998,2043 2043,2040 2088,2037 2133,2034 2177,2034 2222,2031 2267,2028 2312,2028 2357,2028 2401,2025 2446,2022 2491,2022 2536,2022 2580,2022 2625,2019 2670,2016 2715,2013 2759,2007 2804,2004 2849,2001"/>
                <TextEquiv>
                    <Unicode>Tante: Sie bleiben noch bei mir, Herr</Unicode>
                </TextEquiv>
            </TextLine>
            <TextLine id="tr_2_tl_4" custom="readingOrder {index:3;}">
                <Coords points="1198,2227 1251,2246 1350,2232 1427,2273 1477,2251 1542,2261 1545,2121 1506,2126 1453,2087 1400,2102 1371,2073 1333,2082 1270,2130 1198,2133"/>
                <Baseline points="1211,2210 1238,2210 1282,2213 1327,2213 1372,2213 1417,2213 1461,2210 1506,2207 1551,2204"/>
                <TextEquiv>
                    <Unicode>Dokt or?</Unicode>
                </TextEquiv>
            </TextLine>
            <TextLine id="tr_2_tl_5" custom="readingOrder {index:4;}">
                <Coords points="1056,2391 1186,2410 1338,2369 1554,2391 1557,2249 1506,2263 1480,2251 1451,2277 1321,2244 1234,2304 1178,2290 1106,2316 1058,2304"/>
                <Baseline points="1068,2377 1112,2377 1157,2377 1202,2374 1247,2374 1291,2371 1336,2371 1381,2368 1426,2365 1470,2368 1515,2368 1560,2371"/>
                <TextEquiv>
                    <Unicode>Arzt: Ja.</Unicode>
                </TextEquiv>
            </TextLine>
            <TextLine id="tr_2_tl_6" custom="readingOrder {index:5;}">
                <Coords points="1058,2543 2844,2497 2851,2330 1063,2398"/>
                <Baseline points="1071,2533 1106,2530 1151,2530 1196,2533 1241,2530 1285,2530 1330,2524 1375,2521 1420,2518 1464,2515 1509,2515 1554,2515 1599,2512 1643,2509 1688,2509 1733,2503 1778,2503 1822,2500 1867,2497 1912,2494 1957,2494 2001,2494 2046,2491 2091,2491 2136,2491 2180,2491 2225,2485 2270,2485 2315,2482 2359,2482 2404,2479 2449,2476 2494,2476 2539,2473 2583,2470 2628,2467 2673,2467 2718,2467 2762,2464 2807,2464 2852,2464"/>
                <TextEquiv>
                    <Unicode>Adj: Wenn Sie erlauben, Frau Richter,</Unicode>
                </TextEquiv>
            </TextLine>
            <TextLine id="tr_2_tl_7" custom="readingOrder {index:6;}">
                <Coords points="1212,2694 2690,2615 2856,2649 2863,2490 2581,2494 2449,2586 1906,2504 1711,2562 1217,2562"/>
                <Baseline points="1226,2673 1253,2676 1297,2676 1342,2673 1387,2673 1432,2670 1476,2667 1521,2664 1566,2664 1611,2661 1655,2661 1700,2661 1745,2658 1790,2658 1834,2652 1879,2649 1924,2646 1969,2646 2013,2643 2058,2643 2103,2640 2148,2640 2192,2640 2237,2637 2282,2634 2327,2634 2371,2634 2416,2628 2461,2628 2506,2625 2550,2622 2595,2619 2640,2616 2685,2616 2729,2613 2774,2613 2819,2613 2864,2610"/>
                <TextEquiv>
                    <Unicode>so hol' ich den Doktor von hier ab;</Unicode>
                </TextEquiv>
            </TextLine>
            <TextLine id="tr_2_tl_8" custom="readingOrder {index:7;}">
                <Coords points="1222,2853 2988,2788 2996,2637 2781,2651 2658,2731 2352,2735 2123,2649 1583,2750 1509,2704 1227,2731"/>
                <Baseline points="1235,2831 1253,2831 1297,2831 1342,2828 1387,2828 1432,2828 1476,2825 1521,2819 1566,2819 1611,2813 1655,2813 1700,2813 1745,2810 1790,2804 1834,2804 1879,2801 1924,2801 1969,2798 2013,2795 2058,2795 2103,2792 2148,2792 2192,2789 2237,2786 2282,2783 2327,2783 2371,2780 2416,2777 2461,2774 2506,2774 2550,2771 2595,2768 2640,2765 2685,2762 2729,2762 2774,2759 2819,2759 2864,2756 2908,2753 2953,2753 2998,2753"/>
                <TextEquiv>
                    <Unicode>wir können gleich von hier aus weiter.</Unicode>
                </TextEquiv>
            </TextLine>
            <TextLine id="tr_2_tl_9" custom="readingOrder {index:8;}">
                <Coords points="1224,2988 2919,2933 2926,2798 2661,2769 2456,2839 1942,2827 1752,2885 1617,2837 1232,2861"/>
                <Baseline points="1241,2971 1270,2974 1315,2974 1360,2974 1405,2974 1450,2971 1494,2971 1539,2968 1584,2968 1629,2968 1673,2965 1718,2962 1763,2959 1808,2956 1852,2953 1897,2950 1942,2947 1987,2947 2031,2944 2076,2941 2121,2941 2166,2941 2210,2935 2255,2935 2300,2932 2345,2929 2389,2929 2434,2929 2479,2926 2524,2923 2568,2920 2613,2917 2658,2914 2703,2914 2747,2911 2792,2908 2837,2908 2882,2903 2926,2903"/>
                <TextEquiv>
                    <Unicode>sehen Sie, dort über den Hügel führt</Unicode>
                </TextEquiv>
            </TextLine>
            <TextLine id="tr_2_tl_10" custom="readingOrder {index:9;}">
                <Coords points="1236,3152 3053,3090 3078,2935 1244,3010"/>
                <Baseline points="1250,3132 1288,3132 1333,3129 1378,3126 1423,3123 1467,3123 1512,3120 1557,3120 1602,3120 1646,3117 1691,3117 1736,3114 1781,3111 1825,3108 1870,3105 1915,3102 1960,3099 2004,3096 2049,3096 2094,3093 2139,3093 2183,3090 2228,3087 2273,3087 2318,3084 2362,3082 2407,3079 2452,3076 2497,3073 2541,3073 2586,3070 2631,3067 2676,3070 2721,3067 2765,3064 2810,3061 2855,3058 2900,3058 2944,3055 2989,3055 3034,3052 3079,3046"/>
                <TextEquiv>
                    <Unicode>unser Weg. Wir brauchen nur quer durch</Unicode>
                </TextEquiv>
            </TextLine>
            <TextLine id="tr_2_tl_11" custom="readingOrder {index:10;}">
                <Coords points="1248,3331 1523,3280 1677,3323 1793,3268 1947,3299 2041,3254 2215,3251 2220,3140 1889,3119 1738,3179 1533,3147 1256,3181"/>
                <Baseline points="1265,3269 1279,3275 1324,3275 1369,3275 1414,3275 1458,3275 1503,3275 1548,3275 1593,3275 1637,3269 1682,3266 1727,3264 1772,3266 1816,3266 1861,3264 1906,3258 1951,3255 1996,3252 2040,3252 2085,3249 2130,3246 2175,3243 2219,3243"/>
                <TextEquiv>
                    <Unicode>Geld zu gehn. :ab:</Unicode>
                </TextEquiv>
            </TextLine>
        </TextRegion>
    </Page>
</PcGts>
