3496 4040
2668 349 2869 548 195
1224 643 2268 868 DER ARZT: 1: steht auf:
1239 782 2909 985 MARIE: Sie gehen schon? Sie warten
1480 903 2832 1146 nicht mehr, bis die Tante zu-
1498 1144 1990 1310 riic kkommt?
1283 1237 2905 1493 DER ARZT: Nein. Und ich nehme nun
1524 1407 2432 1610 Abschied von Ihnen.
1297 1544 2971 1789 MARIE: Bleiben Sie denn nicht eine
1539 1681 3024 1917 Zeitlang hier? Fahren Sie schon
1557 1871 2383 2061 nach Wien zurück?
1345 1995 3035 2207 DER ARZT: Nein. Ich bin auf Urlaub.
1575 2149 2922 2368 Ich mache eine Fusswanderung
1581 2299 3141 2538 über'a Gebirge mit dem Adjunkten.
1380 2469 2849 2721 MARIE: Sie gehen mit ihm fort!
1407 2586 3189 2858 DER ARZT: Ja. Erinnern Sie sich nicht
1652 2752 3077 2988 des Tags, an dem wir das erste
1650 2871 3181 3150 Mal davon sprachen? Sie waren ja
1679 3044 3205 3293 dabei. - Ich begleite ihn an sei-
1683 3265 2527 3466 nen neuen Wehnort.
