3368 4056
928 442 2726 648 M: schleppt ihn sehr angestrengt, aber
1082 621 2927 807 dem deutlichen Willen, so rasch wie mög-
1072 762 2711 983 lieh wieder zum Fenster zu kommen:
956 891 2875 1147 V: Tut's weh?... Armes Kind!... Nein, sie
1087 1050 2775 1298 klagt nicht! :Am Fenster:   Manche
1100 1221 2917 1460 von denen - alle vielleicht, wer weiss?
1172 1415 2934 1673 :Er sinkt auf den Sessel, der neben
1112 1554 1998 1770 dem Fenster steht:
966 1606 2969 1926 M: Sind's?... Ich weiss nicht, Vater, was
1130 1810 2909 2075 sind das für Farben?... Ist es dunkel-
1142 1984 2214 2219 blau... oder schwarz...
1065 2073 2813 2371 V: Hast du se schlechte Augen?... Die
1149 2257 2932 2512 schwarzen Dragener sind’s.... 0, meine
1147 2401 2959 2679 Tochter fragt!... Gefallen sie dir?...
1169 2540 2909 2833 Schöne Jungen, nicht wahrt... Stramme
1177 2726 2892 2991 Jungen!... Ei, wird der Adjunkt sich
1199 2855 2892 3143 freuen, dass du dich darum künmerst!
1112 3001 2788 3339 M: Du weisst, dass der Adjunkt seit
1229 3207 2227 3448 nachten nicht da war.
1154 3346 2458 3657 V: Gieb Acht, du stürzst ja
2008 3480 2423 3672 räume hab.
1261 3595 1956 3796 Und was du für
2512 3572 2711 3719 vor
