3416 3976
1442 599 2961 848 weiss, dass es keinen giebt, der
1453 803 2961 1021 sich nicht mit Entsetzen von mir
1468 970 2946 1186 abwenden würde, wenn er von mir
1442 1101 2941 1290 hörte, was ich getan und was in
1462 1259 2995 1475 erlebt habe. Ich werde auch wenn
1464 1428 3053 1593 ich nicht wollte - ich müsste
1471 1586 2365 1789 allein bleiben...
1253 1695 3044 1916 DER ARZT: Dann wissen Sie auch, Marie,
1480 1893 2955 2065 dass Ihr Schweigen etwas Andres
1477 2027 2926 2265 bedeuten könnte, als die Kraft,
1489 2183 2941 2390 einsam zu sein... nämlich: die
1500 2367 2719 2536 Angst, einsam zu werden...
1268 2501 2839 2717 MARIE: Die Angst.. es zu verden.
1277 2648 2970 2864 DER ARZT: Nahmen Sie den Fall Ja.
1511 2804 3022 3004 Venn Sie eben schwiegen, um irg-
1513 2982 3044 3175 gendwen... nicht zu verlieren...
1511 3106 3099 3329 der das Gefühl des Alleinseins von
1540 3260 3004 3498 Ihnen genommen hat.. ohne Ihnen
