3400 3912
2662 238 2810 404 222
2296 440 2418 577 2°
1845 413 2066 588 S 2
1514 638 2877 836 DIE VORIGEN. DER ARZT heraus.
1182 855 2203 1062 MARIE: Was giebt es?
1192 1049 2279 1192 DER ARZT: Sie schläft.
1194 1190 2709 1331 MARIE: Verlassen Sie uns nicht!
1207 1356 2898 1479 DER ARZT: Nein, gewiss nicht.- Aber
1441 1491 2959 1668 Sie, Herr Adjunkt, Sie müssen ge-
1432 1651 2907 1862 hen, Sie sollen nicht hier blei¬
1439 1788 1660 1961 ben.
1217 1929 2188 2117 DER ADJUKT: Ich -
1228 2039 2919 2258 DER ARZT: Ich bitte Sie, tun Sie es
1443 2233 2869 2405 um der Mutter willen. Sie will
1458 2447 2869 2557 Sie nicht sehn, sie hauft alle
1466 2593 2923 2751 Schuld auf Sie. Alte Frauen und
1462 2713 3060 2919 Andere sind nun einmal se. Vandem
1517 2890 2959 3088 Sie mir voraus, in ein paar Ta-
1479 3044 3031 3214 gen hol' ich Sie ein. Es wird gut
1481 3197 3041 3338 für Sie sein, wenn Sie eine Weile
1481 3357 2475 3536 mit sich allein sind.
