3448 4024
2634 474 2824 626 158
1114 707 2833 937 ihm angesehn im vorigen Jahr, wie er
1136 856 2938 1080 da gewohnt hat und immer so dagesessen
1143 1053 2762 1230 ist auf dem langen Sessel, den Sie
1161 1179 2777 1400 extra gekauft haben für ihn,... da
1149 1346 2923 1568 unterm Nussbaum,- wenn wir so vorüber¬
1176 1496 2871 1715 gegangen sind, die Walpurga und ich,
1185 1659 2883 1870 da hab' ich zur Walpurga oft gesagt:
1205 1807 2820 2010 "Den Winter überlebt der alte Herr
1199 1954 2831 2169 nicht... Und wenn er wieder gesund
2811 2019 2972 2124 B. P.
1217 2115 2932 2323 wird", hab' ich zur Walpurga gesagt,
1275 2285 3037 2505 den bringt der Zorn um.“ So hat er die
1234 2440 3010 2643 Leut' immer angeschaut, die vorüberge-
1252 2590 2981 2798 gangen sind... man hat sich ja kaum
1261 2744 2947 2954 getraut, ihn zu grüssen. - Kann man
1275 2894 3046 3099 denn dem Früul'n Marie auch gleich ei-
1286 3082 2386 3263 nen guten Morgen sagen!
1058 3231 2317 3426 DIE TANTE: Sie ist schon
2435 3328 2974 3509 in der Kir
2259 3372 2373 3540 —
1069 3390 2160 3600 DIE NACHBARIN:  rasoh:
