3432 3976
2758 427 2935 611 171
1473 649 3001 858 gar viel, aber nicht Alle halten
1489 799 3005 1046 ihr Wort. Wären Sie damals nicht
1478 981 3078 1178 gewesen.... Wir haben Ihnen beide
1491 1121 3067 1323 viel zu danken, die Marie und ich
1255 1280 3001 1482 DER ARZT: Was giebt's da zu danken?
1510 1412 3021 1643 Wir können nichts wiederbringen,
1510 1582 3117 1784 nicht die Toten und manchmal nicht
1535 1750 2572 1957 einmal die Lebendigen.
1289 1861 3119 2097 DE TANTE: : sieht in die Ferne:
1537 2097 2533 2279 sie noch nicht kommt!
1310 2220 2640 2406 DER ARZT: Es tut ja nichts.
1303 2345 3130 2590 DE TANTB: Es wird ihr sicher so leid
1564 2492 3078 2740 tun... wenn man denkt, dass Sie
1564 2672 3119 2853 extra aus der Stadt herauskommen.
1339 2828 3058 3062 DER ARET: Ioh komm' ja nicht nur zu
1582 2962 3137 3180 Ihnen und der Marie, ich komm' ja
1614 3135 2506 3335 auch zum Adjunkten.
1357 3260 2951 3514 DIE TANTE: Vieso dem? Fehlt ihm
