3432 3960
2721 494 2888 603 226
1188 744 2875 932 Der Adj : Und diese war jung, - und
1449 868 2772 1082 die hab' ich einmal geliebt,
1449 996 2995 1238 und das hab' ich aus ihr gemacht!
1276 1182 2886 1394 Der Arzt: Nicht Sie haben das aus
1464 1323 2935 1550 ihr gemacht. Ein Mensch ist nie
1473 1458 2898 1716 das Schicksal eines andern. Er
1488 1616 3012 1834 ist immer nur das Mittel, dessen
1496 1787 2967 2003 sich das Schicksal bedient. Sie
1513 1894 2928 2148 waren zur Hand, das ist alles.
1556 2061 3001 2296 Nun gehen Sie. Ich folge Ihnen
1524 2308 1798 2462 bald.
1306 2345 3005 2631 Der Adj: Leben Sie wohl. Pause:
1548 2556 2614 2785 Leben Sie wohl, Marie.
1332 2633 3057 2952 Marie: Leben Sie glücklich, Herr Ad-
1590 2939 1883 3108 junzt.
1370 2918 3031 3243 Der Adj: Auch Sie, Marie: :Reicht
1618 3161 2279 3373 ihr die Hand:
1394 3341 2208 3593 Marie: :zögert:
