3448 3976
1468 603 3030 828 mir scheint, Sie wissen nicht, das
1460 821 2788 1012 der Mann, von dem Sie reden,
1475 926 3077 1146 längst unabhängig von mir ist, und
1486 1090 3064 1304 wissen nicht, warum er es wurde? -
1484 1264 2957 1453 An jenem Abend, da Sie mich ins
1502 1413 3026 1604 Leben trieben, ohne zu wissen wo-
1489 1564 2997 1751 hin, hab' ich ihm all meine Min-
1500 1715 3082 1925 sche gestanden. Und schon vor die
1509 1876 2986 2085 sen hat ihn so gegraut, dass er
1520 2007 3077 2238 seither meine Nähe flieht. Sie se-
1509 2174 3097 2394 hen wohl, dass sein Schicksal mit
1529 2296 3004 2543 dem meinen nicht mehr verknüpft
1526 2525 1751 2694 ist.
1326 2650 3115 2861 DER ARZT: Wieviel Sehnucht und wie-
1544 2810 3002 3006 viel Zärtlichkeit selbst dieses
1544 2957 3019 3151 Fliehen verbergen oder verraten
1549 3066 3073 3302 mag, das können Sie nicht ahnen.
1553 3266 2888 3471 Gewiss aber ist eins: dass er
